4062 6396
155 368 268 424 283

157 484 334 549 ξασθε
382 483 510 554 χθὲς
536 483 660 546 τοὺς
691 483 816 554 περὶ
854 483 952 551 τῆς
999 482 1162 553 εὐχῆς
1202 482 1413 552 λόγους,
1442 483 1534 536 καλ⁵
1575 483 1657 536 ὅτι
1703 479 1843 550 μετά

154 571 434 642 τοσαύτης
505 570 742 640 σπουδῆς
817 570 1138 642 συντρέχετε
1208 573 1338 643 περὶ
1397 572 1497 642 τὴν
1555 571 1840 642 ἀκρόασιν.

157 660 336 712 Τοῦτο
367 659 478 728 γάρ
506 660 600 713 καὶ
630 661 778 728 ἡμᾶς
825 660 1265 731 προθυμοτέρους
1310 659 1682 732 ἀπεργάζεται
1703 701 1719 724 ,
1749 659 1844 711 καὶ

157 747 978 820 παρασκευάζειδαψιλεστέραν
1005 750 1134 819 ὑμῖν
1162 749 1518 820 παρατιθέναι
1536 747 1635 818 τὴν
1663 746 1844 800 ἐστία⁶

158 853 244 888 σιν
263 835 476 906 ταύτην
509 835 610 907 τὴν
635 837 1030 906 πνευματικήν.
1073 837 1224 888 Ἐπεὶ
1263 837 1356 890 καὶ
1395 836 1652 906 γηπόνος,
1689 837 1842 888 ἐπει-

155 921 256 974 δὰν
285 921 376 994 ῐδῃ
399 922 500 994 τὴν
531 922 774 994 ἄρουραν
819 924 914 977 καὶ
941 924 1010 976 τά
1044 925 1492 996 καταϐαλλόμενα
1545 926 1842 996 σπέρματα

155 1009 536 1064 πολλαπλάσια
549 1009 918 1072 δεικνύουσαν,
941 1013 1034 1066 καὶ
1049 1013 1304 1082 κομῶντα
1319 1013 1388 1065 τά
1412 1013 1556 1083 λήῐα,
1579 1014 1642 1066 οὐ
1667 1015 1842 1067 παύε-

155 1115 244 1148 ται
281 1096 357 1149 τὰ
394 1099 524 1167 παρ’
555 1097 750 1150 ἑαυτοῦ
793 1098 916 1152 καθ’
959 1100 1199 1170 ἑκάστην
1251 1099 1541 1170 εἰσφέρων,
1601 1099 1698 1154 καὶ
1739 1101 1840 1172 τὴν

155 1183 550 1250 προσήκουσαν
603 1181 922 1252 ἐπιμέλειαν
957 1183 1301 1252 ποιούμενος,
1345 1185 1440 1237 καὶ
1487 1187 1838 1256 περισκοπῶν

155 1268 248 1320 καὶ
285 1271 348 1320 ἐν
386 1268 544 1320 νυκτὶ
577 1268 670 1321 καὶ
723 1270 781 1324 ἐν
825 1269 1029 1340 ἡμέρᾳ,
1064 1272 1138 1341 μή
1170 1271 1272 1324 πού
1301 1288 1352 1324 τι
1377 1271 1682 1340 λυμήνηται
1725 1274 1840 1334 τοῖς

155 1355 342 1418 πόνοις
369 1367 395 1396 ι
429 1356 594 1410 αὐτοῦ
618 1373 630 1386 ⁸
657 1357 750 1410 τὸν
795 1357 958 1412 αὐτὸν
985 1358 1048 1428 δὴ
1077 1359 1276 1429 τρόπον
1317 1357 1473 1426 κάγὼ
1510 1359 1651 1430 ὁρῶν
1682 1359 1837 1430 ὑμῶν

151 1442 250 1512 τὴν
281 1443 527 1514 ἄρουραν
551 1443 756 1514 ταύτην
788 1447 886 1516 τὴν
920 1448 1296 1516 πνευματικὴν
1347 1446 1488 1500 οὕτω
1515 1445 1835 1508 θάλλουσαν,

153 1531 250 1582 καὶ
303 1532 398 1584 τὸν
433 1533 801 1612 πνευματικὸν
859 1531 1050 1586 τοῦτον
1084 1534 1284 1604 σπόρον
1313 1537 1424 1596 τοῖς
1451 1536 1550 1605 τῆς
1599 1534 1837 1598 διανοίας

153 1619 382 1682 κόλποις
432 1621 1007 1694 παρακατατιθέμενον
1035 1663 1060 1686 ,,
1098 1622 1235 1692 ὁμοῦ
1270 1623 1363 1676 καὶ
1413 1623 1586 1694 χαίρω
1620 1623 1714 1678 καὶ
1751 1624 1838 1676 εὐ-

155 1707 479 1778 φραίνομαι,
511 1708 604 1762 καὶ
629 1708 796 1762 πολὺν
829 1709 938 1780 ἔχω
963 1710 1054 1762 τὸν
1098 1707 1250 1781 [505]
1282 1710 1488 1778 ἀγῶνα,
1540 1709 1696 1774 εἰδὼς
1741 1710 1836 1764 τοῦ

153 1793 356 1866 ἐχθροῦ
393 1796 488 1848 καὶ
519 1795 807 1848 ἐπιϐούλου
842 1797 944 1866 τῆς
973 1798 1247 1869 σωτηρίας
1291 1799 1389 1868 τῆς
1435 1799 1708 1870 ἡμετέρας
1736 1799 1834 1870 τὴν

153 1883 448 1952 πονηρίαν,
501 1883 766 1955 Καθάπερ
815 1883 925 1954 γάρ
966 1886 1016 1937 οἱ
1058 1885 1198 1938 κατά
1244 1884 1513 1939 θάλατταν
1554 1887 1833 1958 πειραταὶ,

153 1967 378 2022 ἐπειδὰν
409 1969 561 2023 ἴδωσι
591 1969 722 2024 ναῦν
753 1970 961 2024 πολλῶν
986 1971 1220 2042 φορτίων
1253 1971 1711 2044 πεπληρωμένην,
1743 1975 1836 2028 καὶ

153 2057 390 2110 πλοῦτον
417 2057 621 2125 ἄφατον
650 2059 1016 2130 ἐπαγομένην,
1069 2059 1191 2112 τότε
1224 2059 1459 2130 μάλιστα
1493 2059 1694 2134 πολλὴν
1738 2060 1836 2134 τὴν

154 2145 453 2217 ἐπιϐουλὴν
509 2145 927 2210 ἐπιδείκνυνται,
983 2147 1122 2200 ὥστε
1157 2149 1336 2202 πάντα
1385 2145 1684 2202 καταδῦσαι
1744 2147 1836 2202 τὸν

151 2233 378 2300 φόρτον,
397 2233 490 2286 καὶ
507 2233 748 2302 γυμνοὺς
771 2235 864 2288 καὶ
888 2235 1127 2306 ἐρήμους
1155 2237 1282 2298 τοὺς
1307 2235 1644 2306 ἐμπλέοντας
1669 2253 1837 2290 κατα-

151 2317 356 2386 στῆσαι
376 2332 390 2346 ’
417 2315 560 2370 οὑτω
579 2316 642 2388 δὴ
678 2317 772 2370 καὶ
795 2319 823 2370 ὁ
847 2316 1112 2381 διάϐολος,
1136 2318 1264 2372 ὅταν
1295 2317 1379 2390 ἴδῃ
1407 2317 1574 2372 πολὺν
1605 2318 1835 2372 πλοῦτον

149 2399 496 2471 συνηγμένον
536 2401 927 2472 πνευματικὸν,
961 2402 1058 2456 καὶ
1090 2401 1401 2474 προθυμίαν
1451 2403 1701 2468 ζέουσαν,
1739 2404 1836 2458 καὶ

147 2483 392 2536 διάνοιαν
419 2483 853 2555 διεγηγερμένην
880 2525 896 2548 ,
939 2486 1031 2538 καὶ
1075 2485 1198 2539 καθ’
1229 2485 1467 2557 ἑκάστην
1499 2486 1714 2556 ἡμέραν
1742 2485 1835 2539 τὸν

149 2565 386 2618 πλοῦτον
413 2565 802 2636 αὐξανόμενον,
834 2567 1090 2622 δάκνεται
1120 2569 1214 2622 καὶ
1233 2567 1410 2640 τρίζει
1438 2568 1564 2631 τοὺς
1589 2569 1834 2634 ὀδόντας,

149 2649 244 2700 καὶ
265 2647 522 2718 καθάπερ
549 2651 814 2722 πειρατὴς
841 2649 984 2704 οὑτω
1014 2651 1364 2724 περιέρχεται
1386 2651 1583 2722 μυρίας
1603 2651 1836 2706 ἐπινοῶν

153 2731 426 2802 μηχανὰς,
461 2729 604 2784 ὥστε
639 2731 896 2804 βραχεῖάν
924 2751 1044 2787 τινα
1081 2735 1262 2805 εὑρεῖν
1303 2735 1507 2788 εἴσοδον
1532 2773 1548 2796 ,
1607 2735 1701 2788 καὶ
1735 2751 1833 2804 γυ-

151 2815 324 2884 μνοὺς
358 2815 452 2867 καὶ
483 2815 724 2886 ἐρήμους
753 2818 898 2887 ἡμᾶς
925 2817 1226 2888 ἀποφῆναι,
1261 2821 1355 2874 κα)⁸
1396 2820 1624 2892 συλῆσαι
1655 2820 1834 2874 πάντα

145 2897 242 2949 τὸν
276 2895 508 2950 πλοῦτον
537 2899 696 2968 ἡμῶν
724 2899 816 2954 τὸν
838 2902 1224 2972 πνευματικόν.
1248 2901 1348 2956 Διά
1365 2921 1449 2956 τοι
1473 2903 1630 2958 τοῦτο
1653 2905 1834 2976 νήφω-

151 2997 274 3049 μεν,
309 2979 634 3050 παρακαλῶ,
659 2983 753 3036 καὶ
774 2983 884 3052 ὅσῳ
915 2983 981 3036 ἂν
1011 2985 1079 3037 τά
1111 2987 1210 3054 τῆς
1240 2985 1557 3056 περιουσίας
1585 2988 1716 3057 ἡμῖν
1738 2985 1834 3038 αὐ-

151 3062 313 3132 ξηται
342 3066 440 3134 τῆς
469 3065 866 3136 πνευματικῆς,
899 3067 1137 3138 τοσούτῳ
1180 3069 1272 3121 καὶ
1305 3069 1370 3122 τὰ
1398 3069 1498 3140 τῆς
1526 3071 1833 3142 ἀγρυπνίας

149 3147 530 3211 ἐπιτεινέσθω,
577 3149 672 3202 καὶ
699 3150 1039 3218 πανταχόθεν
1069 3151 1502 3222 άποτειχίζωμεν
1555 3153 1703 3224 αὑτῴ
1733 3154 1831 3218 τὰς

149 3231 402 3298 ἐφόδους,
429 3231 524 3284 καὶ
553 3231 640 3284 διὰ
667 3232 767 3302 τῆς
809 3233 1039 3304 ἀρίστης
1084 3233 1360 3298 πολιτείας
1389 3234 1486 3304 τὴν
1537 3237 1686 3306 παρά
1737 3237 1830 3290 τοῦ

147 3313 289 3366 Θεοῦ
327 3312 542 3366 εὔνοιαν
569 3315 1030 3384 ἐπισπασάμενοι,
1049 3316 1366 3386 ,ἀνωτέρους
1407 3318 1636 3380 ἐαυτοὺς
1665 3337 1832 3372 κατα-

149 3399 447 3466 στήσωμεν
469 3397 580 3450 τῶν
607 3397 702 3452 τοῦ
737 3398 984 3452 διαϐόλου
1007 3397 1196 3466 βελῶν.
1229 3399 1472 3468 Πονηρδν
1496 3399 1606 3470 γάρ
1629 3402 1744 3456 ἐστι
1771 3404 1832 3457 τὸ

145 3479 364 3549 θηρίον,
396 3479 492 3532 καὶ
520 3479 894 3545 πολυπλόκους
917 3481 1029 3552 ἔχει
1059 3481 1158 3545 τάς
1187 3483 1431 3552 μηχανάς
1451 3500 1464 3512 ·
1489 3485 1584 3536 καὶ
1609 3485 1831 3540 ἐπειδὰν

149 3563 228 3630 μὴ
257 3563 464 3634 δυνηθῇ
489 3563 550 3628 ἐξ
580 3563 796 3627 εὐθείας
821 3565 959 3634 πρὸς
987 3565 1088 3636 τὴν
1117 3566 1315 3618 κακίαν
1341 3567 1490 3636 ἡμᾶς
1533 3568 1828 3638 ὑποσῦραι,

145 3647 244 3700 καὶ
275 3647 364 3699 διὰ
417 3649 516 3718 τῆς
551 3649 768 3720 ἀπάτης
797 3649 1052 3703 δελεάσαι
1072 3667 1085 3679 ·
1119 3651 1238 3703 οὐδὲ
1269 3651 1377 3718 γάρ
1407 3650 1672 3720 βιάζεται,
1709 3654 1830 3706 οὐδὲ

145 3729 477 3797 ἀναγκάζει,
519 3733 594 3802 μὴ
629 3733 858 3800 γένοιτο,
884 3733 999 3786 ἀλλ’
1035 3735 1220 3804 ἀπατᾷ
1259 3735 1440 3806 μόνον,
1473 3737 1569 3788 καὶ
1609 3737 1829 3790 ἐπειδὰν

145 3814 236 3883 ῐδῃ
263 3813 663 3884 ρᾳθυμοῦντας,
696 3816 1076 3880 ὑποσκελίζει·
1115 3819 1244 3870 ὅταν
1293 3813 1386 3870 οὖν
1440 3815 1514 3888 μὴ
1545 3817 1612 3870 δι’
1661 3818 1830 3888 αὐτῆς

143 3897 246 3966 τῆς
279 3899 482 3962 κακίας
509 3900 802 3969 προφανῶς
827 3901 1028 3972 δυνηθῇ
1062 3905 1126 3971 τῇ
1159 3901 1406 3973 ἡμετέρα
1459 3903 1704 3974 σωτηρίᾳ
1735 3903 1826 3955 λυ-

147 3979 450 4050 μήνασθαι,
501 3981 764 4046 πολλάκις
791 3985 858 4038 δι’
887 3983 1066 4038 αὐτῶν
1105 3987 1210 4036 τῶν
1247 3985 1347 4055 τῆς
1395 3985 1596 4054 ἀρετῆς
1628 3985 1826 4056 ἔργων,

141 4061 224 4116 ὧν
251 4065 554 4134 μετίωμεν,
585 4067 646 4118 τὸ
678 4067 876 4140 δέλεαρ
903 4067 1156 4139 ἐμϐαλὼν
1207 4069 1579 4132 λανθανόντως
1611 4068 1828 4122 ἅπαντα

141 4151 240 4204 τὸν
271 4151 501 4206 πλοῦτον
532 4155 813 4209 κατέδυσε.

219 4240 288 4293 Τί
317 4236 412 4294 οὗν
435 4241 604 4306 ἐστιν,
629 4243 658 4294 ὅ
683 4259 756 4312 φη
766 4260 856 4312 μι;
881 4243 1174 4310 ἀναγκαῖον
1199 4244 1306 4315 γὰρ
1329 4245 1460 4298 αὐτὸ
1491 4247 1829 4318 σαφέστερον

141 4326 347 4384 εἰπεῖν,
380 4324 468 4376 ἵνα
497 4323 838 4394 διδαχθέντες
855 4325 1024 4378 αὐτοῦ
1071 4326 1171 4388 τὰς
1203 4326 1518 4392 ἐπιϐουλὰς,
1549 4329 1828 4399 διαφύγω-

145 4423 250 4476 μεν
275 4407 380 4476 τὴν
409 4407 658 4461 ἐντεῦθεν
695 4407 918 4478 βλάϐην.
949 4409 1118 4461 Ὅταν
1167 4409 1250 4480 ἴδῃ
1283 4409 1360 4480 μὴ
1411 4411 1650 4474 εὐκόλως
1675 4414 1824 4483 ἡμᾶς

141 4493 620 4561 καταδεχομένους
669 4494 882 4564 γυμνὴν
933 4493 1032 4562 τὴν
1071 4491 1290 4556 κακίαν,
1332 4493 1470 4546 ἀλλά
1527 4495 1825 4564 φεύγοντας

145 4577 250 4644 μὲν
281 4575 384 4642 τὴν
421 4575 730 4642 ἀσέλγειαν,
761 4575 860 4646 τὴν
907 4574 966 4628 δὲ
997 4573 1351 4646 σωφροσύνην
1385 4577 1822 4648 ἀσπαζομένους,

145 4659 244 4710 καὶ
277 4657 444 4710 πάλιν
460 4659 560 4728 τὴν
589 4657 902 4723 πλεονεξίαν
919 4658 1456 4728 ἀποστρεφομένους,
1481 4661 1575 4714 καὶ
1607 4661 1825 4730 μισοῦν-

140 4756 244 4802 τας
279 4740 383 4809 τὴν
421 4739 656 4806 ἀδικίαν,
715 4739 808 4793 καὶ
845 4739 945 4810 τῆς
974 4739 1189 4810 τρυφῆς
1237 4741 1672 4808 καταγελῶντας,
1729 4744 1824 4795 καὶ¹

141 4821 429 4890 νηστείαις
453 4822 547 4876 καὶ
565 4825 895 4893 προσευχαῖς
925 4823 1148 4884 ἑαυτοὺς
1174 4823 1560 4887 ἐκδεδωκότας,
1585 4825 1679 4878 καὶ
1695 4827 1824 4896 περὶ

139 4905 244 4972 τὴν
278 4903 654 4975 ἐλεημοσύνην
703 4905 1138 4967 ἐσπουδακότας·
1173 4906 1292 4958 τότε
1326 4905 1509 4960 λοιπὸν
1547 4907 1822 4976 μεθοδεύει

143 4987 344 5058 ἑτέραν
376 4988 645 5057 μηχανὴν,
669 4988 738 5040 δι’
763 4985 832 5060 ἦς
858 4989 1016 5058 ήμῶν
1039 4988 1138 5060 τὴν
1167 4989 1428 5059 εὐπορίαν
1471 4989 1690 5045 ἃπασαν
1733 4991 1824 5044 λυ-

143 5069 426 5140 μήνασθαι
455 5071 762 5142 δυνήσεται,
783 5073 877 5126 καὶ
903 5072 1139 5126 τοσαῦτα
1165 5071 1564 5143 κατορθώματα
1588 5075 1824 5144 ἀνόνητα

137 5155 280 5222 ἡμῖν
303 5153 608 5220 ἀποδεῖξαι.
639 5153 780 5214 Τοὺς
807 5153 916 5224 γὰρ
941 5153 1082 5224 μετά
1113 5153 1308 5206 πολλοῦ
1341 5153 1436 5207 τοῦ
1486 5155 1642 5208 τόνου
1669 5173 1824 5228 περιό

141 5235 444 5302 γεγονότας
469 5235 636 5290 αὐτοῦ
657 5237 768 5290 τῶν
803 5235 1062 5307 μηχανῶν
1083 5234 1490 5308 παρασκευάζει
1527 5239 1670 5307 μέγα
1691 5257 1824 5310 φροο

139 5320 256 5370 νεῖν
289 5319 386 5369 ἐπὶ
405 5321 518 5382 τοῖς
541 5317 952 5389 κατορθώμασι,
981 5319 1076 5374 καὶ
1103 5319 1240 5388 πρὸς
1263 5319 1362 5391 τὴν
1385 5320 1494 5374 τῶν
1517 5321 1824 5391 ἀνθρώπων

137 5399 480 5454 ἀποϐλέπειν
531 5401 688 5468 δόξαν
711 5441 730 5466 ,
781 5402 868 5458 ἵνα
901 5402 1005 5470 τῆς
1055 5401 1292 5473 ἀληθοῦς
1347 5402 1505 5472 δόξης
1567 5405 1823 5458 ἐκπεσεῖν

147 5485 376 5553 τοιήσῃ.
419 5483 475 5536 '0
507 5483 615 5554 γάρ
647 5486 848 5554 μετιών
872 5501 926 5538 τι
947 5484 1055 5536 τῶν
1095 5487 1503 5555 πνευματικῶν,
1537 5489 1632 5540 καὶ
1686 5487 1822 5558 πρὸς

135 5563 500 5635 ἀνθρωπίνην
527 5565 745 5636 ἀφορῶν
768 5565 945 5630 δόξαν,
975 5565 1168 5636 ἀπέχει
1205 5567 1293 5620 τὸν
1321 5568 1511 5638 μισθὸν
1543 5569 1710 5621 αὑτοῦ
1733 5573 1820 5622 ἐν·

135 5650 338 5700 τεῦθεν
371 5649 491 5720 ἤδη,
533 5651 625 5702 καὶ
654 5651 754 5702 οὐκ
783 5649 860 5702 ἐτι
889 5651 1072 5702 λοιπὸν
1099 5651 1379 5721 ὀφειλέτην
1399 5651 1512 5722 ἔχει
1543 5653 1631 5706 τὸν
1661 5653 1817 5708 Θεόν.

135 5733 280 5802 Παρ⁹
317 5725 392 5785 ὧν
433 5733 543 5802 γὰρ
596 5734 902 5802 ἐπεζήτησε
960 5732 1302 5802 δοξασθῆναι,
1364 5734 1645 5803 ἀπήλαυσε
1706 5735 1818 5787 τῶν

135 5816 404 5877 ἐπαίνων,
435 5814 703 5868 κάκείνων
731 5815 840 5866 τῶν
863 5814 1288 5884 ἐπηγγελμένων
1316 5815 1466 5886 παρά
1493 5815 1588 5868 105
1609 5816 1816 5868 Δεσπό-

135 5913 231 5950 του
259 5897 638 5968 ἀπεστέρησεν
687 5896 902 5960 ἐαυτὸν,
957 5898 1302 5968 προτιμήσας
1344 5899 1442 5954 τὴν
1477 5901 1810 5971 πρόσκαιρον

202 6036 230 6065 ⁸⁵
257 6035 538 6098 Δυμῆνηται
571 6036 678 6090 τοὺς
695 6037 882 6090 πόνους.
905 6031 986 6082 Sic
1011 6039 1114 6082 tres
1130 6045 1246 6080 mss.

567 6141 840 6203 ΡΑτιιοι..
889 6141 1006 6202 Gn.
1055 6141 1214 6202 LIII.

1311 365 1376 420 IN
1413 366 1571 420 CAP.
1608 361 1680 418 Kl
1721 358 1966 416 GENES.
2007 359 2242 420 IIOMIL.
2283 369 2472 424 XXXI.

3519 373 3628 428 πό

1952 477 2228 549 εὐφημίαν
2269 487 2364 538 καὶ
2390 487 2488 558 τὴν
2533 487 2684 559 παρὰ
2723 487 2833 540 τῶν
2877 487 3156 558 ὁμογενῶν
3204 489 3304 560 τῆς
3339 487 3490 560 παρὰ
3524 489 3620 544 105

1951 566 2169 622 πάντων
2192 569 2544 644 δημιουργοῦ.
2577 575 2685 628 Καὶ
2711 574 2868 628 10510
2889 575 3177 646 προλαϐὼν
3195 577 3379 644 αὐτὸς,
3416 579 3512 632 καὶ
3529 578 3622 631 ἐπὶ

1949 652 2279 722 προσευχῆς,
2323 656 2418 708 καὶ
2445 657 2538 708 ἐπὶ
2570 657 2959 728 ὲλεημοσύνης,
2993 659 3086 712 καὶ
3118 661 3210 714 ἐπὶ
3230 663 3487 731 νηστείας
3513 660 3623 716 ἐδί-

1947 736 2128 802 δαξεν,
2157 736 2301 790 οὕτω
2327 737 2500 806 λέγων
2517 756 2530 768 ·
2566 739 2743 794 Ὅταν
2761 744 3086 810 νηστεύοῃς,
3104 744 3353 812 ἄλειψαί
3377 762 3494 800 σου
3510 747 3626 814 τὴν

1948 821 2248 888 κεφαλὴν,
2266 823 2364 876 καὶ
2389 823 2456 876 τό
2483 824 2808 890 πρόσωπόν
2833 840 2950 880 σου
2977 827 3168 894 νίψαι,
3189 827 3336 900 [506]
3359 830 3522 894 ὅπως
3534 829 3626 898 μὴ

1947 903 2146 972 φανῇς
2167 905 2290 971 τοῖς
2315 906 2647 974 ἀνθρώποις
2673 911 3005 976 νηστεύων,
3025 911 3184 965 ἀλλὰ
3211 912 3292 976 τῷ
3313 915 3496 980 Harp!
3507 929 3625 968 σου

1946 985 2026 1050 τῷ
2043 987 2114 1040 ἐν
2139 986 2217 1052 τῷ
2237 987 2477 1054 κρυπτῷ
2496 1007 2508 1019 ·
2543 992 2640 1044 καὶ
2675 993 2708 1044 ὀ
2737 993 2938 1060 Πατήρ
2959 1009 3098 1054 σου,
3129 997 3162 1048 ὀ
3180 995 3432 1058 ,βλέπων
3451 997 3520 1050 ἐν
3539 994 3623 1061 τῷ

1946 1067 2209 1134 κρυπτῷ,
2254 1071 2554 1126 ἀποδώσει
2583 1089 2704 1128 σοι.
2758 1074 2866 1128 Καὶ
2896 1075 3085 1128 πάλινν
3129 1077 3316 1132 ’Ὅταν
3341 1077 3408 1130 δὲ
3435 1079 3618 1147 ποιῇς

1944 1151 2368 1222 ἐλεημοσύνην
2389 1196 2404 1219 ,
2425 1157 2511 1226 μὴ
2541 1157 2876 1224 σαλπίσῃς,
2904 1160 3089 1226 φησιν,
3117 1158 3459 1228 ἔμπροσθέν
3479 1177 3618 1226 σου.

1943 1232 2146 1304 ὥσπερ
2178 1241 2232 1291 οἱ
2262 1240 2573 1306 ὑποκριταὶ
2622 1241 2905 1296 ποιοῦσιν
2948 1242 3018 1294 ἐν
3074 1242 3203 1306 ταῖς
3243 1245 3622 1313 συναγωγαῖς

1945 1321 2042 1372 καὶ
2065 1321 2284 1385 ἐνταῖς
2309 1323 2548 1390 ῥύμαις,
2583 1323 2742 1389 ὅπως
2773 1323 3160 1388 δοξασθῶσιν
3210 1327 3331 1381 ὑπὸ
3367 1328 3486 1382 τῶν
3513 1329 3620 1382 ἀν-

1945 1405 2210 1472 θρώπων.
2245 1409 2434 1478 Ἀμὴν
2460 1409 2614 1479 λέγω
2633 1410 2798 1479 ὑμῖν,
2834 1410 3134 1480 ἀπέχουσι
3154 1412 3262 1466 τὸν
3277 1415 3500 1483 μισθὸν
3519 1418 3624 1468 αὺ-

1945 1492 2078 1546 τῶν.
2107 1489 2260 1557 Εἶδες
2303 1493 2421 1556 πῶς
2467 1497 2496 1548 ό
2521 1495 2727 1564 ταύτην
2758 1495 2856 1568 τὴν
2893 1496 3049 1561 δόξαν
3080 1499 3353 1568 ἐπιζητῶν
3404 1499 3622 1572 ἐκείνης

1945 1575 2336 1646 ἀπεστέρηται,
2375 1579 2404 1630 ὁ
2433 1575 2494 1630 δὶ
2534 1577 2618 1631 διὰ
2649 1579 2808 1632 10510
2837 1579 2936 1652 τὴν
2965 1580 3165 1652 ἀρετὴν
3198 1582 3616 1653 μετερχό-ιενος,

1943 1658 2038 1710 καὶ
2068 1660 2348 1714 λανθάνειν
2376 1661 2698 1732 βουλόμενος
2721 1665 2846 1728 τοὺς
2875 1663 3216 1734 ἀνθρώπους,
3249 1666 3370 1720 κατ’
3401 1667 3618 1736 ἐκείνην

1941 1743 2040 1813 τὴν
2066 1743 2280 1814 ἡμέραν
2312 1744 2408 1816 τὴν
2438 1745 2677 1818 φοϐερὰν
2701 1749 2759 1800 ἐν
2783 1748 2863 1817 τῷ
2916 1749 3137 1820 φανερῷ
3185 1749 3418 1820 λήψεται
3465 1751 3618 1820 παρά

1943 1827 2034 1878 105
2065 1827 2337 1882 Δεσπότου
2381 1829 2482 1894 τὰς
2507 1829 2760 1900 ἀμοιϐάς.
2804 1831 2857 1884 '0
2885 1832 2996 1900 γάρ
3039 1831 3240 1900 Πατήρ
3269 1845 3406 1898 σου,
3429 1837 3615 1904 φησὶν,

1943 1912 1976 1962 o'
2001 1909 2256 1972 βλέπων
2287 1911 2356 1964 ἐν
2393 1910 2473 1976 τῷ
2502 1913 2766 1980 κρυπτῷ,
2819 1914 3121 1970 ἀποδώσει
3153 1933 3254 1970 σοι
3301 1919 3371 1972 ὲν
3403 1919 3482 1986 τῷ
3505 1938 3619 1989 ερα-

1941 1993 2110 2061 νερῷ.
2133 1994 2226 2064 Μὴ
2252 1993 2409 2048 τοῦτο
2442 1996 2633 2060 ἐννόει,
2665 1999 2852 2067 φησὶν,
2880 1999 2961 2050 ὄτι
2988 1999 3161 2062 οὐδεὶς
3180 2000 3289 2054 τῶν
3312 2001 3617 2072 ἀνθρώπων

1942 2074 2174 2146 ἐπῄνεσέ
2229 2095 2310 2140 σε,
2350 2079 2444 2131 καὶ
2494 2080 2576 2132 ὅτι
2620 2079 2898 2136 λανθάνων
2956 2082 3196 2154 μετέρχῃ
3247 2083 3346 2154 τὴν
3378 2085 3614 2160 ἀρετήν·

1940 2161 2056 2213 ἀλλ’
2082 2161 2257 2216 ἐκεῖνο
2277 2163 2511 2230 λογίζου,
2537 2164 2614 2218 ὅτι
2653 2164 2888 2236 τοσαύτη
2916 2165 3010 2218 τοῦ
3046 2166 3319 2220 Δεσπότου
3373 2167 3527 2222 ἔσται
3579 2169 3614 2238 ή

1939 2244 2220 2315 φιλοτιμία
2251 2248 2367 2317 μετ’
2397 2247 2458 2301 οὐ
2489 2247 2624 2301 πολὺ
2649 2290 2664 2312 ,
2705 2247 2792 2312 ὡς·
2829 2248 2903 2320 μὴ
2948 2250 3318 2316 λανθανόντως
3341 2295 3357 2314 ,
3400 2253 3524 2324 μηδ’
3558 2257 3616 2308 ἐν

1940 2328 2262 2400 ἀποκρύφῳ,
2297 2329 2434 2384 ἀλλά
2465 2331 2666 2396 παντὸς
2693 2331 2787 2386 105
2815 2333 2922 2386 τῶν
2951 2333 3254 2404 ἀνθρώπων
3300 2337 3491 2405 γένους
3519 2338 3614 2393 τοῦ

1941 2411 2052 2466 ἀπὺ
2091 2413 2262 2482 Ἀδὰμ
2297 2413 2458 2484 μέχρι
2485 2417 2586 2486 τῆς
2609 2417 2920 2481 συντελείας
2967 2419 3234 2489 παρόντος
3280 2423 3616 2494 ἀνακηρύξει

1943 2513 2004 2549 σε
2037 2497 2134 2550 καὶ
2187 2497 2522 2566 στεφανώσει
2547 2541 2561 2564 ,
2605 2501 2700 2553 καὶ
2735 2501 2844 2554 τῶν
2875 2501 3052 2554 πόνων
3105 2503 3205 2573 τῆς
3267 2505 3468 2576 ἀρετῆς
3515 2509 3618 2572 τὰς

1941 2579 2176 2646 ἀμοιϐὰς
2203 2579 2496 2634 ἀποδώσει.
2526 2583 2694 2645 Ποίας
2719 2581 2812 2636 οὖν
2839 2583 2908 2638 ἂν
2933 2581 3044 2638 εἷεν
3082 2586 3378 2656 ἀπολογίας
3405 2589 3544 2656 ἄξιοι
3563 2592 3612 2644 οε

1939 2662 2034 2715 καὶ
2055 2661 2146 2716 τὸν
2164 2663 2324 2716 πόνον
2343 2663 2443 2734 τῆς
2467 2665 2672 2736 ἀρετῆς
2702 2667 3086 2737 ὑπομένοντες,
3107 2670 3304 2726 καὶδιά
3323 2673 3421 2744 τὴν
3445 2675 3616 2743 πρόσ-

1938 2763 2150 2818 καιρον.
2186 2747 2281 2800 καὶ
2303 2749 2516 2819 εὐτελῆ,
2551 2750 2646 2804 καὶ¹
2677 2751 2915 2820 ματαίαν
2947 2751 3106 2817 δόξαν
3153 2754 3254 2822 τὴν
3303 2757 3456 2826 παρά
3503 2758 3610 2813 τῶι

1937 2827 2213 2896 ὁμογενῶν
2251 2829 2354 2898 τῆς
2387 2830 2590 2884 ἄνωθεν
2613 2832 2781 2902 τιμῆς
2809 2833 3036 2900 ἑαυτοὺς
3069 2835 3538 2908 ἀποστεροῦντεςς

2011 2942 2074 3011 β’.
2095 2943 2152 2995 ’Δ
2161 2943 2548 3015 σφαλιζώμεθα
2567 2945 2764 3003 τοίνυν.
2795 2948 3119 3018 παρακαλῶ,
3135 2949 3231 3002 καὶ
3243 2951 3382 3021 ὅπερ
3399 2951 3466 3005 ἂν
3481 2971 3615 3007 κατ-

1936 3029 2254 3101 αξιωθῶμεν
2273 3030 2434 3102 ἔργον
2451 3031 2822 3101 πνευματικὸν
2847 3033 3111 3102 μετιέναι,
3133 3034 3292 3086 10510
3307 3037 3469 3090 παντὶ
3487 3039 3614 3109 τρό-

1937 3131 2026 3183 πῳ
2054 3115 2394 3183 πανταχόθεν
2423 3117 2482 3168 ἐν
2505 3117 2619 3178 τοῖς
2655 3115 2921 3186 ταμιείοις
2949 3115 3050 3184 τῆς
3081 3115 3322 3180 διανοίας
3341 3119 3442 3186 τῆς
3473 3122 3612 3191 ήμε-

1934 3197 2097 3268 τέρας
2119 3197 2384 3268 κρύπτειν
2415 3199 2825 3269 σπουδάζωμεν,
2855 3201 2941 3252 ἵνα
2969 3201 3285 3254 ἐκεῖνοντὸν
3309 3203 3612 3274 ἀκοίμητον

1936 3280 2213 3348 ὀφθαλμὸν
2238 3281 2452 3354 ἔχωμεν
2477 3283 2789 3352 ἐπαινέτην,
2822 3285 2915 3336 καὶ
2951 3283 3024 3355 μὴ
3049 3284 3138 3338 διὰ
3159 3285 3259 3357 τὴν
3274 3285 3384 3340 τῶν
3409 3286 3610 3358 ἀνθρώ-

1935 3379 2054 3417 πων
2073 3365 2368 3436 εὐφημίαν.
2403 3367 2499 3418 καὶ
2529 3367 2654 3430 τοὺς
2673 3365 2809 3437 πρὸς
2831 3366 2990 3436 χάριν
3019 3369 3278 3432 πολλάκις
3295 3370 3613 3438 γινομένους

1935 3449 2210 3516 ἐπαίνους,
2247 3450 2349 3521 τῆς
2395 3449 2548 3521 παρὰ
2600 3448 2694 3502 105
2746 3449 3018 3503 Δεσπότου
3051 3453 3327 3522 εὐφημίας
3385 3455 3613 3517 ἑαυτοὺς

1934 3533 2186 3599 ἀναξίους
2212 3534 2670 3603 καταστήσωμεν.
2702 3534 2812 3586 Καὶ
2831 3535 2938 3604 γάρ
2955 3535 3238 3606 ἀμφότερα
3259 3536 3496 3608 ὀλέθρια,
3517 3540 3612 3592 καὶ

1931 3613 2075 3684 λύμη
2105 3615 2206 3684 τῆς
2225 3615 2504 3684 ἡμετέρας
2533 3615 2830 3684 σωτηρίας,
2853 3617 2946 3668 καὶ
2969 3617 3030 3668 τὸ
3045 3617 3182 3685 πρὸς
3213 3617 3372 3682 δόξαν
3401 3619 3612 3688 ἀνθρω-

1934 3697 2094 3768 πίνην
2149 3697 2440 3766 ἀφορῶντά
2485 3715 2538 3750 τι
2577 3697 3004 3767 διαπράττεσθαι
3037 3698 3149 3750 τῶν
3197 3703 3604 3770 πνευματικῶν,

1933 3785 2108 3839 καὶτὸ
2150 3783 2292 3856 μέγα
2327 3787 2545 3857 φρονεῖν
2577 3787 2663 3854 ἐφ’
2691 3781 2774 3848 οἷς
2806 3785 2872 3839 ἂν
2899 3785 3252 3858 κατορθῶσαι
3283 3788 3504 3860 δυνηθῇ.
3529 3791 3609 3844 Δι⁹

1932 3869 1960 3921 ὃ
1985 3869 2178 3938 νήφειν
2207 3867 2313 3938 χρὴ
2363 3868 2460 3920 καὶ
2494 3868 2896 3938 ἐγρηγορέναι,
2932 3869 3026 3921 καὶ
3074 3869 3144 3922 τὰ
3169 3871 3278 3923 ἀπὺ
3317 3871 3418 3938 τῆς
3455 3872 3608 3936 θείας

1933 3953 2155 4024 Γραφῆς
2180 3953 2447 4022 φάρμακα
2479 3951 2778 4004 ἐπιτιθέναι
2812 3953 3050 4023 συνεχῶς
3077 3953 3312 4015 ἑαυτοῖς,
3345 3953 3488 4008 ὥστε
3529 3957 3604 4028 μὴ

1932 4035 2136 4090 ἁλῶναι
2181 4039 2296 4098 τοῖς
2325 4033 2591 4104 ὀλεθρίοις
2621 4035 2832 4097 τούτοις
2867 4035 3085 4090 πάθεσι.
3143 4037 3260 4090 Κάν
3293 4038 3402 4108 γάρ
3436 4040 3604 4109 μυρία

1930 4135 2014 4179 τις
2065 4117 2446 4188 κατωρθωκὼς
2474 4111 2532 4188 ᾖ,
2566 4117 2660 4170 καὶ
2691 4117 2908 4172 ἃπασαν
2961 4119 3060 4190 τὴν
3091 4119 3292 4190 ἀρετὴν
3324 4121 3602 4186 διανύσας.

1935 4199 2076 4268 μέγα
2095 4201 2152 4254 δὲ
2171 4203 2362 4272 φρονῇ.
2378 4200 2595 4254 πάντων
2617 4201 2976 4271 ἐλεεινότερος
2996 4201 3062 4254 ἂν
3080 4202 3288 4269 γένοιτο
3309 4203 3402 4256 καὶ
3417 4205 3606 4258 ἀθλιώο

1932 4301 2105 4352 τερος.
2133 4285 2246 4337 Καὶ
2273 4283 2428 4336 10510
2451 4283 2609 4352 δῆλον
2647 4286 2782 4354 ἡμῖν
2813 4284 3136 4356 γεγένηται,
3176 4287 3232 4352 ἐξ
3261 4279 3335 4338 ὧν
3373 4286 3400 4338 ὁ
3437 4289 3602 4358 Φαρι-

1936 4369 2083 4430 σαῖος
2111 4370 2315 4430 ἐκεῖνος
2344 4367 2627 4436 ὑπέμεινε,
2667 4368 2877 4436 μεγάλα
2910 4369 3186 4439 φρονήσας
3219 4371 3360 4424 κατά
3397 4369 3490 4423 τοῦ
3516 4389 3606 4424 τε-

1933 4447 2122 4509 λώνου,
2183 4449 2278 4502 καὶ
2309 4449 2544 4501 ἐλάττων
2577 4447 2669 4501 105
2720 4447 2951 4503 τελώνου
2991 4449 3185 4528 ἀθρόον
3217 4453 3475 4520 γεγονὼς,
3511 4455 3604 4506 καὶ

1929 4533 2016 4586 διά
2045 4533 2146 4600 τῆς
2177 4531 2380 4594 οἰκείας
2408 4531 2657 4603 γλώττης
2688 4533 2865 4586 πάντα
2913 4535 3078 4588 αὐτοῦ
3112 4535 3204 4587 τὸν
3241 4536 3470 4590 πλοῦτον
3503 4537 3604 4604 τῆς

1931 4617 2132 4687 ἀρετῆς
2155 4616 2373 4685 ἐκχέας,
2399 4617 2492 4669 καὶ
2514 4615 2722 4686 γυμνὸν
2751 4617 2842 4670 καὶ
2873 4617 3080 4689 ἔρημον
3110 4617 3302 4671 ἐαυτὸν
3333 4621 3602 4691 καταστή-

1931 4717 2050 4762 σας,
2080 4699 2175 4750 καὶ
2193 4697 2341 4764 ξένον
2363 4699 2458 4751 καὶ
2487 4700 2672 4752 καινὸν
2689 4701 2946 4768 ναυάγιον
2973 4701 3292 4770 ὑπομείνας.
3323 4701 3417 4763 Εἰς
3439 4703 3602 4756 αὐτὸν

1929 4783 2039 4852 γὰρ
2075 4780 2242 4834 ἐλθὼν
2278 4782 2370 4834 τὸν
2400 4781 2594 4852 λιμένα
2627 4783 2844 4837 ἅπαντα
2875 4784 2970 4836 τὸν
3008 4785 3208 4856 φόρτον
3253 4783 3419 4838 αὐτοῦ
3465 4803 3599 4839 κατ-

1929 4865 2104 4917 έδυσε.
2151 4863 2228 4916 Τὸ
2263 4863 2372 4935 γάρ
2407 4865 2501 4917 ἀπ’
2533 4865 2698 4934 εὐχῆς
2741 4867 2840 4935 τῆς
2874 4866 2934 4918 οὐ
2967 4865 3196 4929 δεόντως
3226 4869 3600 4940 γεγενημένης

1929 4946 2087 5000 τοῦτο
2116 4946 2326 5018 παθεῖν,
2379 4947 2562 5014 ὅμοιόν
2593 4949 2708 5000 ἐστι
2735 4947 2812 5016 τῷ
2837 4949 2892 4999 ἐν
2921 4947 3068 5016 αὐτῷ
3107 4947 3259 5016 μέσῳ
3303 4947 3382 5018 τῷ
3418 4947 3598 5018 λιμένι

1927 5031 2183 5096 ναυάγιον
2206 5031 2511 5098 ὑπομεῖναι.
2542 5031 2640 5083 Διά
2664 5047 2746 5083 τοι
2773 5029 2928 5083 10510
2959 5031 3052 5083 καὶ
3071 5031 3098 5083 ὁ
3115 5030 3347 5099 Χριστὸς
3377 5049 3596 5102 παραγ-

1927 5113 2131 5178 γέλλων
2169 5115 2280 5175 τοῖς
2316 5111 2584 5181 μαθηταῖς
2615 5113 2819 5181 ἔλεγεν,
2852 5115 3038 5167 Ὅταν
3059 5113 3259 5167 πάντα
3279 5115 3595 5182 ποιήσητε,

1926 5197 2151 5266 λέγετε,
2173 5195 2262 5247 ὅτι
2301 5197 2350 5248 Ἀ
2357 5194 2539 5262 χρεῖοι
2567 5195 2778 5248 δοῦλοί
2805 5195 2992 5264 ἐσμεν
3009 5213 3023 5226 ο
3047 5195 3477 5267 ἀσφαλιζόμενος
3499 5197 3598 5250 αὑ-

1925 5279 2072 5342 105;,
2109 5277 2204 5330 καὶ¹
2235 5277 2299 5328 ἐκ
2353 5275 2547 5328 πολλοῦ
2575 5275 2670 5329 105
2707 5277 3076 5347 διαστήματος
3129 5277 3452 5348 βουλόμενος
3497 5279 3596 5333 105

1925 5360 2168 5432 ὀλεθρίου
2196 5358 2388 5412 τούτου
2407 5357 2617 5423 πάθους
2651 5360 2806 5424 ἐκτὸς
2841 5362 3033 5424 05105;
3067 5362 3340 5430 γενέσθαι.
3391 5362 3594 5424 Εἶδετε,

1926 5443 2215 5513 ἀγαπητοὶ,
2253 5441 2370 5504 πῶς
2391 5441 2513 5494 οὐτε
2541 5443 2570 5494 ὀ
2601 5444 2738 5513 πρὸς
2760 5441 2917 5508 δόξαν
2953 5443 3298 5514 ἀνθρωπίνην
3326 5461 3594 5514 κεχηνως,

1927 5525 2077 5598 1307]
2107 5525 2202 5579 καὶ
2229 5525 2316 5578 διά
2342 5525 2546 5595 ταύτην
2589 5525 2658 5578 τὰ
2681 5527 2780 5596 τῆς
2820 5527 3022 5596 ἀρετῆς
3053 5526 3189 5596 ἔργα
3227 5527 3448 5597 μετιὼν,
3483 5528 3599 5598 ἔχει

1924 5611 2044 5663 τινὰ
2071 5610 2278 5677 ὕνησιν,
2311 5609 2404 5662 καὶ
2429 5609 2512 5662 ὅτι
2545 5609 2637 5662 καὶ
2665 5609 2800 5679 μετὰ
2827 5609 2888 5662 τὸ
2913 5608 3258 5679 κατορθῶσαι
3299 5609 3478 5662 πάντα
3528 5611 3600 5665 τά

1923 5696 2022 5764 τῆς
2049 5691 2272 5764 ἀρετῆς,
2304 5692 2354 5742 εί
2379 5691 2521 5758 δόξει
2551 5689 2694 5762 μέγα
2727 5693 2946 5761 φρονεῖν
2979 5692 3072 5744 ἐπὶ
3113 5691 3342 5756 τούτοις,
3373 5691 3597 5745 πάντων

1923 5775 2128 5845 ἔρημος
2153 5772 2360 5839 γίνεται
2391 5773 2484 5825 καὶ
2507 5773 2712 5844 γυμνός
2736 5791 2751 5838 ;
2781 5773 3074 5844 Φεύγωμεν
3104 5774 3302 5838 τοίνυν,
3337 5788 3594 5845 παρακα-

1925 5856 2022 5920 λῶ,
2051 5854 2223 5908 10510
2244 5855 2312 5908 τά
2337 5853 2557 5926 ὀλέθρια
2581 5855 2750 5926 πάθη,
2771 5855 2864 5909 καὶ
2887 5857 3025 5928 πρὸς
3047 5859 3253 5909 ἐκεῖνον
3277 5855 3434 5927 μόνον
3455 5851 3595 5924 ὁρῶο

1929 5957 2028 6011 μεν
2059 5938 2151 5990 τὸν
2175 5935 2475 6008 ἀκοίμητον
2503 5939 2801 6008 ὀφθαλμὸν,
2849 5941 2944 5992 καὶ
2973 5939 3140 6010 μηδὲν
3176 5940 3352 5994 κοινὸν
3378 5938 3596 6008 ἔχωμεν

1926 6024 2061 6094 πρὸς
2083 6021 2211 6084 τοὺς
2239 6019 2540 6092 ὁμογενεῖς,
2563 6022 2699 6094 μηδέ
2724 6023 3068 6094 ὲπιζητῶμεν
3091 6023 3183 6075 τὸν
3211 6022 3363 6095 παρά
3386 6019 3596 6075 τούτων

3125 6131 3202 6194 18
