4062 6396
529 378 638 432 98")

531 495 775 553 ἔπαινον,
814 490 927 544 ἀλλ’
960 488 1257 560 ἀρκώμεθα
1283 488 1361 558 τῷ
1392 488 1540 560 παρά
1569 488 1660 542 τοῦ
1700 488 1988 540 Δεσπότου.
2028 477 2110 537 Οῦ

535 581 568 630 ὁ
602 577 848 639 ἔπαινος
873 573 1002 643 γάρ,
1032 573 1215 641 φησὶν,
1246 574 1356 626 οὐκ
1390 572 1458 636 ἐξ
1487 572 1831 638 ἀνθρώπων,
1872 571 2008 626 ἀλλ’
2045 571 2112 621 ἐκ

536 659 705 712 Θεοῦ.
729 657 839 709 Καὶ
879 657 987 725 ὅσῳ
1018 655 1084 708 ἂν
1121 653 1256 724 πρὸς
1287 655 1506 725 μείζονα
1540 653 1866 724 ἐπιδιδῶμεν
1893 653 2111 723 ἀρετὴν,

535 739 770 808 τοσούτῳ
795 738 994 809 μᾶλλον
1011 738 1236 800 ἑαυτοὺς
1261 737 1570 809 μετριάζειν
1587 735 2110 807 παρασκευάζωμεν,

533 825 627 877 καὶ
648 821 1021 875 συνεστάλθαι.
1061 820 1178 873 Κᾶν
1204 820 1311 891 γὰρ
1333 819 1470 890 πρὸς
1500 821 1672 890 αὐτὴν
1699 820 1993 889 φθάσωμεν
2016 819 2116 886 τῆς

533 909 733 978 ἀρετῆς
765 907 863 979 τὴν
918 905 1186 976 κορυφὴν,
1237 904 1333 959 ἐὰν
1366 903 1672 973 ἀντιθῶμεν
1702 904 1798 968 τὰς
1836 904 1988 977 παρά
2020 905 2114 958 τοῦ

533 991 802 1044 Δεσπότου
861 989 1177 1059 εὐεργεσίας
1239 988 1376 1059 μετὰ
1431 988 1630 1056 πολλῆς
1675 988 2112 1057 εὐγνωμοσύνης.

532 1076 648 1127 τότε
679 1073 857 1136 καλῶς
883 1071 1145 1140 ὀψόμεθα,
1169 1073 1249 1124 ὅτι
1271 1072 1393 1124 οὐδὲ
1419 1071 1481 1124 τὸ
1507 1071 1794 1124 πολλοστὸν
1822 1072 1987 1141 μέρος
2007 1071 2115 1124 τῶν

466 1171 468 1174 '
533 1158 683 1228 παρὰ
712 1157 804 1209 τοῦ
838 1155 974 1208 Θεοῦ
1008 1157 1086 1217 είς
1116 1156 1262 1224 ἡμᾶς
1289 1155 1656 1225 ὑπηργμένων
1694 1155 2111 1223 εἰσηνέγκαμεν.

533 1243 644 1292 Καὶ
685 1240 794 1311 γὰρ
831 1240 1062 1301 ἕκαστος
1108 1237 1214 1290 τῶν
1254 1237 1425 1304 ἁγίων
1473 1236 1721 1290 ἐντεῦθεν
1757 1237 2112 1307 ηὐδοκίμησε.

463 1379 478 1396 ⁸
534 1324 644 1377 Καὶ
679 1325 766 1377 ἵνα
792 1323 988 1394 μάθῃς,
1007 1321 1170 1374 ἄκουε
1190 1320 1283 1372 τοῦ
1314 1322 1412 1390 τῆς
1427 1320 1748 1390 οἰκουμένης
1771 1320 2113 1380 διδασκάλου,

533 1412 630 1479 τῆς
653 1407 1062 1476 οὐρανομήκους
1085 1405 1298 1474 ἐκείνης
1326 1404 1522 1474 ψυχῆς,
1556 1404 1675 1468 πῶς
1717 1406 1854 1473 μετά
1880 1404 2115 1458 τοσαῦτα

536 1489 955 1560 κατορθώματα,
989 1487 1128 1558 μετὰ
1152 1489 1248 1558 τὴν
1275 1488 1543 1556 τοσαύτην
1570 1487 1772 1540 ἄνωθεν
1817 1485 2118 1556 μαρτυρίαν

537 1575 795 1639 (Σκεῦος
815 1573 942 1643 γὰρ,
967 1572 1151 1642 φησὶν,
1178 1571 1437 1640 ἐκλογῆς
1475 1573 1610 1624 ἐστί
1631 1590 1730 1640 μοι
1762 1567 1980 1636 οὗτος).
2019 1571 2118 1623 οὐκ

535 1656 946 1710 ἐπιλανθάνεται
978 1655 1086 1708 τῶν
1113 1655 1329 1707 οἰκείων
1353 1653 1858 1723 πλημμελημάτων,
1883 1653 1996 1706 ἀλλ’
2020 1655 2120 1722 ἀμ-

537 1743 655 1809 φοῖν
675 1740 845 1793 ταῦτα
882 1737 1255 1810 περιστρέφει,
1297 1738 1390 1791 καὶ
1427 1739 1569 1808 ὑπὲρ
1620 1731 1696 1790 ὧν
1737 1738 1970 1807 μάλιστα
2017 1755 2118 1789 πε-

538 1824 939 1896 πληροφόρητο,
991 1823 1073 1874 ὅτι
1127 1820 1226 1892 τὴν
1258 1820 1608 1891 συγχώρησιν
1639 1821 1856 1887 ἐδέξατο
1889 1821 1975 1874 διὰ
2023 1819 2117 1873 τοῦ

539 1907 930 1976 βαπτίσματος,
961 1905 1082 1958 οὐδέ
1115 1904 1319 1956 τούτων
1364 1903 1813 1959 ἐπιλανθάνεσθαι
1842 1904 2115 1974 ἀνέχεται,

536 1990 674 2044 ἀλλά
700 1990 794 2060 βοᾷ
827 1990 922 2042 καὶ
947 1989 1115 2055 λέγει,
1145 1989 1226 2040 ὅτι
1273 1987 1631 2055 Ἐλάχιστός
1673 1989 1786 2055 ειμι
1824 1986 1942 2039 τῶν
1973 1987 2120 2040 ἀπο-

536 2075 796 2137 στόλων,
853 2072 948 2124 καὶ
980 2073 1090 2124 οὑκ
1121 2071 1236 2140 εἰμὶ
1272 2070 1479 2134 ἱκανὸς
1511 2069 1822 2123 καλεῖσθαι
1859 2069 2120 2123 ἀπόστο-

537 2162 665 2221 λος.
696 2153 824 2209 Εἶτα
849 2157 938 2208 ἵνα
964 2155 1062 2224 τὴν
1097 2153 1402 2227 ὑπερϐολὴν
1428 2152 1592 2206 αὑτοῦ
1624 2152 2002 2222 παιδευθῶμεν
2022 2154 2121 2222 τῆς

537 2237 1056 2308 ταπεινοφροσύνης,
1086 2236 1419 2308 προσέθηκε,
1439 2237 1593 2288 Διότι
1619 2235 1832 2299 ἐδίωξα
1859 2230 1972 2302 τὴν
1991 2237 2122 2290 Ἐκο

537 2323 803 2387 κλησίαν
833 2321 940 2373 τοῦ
977 2320 1142 2373 Θεοῦ.
1179 2320 1242 2371 Τί
1281 2321 1473 2384 ποιεῖς,
1505 2313 1550 2371 ὦ
1576 2320 1785 2382 Παῦλε;
1829 2321 1886 2372 '0
1919 2320 2120 2373 Δεσπό-

536 2423 636 2474 της
664 2404 751 2458 διά
775 2404 872 2474 τὴν
893 2403 1099 2455 οἰκείαν
1123 2403 1434 2472 φιλοτιμίαν
1469 2401 1809 2472 συνεχώρησε
1828 2445 1843 2467 ,
1887 2404 1982 2456 καὶ
2017 2405 2120 2455 ἀπ-

539 2487 756 2557 ήλειψεν
806 2488 1019 2540 ἅπαντα
1057 2485 1129 2538 τὰ
1163 2483 1529 2556 ἡμαρτημένα
1575 2501 1677 2547 σοι,
1709 2486 1801 2537 καὶ
1837 2485 1901 2538 σύ
1951 2484 2121 2538 ταῦτα

541 2569 827 2640 στρέφεις;
858 2567 1001 2631 Ναὶ,
1035 2564 1149 2621 οἶδα
1170 2608 1184 2630 ,
1222 2568 1354 2637 φησὶ
1375 2608 1388 2630 ,
1421 2568 1518 2622 καὶ
1551 2567 1650 2621 οὑκ
1690 2568 1869 2637 ἀγνοῶ
1898 2568 1990 2621 τοῦ
2022 2571 2119 2620 Δε-

542 2655 738 2706 σπότου
770 2650 870 2704 τοῦ
925 2651 1058 2721 ἐμοῦ
1101 2651 1198 2720 τὴν
1230 2651 1384 2704 λύσιν
1408 2666 1422 2680 ·
1459 2651 1575 2705 ἀλλ’
1615 2653 1741 2705 ὅταν
1785 2653 2019 2718 ἐννοήσω
2053 2651 2122 2704 τὰ

539 2736 662 2806 ἐμοὶ
695 2735 1050 2805 εἰργασμένα,
1083 2735 1178 2787 καὶ
1233 2735 1326 2787 ῖδω
1365 2734 1426 2788 τὸ
1470 2735 1707 2802 πέλαγος
1738 2735 1836 2804 τῆς
1862 2734 1954 2787 τοῦ
1987 2733 2120 2787 Θεοῦ

541 2818 966 2888 φιλανθρωπίας.
1004 2817 1124 2870 τότε
1159 2815 1413 2886 μανθάνω
1446 2817 1661 2881 καλῶς,
1693 2819 1775 2870 ὃτι
1811 2817 1988 2887 χάριτι
2026 2819 2122 2869 αὑ-

539 2903 633 2954 τοῦ
663 2903 756 2954 καὶ
778 2900 1158 2970 φιλανθρωπίᾳ
1185 2900 1301 2969 εἱμὶ
1328 2901 1356 2952 ὂ
1379 2901 1514 2969 εἰμι.
1547 2899 1730 2953 Εἰπὼν
1750 2901 1880 2970 γάρ,
1905 2901 1985 2952 ὅτι
1999 2902 2120 2952 Οὐκ

540 2986 657 3051 eiul
685 2984 893 3048 ἱκανὸς
940 2982 1252 3035 καλεῖσθαι
1303 2982 1668 3047 ἀπόστολος,
1730 2982 1878 3036 διότι
1908 2981 2138 3044 ἐδίωξαν

539 3071 655 3134 τὴν
692 3069 1062 3133 Ἐκκλησίαν
1102 3066 1206 3118 τοῦ
1260 3064 1428 3129 Θεοῦ,
1484 3066 1730 3134 ἐπήγαγε
1755 3081 1770 3096 °
1805 3063 2004 3131 Χάριτι
2054 3063 2123 3116 δὲ

544 3153 691 3206 Θεοῦ
721 3153 836 3217 εἰμι
869 3149 901 3201 6'
933 3151 1066 3216 εἰμι.
1108 3147 1246 3210 Ἐγὼ
1285 3149 1403 3216 μὲν,
1437 3149 1589 3216 φησὶ,
1624 3146 1889 3217 τοσαύτην
1917 3146 2122 3199 ἐπεδει-

545 3235 722 3302 ξάμην
752 3232 849 3301 τὴν
875 3231 1073 3302 μανίαν
1093 3234 1116 3260 ·’
1138 3231 1171 3297 ή
1198 3230 1253 3281 δέ
1287 3230 1492 3298 ἀφατος
1519 3229 1682 3282 αὐτοῦ
1727 3229 2001 3299 ἀγαθότης
2028 3231 2122 3283 καὶ

541 3321 573 3388 ἡ
604 3317 760 3387 χάρις
787 3317 885 3386 τὴν
918 3313 1262 3383 συγχώρησιν
1291 3311 1600 3382 ἐχαρίσατο.
1634 3308 1783 3374 Εἶδες
1804 3312 1979 3384 ψυχὴν
2005 3330 2124 3364 συν.

540 3399 932 3470 τετριμμένην,
960 3399 1052 3450 καὶ
1082 3395 1190 3447 τῶν
1219 3396 1326 3465 πρὸ
1344 3395 1438 3446 τοῦ
1474 3393 1845 3464 βαπτίσματος
1872 3398 2122 3464 ἡμαρτη-

547 3483 721 3552 μένων
770 3480 1029 3550 διηνεκῶς
1060 3479 1155 3548 τὴν
1191 3480 1407 3548 μνήμην
1447 3478 1884 3548 περιφέρουσανς
1922 3478 2120 3531 Τοῦτον

541 3565 605 3635 δὴ
631 3565 722 3617 καὶ
753 3566 911 3634 ἡμεῖς
943 3560 1331 3632 μιμησώμεθα,
1359 3561 1452 3613 καὶ
1481 3560 1548 3612 τά
1586 3561 1718 3628 μετά
1751 3561 1810 3613 τό
1841 3561 2122 3631 βάπτισμα

543 3651 674 3717 ἡμῖν
720 3645 1105 3718 ἡμαρτημένα,
1146 3642 1318 3696 ταῦτα
1360 3643 1480 3694 καθ’
1515 3643 1750 3712 ἑκάστην
1792 3645 1999 3714 ἡμέραν
2034 3663 2122 3714 μι-

548 3731 932 3801 μνησκόμενοι,
967 3728 1062 3781 καὶ
1089 3728 1350 3796 διηνεκῶς
1382 3729 1439 3779 ὲν
1473 3730 1536 3797 τῇ
1588 3727 1798 3798 διανοίᾳ
1843 3729 2125 3800 περιστρέ-

544 3831 754 3882 φοντες,
790 3812 1060 3883 μηδέποτε
1091 3809 1462 3880 συγχωρῶμεν
1483 3813 1562 3872 εἰς
1588 3811 1757 3880 λήθην
1777 3813 1924 3880 ἡμᾶς
1947 3813 2121 3865 αὐτῶν

543 3900 824 3968 ἐμπεσεῖν.
869 3894 1075 3956 Ἱκανὸς
1104 3893 1212 3964 γὰρ
1240 3895 1371 3964 ἡμῖν
1416 3894 1628 3964 χαλινὸς
1654 3894 1811 3948 τοῦτο
1835 3898 2122 3966 γενήσεται

542 3981 679 4052 πρὸς
710 3979 770 4032 τὸ
821 3977 1176 4031 συνεστάλθαι
1227 3977 1324 4032 καὶ
1365 3976 1693 4048 μετριάζειν.
1749 3979 1859 4032 Καὶ
1889 3980 1940 4032 τί
1981 3979 2122 4047 λέγω

544 4063 778 4125 Παῦλον,
810 4061 901 4114 τὸν
939 4059 1192 4114 τοσοῦτον
1231 4060 1324 4112 καὶ
1377 4059 1722 4128 τηλικοῦτον;
1758 4060 1942 4124 Θέλεις
1997 4061 2121 4115 ἰδεῖν

544 4146 638 4199 καὶ
661 4147 782 4208 τούς
819 4146 876 4196 ἐν
901 4145 966 4213 τῇ
999 4142 1210 4212 Παλαιᾷ
1259 4141 1506 4196 ἐντεῦθεν
1547 4143 1778 4212 μάλιστα
1831 4143 2122 4215 εὐδοκιμή-

547 4245 765 4290 σαντας,
795 4226 904 4279 ἀπὸ
932 4224 1025 4277 τοῦ
1061 4225 1369 4295 μετριάζειν
1401 4223 1537 4293 μετά
1565 4225 1734 4296 μυρία
1767 4226 2122 4296 κατορθώμα-

543 4327 630 4370 τα,
646 4310 738 4360 καὶ
753 4309 850 4378 τὴν
871 4309 1076 4376 ἄφατον
1097 4307 1409 4378 παρρησίαν
1430 4323 1443 4369 ;
1464 4307 1658 4359 Ἀκουε
1673 4307 1766 4359 τοῦ
1785 4309 2120 4379 πατριάρχου

543 4391 811 4454 λέγοντος,
839 4389 976 4462 μετά
1003 4389 1100 4458 τὴν
1138 4389 1350 4457 ὁμιλίαν
1379 4388 1474 4458 τὴν
1502 4389 1637 4459 πρὸς
1665 4389 1756 4441 τὸν
1787 4390 1939 4450 Θεὸν,
1986 4391 2122 4459 μετά

543 4473 642 4542 τὴν
670 4470 998 4540 ἐπαγγελίαν
1027 4471 1123 4540 τὴν
1152 4471 1232 4533 εἰς
1259 4471 1418 4522 αὐτὸν
1437 4471 1812 4542 γεγενημένην
1831 4489 1844 4501 ·
1884 4471 2025 4542 Ἐγὼ
2056 4471 2124 4526 δέ

541 4560 660 4626 ειμι
696 4554 773 4624 γῆ
809 4555 907 4607 καὶ
940 4554 1189 4619 σποδός.

615 4652 682 4706 γ’.
716 4637 861 4709 [508]
905 4635 1042 4689 Ἀλλ’
1068 4636 1253 4707 ἐπειδὴ
1273 4636 1367 4690 τοῦ
1388 4636 1729 4709 πατριάρχου
1756 4637 2051 4709 ἐμνήσθην,
2074 4641 2121 4691 εί

543 4722 710 4785 δοκεῖ,
747 4720 817 4773 τά
852 4721 1091 4790 σήμερον
1119 4721 1534 4788 ἀναγνωσθέντα
1564 4720 1854 4792 προθῶμεν
1900 4721 1993 4773 ἐπὶ
2025 4723 2124 4791 τῆς

545 4806 815 4875 ὑμετέρας
871 4803 1092 4872 ἀγάπης
1115 4842 1130 4864 ,
1163 4804 1248 4856 ἵνα
1279 4803 1455 4856 ταῦτα
1485 4803 1893 4871 ἀναπτύξαντες
1923 4806 2122 4872 ἴδωμεν

543 4889 642 4958 τῆς
670 4886 870 4958 ἀρετῆς
901 4885 995 4938 τοῦ
1029 4885 1238 4938 δικαίου
1269 4886 1367 4956 τὴν
1401 4886 1728 4958 ὑπερϐολήν.
1767 4889 1878 4940 Καὶ
1925 4888 2121 4950 ἔλαϐε,

546 4971 699 5040 φησὶ,
729 4969 924 5037 Θάρῤα
941 4968 1047 5021 τὸν
1070 4969 1284 5036 Ἄϐραμ
1309 4967 1406 5021 καί
1430 4969 1534 5021 τὸν
1553 4967 1766 5038 Ναχὼρ
1791 4969 1931 5035 τοὺς
1956 4971 2124 5034 υἱοὺς

543 5053 746 5112 αὑτοῦ,
782 5051 879 5104 καὶ
910 5050 1016 5104 τὸν
1041 5047 1172 5103 Λὼτ
1203 5050 1310 5103 τὸν
1330 5051 1465 5104 υἱὸν
1483 5051 1590 5105 τοῦ
1612 5051 1745 5104 υἱοῦ
1778 5051 1986 5114 αὑτοῦ,
2022 5053 2122 5104 καὶ

545 5137 658 5203 τὴν
689 5135 887 5202 Σάραν
912 5132 1028 5198 τὴν
1045 5132 1289 5200 νύμφην
1310 5132 1518 5198 αὑτοῦ,
1550 5133 1802 5203 γυναῖκα
1827 5133 1895 5186 δὲ
1909 5135 2124 5202 Ἀϐραμ

543 5219 651 5272 τοῦ
685 5217 819 5270 υἱοῦ
849 5214 1035 5268 αὑτοῦ
1059 5229 1072 5242 °
1100 5213 1508 5285 καὶέξήγαγεν
1525 5215 1750 5281 αὐτοὺς
1782 5216 1851 5268 ἐκ
1881 5215 1992 5283 τῆς
2012 5216 2125 5285 χώ-

541 5318 654 5369 ρας
683 5299 802 5352 τῶν
827 5296 1160 5356 Χαλδαίων,
1194 5295 1555 5364 πορευθῆναι
1589 5301 1679 5363 είς
1725 5298 1841 5366 τὴν
1866 5298 1983 5368 τῆν
2008 5299 2127 5352 τῶν

543 5381 914 5442 Χαναναίων,
935 5379 1033 5455 καὶ
1053 5375 1239 5448 ἦλθεν
1264 5379 1372 5445 ἕως
1393 5379 1630 5447 Χαρῤὰν
1650 5381 1748 5434 καὶ
1779 5380 2128 5449 κατῴκησεν

544 5465 695 5519 ἐκεῖ·
733 5463 830 5516 καὶ
883 5461 1160 5531 ἐγένοντο
1213 5460 1403 5517 πᾶσαι
1458 5465 1518 5516 al
1563 5461 1775 5532 ἡμέραι
1825 5463 2021 5532 Θάρρα
2058 5466 2127 5518 ὲν

547 5537 783 5614 Χαρρὰν
833 5545 937 5610 ἐτη
987 5543 1266 5597 διακόσια
1301 5543 1518 5608 πέντε,
1581 5546 1679 5600 καὶ
1728 5546 2027 5602 ἀπέθανεν
2058 5549 2127 5602 ἐν

544 5631 804 5700 Χαρράν.
836 5627 992 5682 Μετά
1036 5628 1319 5698 ἀκριϐείας
1372 5629 1746 5700 προσέχωμεν,
1799 5633 2123 5702 παρακαλῶ,

544 5719 658 5777 τοῖς
697 5712 1144 5782 ἀναγνωσθεῖσιν,
1199 5713 1284 5764 ἵνα
1313 5711 1632 5782 δυνηθῶμεν
1683 5715 2005 5767 καταλαϐεῖν
2036 5716 2126 5770 τὸν

547 5795 673 5847 νοῦν
721 5796 829 5846 τῶν
868 5793 1352 5864 ἐγγεγραμμένων.
1406 5795 1534 5846 Ἰδοὺ
1568 5795 1675 5864 γὰρ
1727 5796 1784 5848 ἐν
1824 5797 2126 5867 προοιμίοις

547 5878 696 5930 δοκεῖ
725 5878 943 5946 ζήτημα
962 5872 1101 5929 εἶναι
1124 5878 1180 5928 ἐν
1199 5879 1312 5938 τοῖς
1335 5877 1663 5945 εἰρημένοις.
1692 5878 1794 5930 Τοῦ
1823 5880 1930 5950 γὰρ
1958 5899 2123 5950 μακα·

554 5961 673 6033 ρίου
702 5960 892 6012 τούτου
921 5960 1220 6030 προφήτου,
1246 5959 1337 6012 τοῦ
1372 5961 1646 6022 Μωΰτέως
1674 5960 1835 6030 λέγω,
1861 5965 2122 6030 εἰπόντος,

1247 371 1303 427 S.
1345 369 1635 427 JOANNIS
1672 364 2162 458 ClBYSOSTOMI
2202 366 2520 423 ARCHIEP.
2560 362 3111 423 CONSTANTINOP.

3691 368 3801 423 286
3833 359 3838 364 ’

2223 487 2304 538 ὅτι
2335 487 2555 538 “Elatia
2589 484 2784 551 Θάρρα
2806 481 2914 536 τὸν
2934 479 3159 548 Ἀϐραμ
3187 479 3285 532 καὶ
3318 479 3424 533 τὸν
3452 482 3686 551 Ναχὼρ,
3710 486 3809 539 καὶ

2221 567 2516 636 ἐξήγαγεν
2545 566 2610 619 ἐκ
2648 565 2759 636 τῆς
2797 561 3144 625 Χαλδαίων,
3179 559 3543 628 πορευθῆναι
3575 567 3664 630 είς
3694 565 3812 632 τὴν

2222 650 2340 720 γῆν
2363 651 2482 703 τῶν
2510 650 2880 713 Χαναναίων,
2919 645 3020 703 καί
3050 642 3239 714 ἦλθεν
3261 645 3374 712 ἕως
3409 647 3668 715 Χαρρὰν,
3710 652 3809 704 καὶ

2221 732 2574 799 κατῴκησεν
2599 733 2754 786 ἐκεῖ·
2794 734 2824 785 6
2850 733 3124 803 μακάριος
3149 729 3423 798 Στέφανος
3447 732 3813 800 ἐγκωμιάζων

2220 819 2346 881 τοὺς
2384 817 2669 880 Ἰουδαίους
2699 818 2881 889 φησίν·
2929 818 2982 870 Ὀ
3010 813 3157 882 Θεὸς
3189 809 3298 882 τῆς
3326 813 3514 879 δόξης
3540 813 3706 882 ὤφθη
3731 816 3814 879 τῷ

2223 901 2399 969 πατρὶ
2426 901 2597 970 ἡμῶν
2630 903 2886 970 Ἀϐραὰμ
2922 902 3050 954 ὄντι
3083 903 3152 954 ἐν
3184 900 3637 967 Μεσοποταμίᾳ,
3668 899 3814 967 πρὶν

2221 987 2260 1052 ’ἢ
2281 977 2634 1051 κατοικῆσαι
2666 985 2851 1038 αὑτὸν
2874 987 2944 1039 ἐν
2970 985 3223 1053 Χαρρὰν,
3248 981 3548 1044 κάκεῖθεν,
3566 983 3716 1050 μετὰ
3743 982 3811 1035 τὸ

2222 1069 2552 1123 ἀποθανεῖν
2585 1071 2691 1122 τὸν
2729 1069 2952 1135 πατέρα
2983 1069 3200 1130 αὑτοῦ,
3228 1065 3565 1135 μετῴκισεν
3601 1069 3806 1120 αὐτόν.

2222 1155 2290 1207 Τί
2311 1149 2404 1207 οῦν
2434 1155 2616 1215 ἐστινς
2660 1153 2998 1206 ἐναντιοῦται
3036 1154 3202 1222 ἑαυτῇ
3239 1154 3272 1222 ὴ
3303 1150 3424 1203 θεία
3456 1151 3647 1221 Γραφή
3674 1167 3688 1216 ;
3723 1149 3812 1221 Μὴ

2222 1237 2461 1305 γένοιτο·
2497 1237 2632 1290 ἀλλὰ
2675 1236 2900 1288 συνιδεῖν
2931 1238 2994 1288 ἐκ
3019 1235 3208 1288 τούτου
3259 1235 3548 1306 προσήκει,
3583 1235 3664 1287 ὅτι
3689 1234 3808 1287 θεο-

2223 1321 2410 1388 φιλοῦς
2438 1320 2588 1383 ὄντος
2615 1319 2707 1372 τοῦ
2741 1319 2929 1382 παιδὸς
2954 1359 2969 1380 ,
3009 1318 3196 1387 ὀφθεὶς
3239 1317 3389 1386 αὐτῷ
3413 1317 3441 1367 ὀ
3471 1316 3602 1378 Θεὸς
3641 1333 3810 1383 προσ-

2223 1403 2378 1468 έταξε
2405 1403 2797 1473 μεταναστῆναι
2819 1402 3048 1455 ἐκεῖθεν.
3076 1403 3182 1454 Καὶ
3197 1401 3353 1454 τοῦτο
3375 1399 3536 1468 γνούς
3571 1402 3598 1452 6
3619 1399 3808 1470 Θάρρα

2222 1488 2250 1538 ὁ
2277 1486 2466 1539 τούτου
2497 1487 2697 1557 πατὴρ.
2722 1487 2768 1538 εί
2799 1485 2888 1538 καὶ
2919 1485 3144 1547 ἄπιστος
3170 1483 3484 1553 ἐτύγχανεν,
3523 1482 3639 1535 ἀλλ’
3659 1483 3812 1552 ὅμως

2225 1569 2330 1622 ὐπὸ
2366 1569 2459 1622 τοῦ
2491 1569 2625 1640 πρὸς
2669 1569 2761 1621 τὸν
2813 1567 2978 1621 παῖδα
3035 1567 3261 1638 φίλτρου
3301 1566 3628 1636 κοινωνῆσαι
3658 1565 3810 1634 αὑτῷ

2225 1653 2546 1716 κατεδέξατο
2582 1653 2681 1722 τῆς
2711 1651 3043 1721 ἀποδημίας,
3084 1651 3179 1703 καὶ
3208 1649 3379 1702 ἐλθὼν
3415 1650 3495 1712 είς
3532 1648 3629 1718 τὴν
3654 1651 3808 1718 Χαρ-

2228 1738 2345 1807 ρὰν,
2398 1737 2558 1788 κάκεῖ
2603 1737 2952 1805 κατοικήσας,
3006 1733 3147 1786 οὔτω
3185 1732 3484 1804 μετήλλαξε
3530 1733 3621 1785 τὸν
3661 1731 3806 1802 βίον·

2225 1823 2317 1874 καὶ
2341 1821 2461 1872 τότε
2491 1820 2844 1881 κελεύσαντος
2872 1817 2967 1871 τοῦ
3006 1817 3140 1870 Θεοῦ
3170 1817 3560 1886 μετανίσταται
3594 1819 3675 1878 είς
3710 1817 3812 1886 τὴν

2225 1902 2534 1956 Χαναναίαν
2556 1903 2584 1954 6
2611 1902 2975 1972 πατριάρχης.
3011 1901 3228 1971 Ἀμέλει
3262 1900 3322 1953 οὐ
3355 1902 3617 1970 πρότερον
3649 1899 3815 1952 αὐτὸν

2225 1990 2252 2040 ὁ
2278 1986 2408 2049 Θεὸς
2452 1987 2662 2038 ἐκεῖθεν
2713 1986 3000 2054 ἀνέστησε,
3039 1986 3230 2055 μέχρις
3252 1986 3340 2038 ὅτε
3367 1986 3561 2056 Θάρρα
3600 1983 3814 2036 ἐτελεύ-

2225 2087 2374 2138 τησε.
2408 2069 2538 2121 Τότε
2563 2069 2670 2139 γὰρ
2695 2069 2832 2137 μετά
2850 2068 2949 2138 τὴν
2981 2067 3188 2121 ἐκείνου
3218 2068 3493 2138 τελευτὴν,
3525 2067 3678 2138 φησι,
3697 2067 3812 2119 Καὶ

2225 2150 2354 2207 εἷπε
2385 2154 2600 2219 Κύριος
2623 2150 2702 2216 τῷ
2729 2152 2943 2220 Ἅϐραμ
2966 2169 2980 2183 ο
3019 2151 3270 2216 Ἔξελθε
3299 2153 3367 2206 ἐκ
3394 2151 3504 2218 τῆς
3531 2152 3645 2220 γῆς
3668 2166 3810 2211 σου,

2227 2238 2322 2290 καὶ
2355 2237 2421 2290 ἐκ
2448 2235 2558 2304 τῆς
2586 2236 2938 2304 συγγενείας
2961 2250 3099 2298 σου,
3127 2235 3222 2288 καὶ
3252 2235 3320 2288 ἐκ
3369 2237 3476 2289 τοῦ
3499 2236 3667 2288 οἴκου
3704 2234 3816 2286 τοῦ

2227 2323 2448 2387 πατρός
2471 2335 2608 2380 σου,
2643 2319 2738 2372 καὶ
2774 2317 2949 2386 δεῦρο
2979 2320 3064 2384 εὶς
3095 2317 3232 2386 γῆν,
3271 2317 3353 2384 ἣν
3381 2317 3457 2371 ἄν
3486 2336 3582 2371 σοι
3610 2317 3811 2381 δείξω.

2227 2405 2334 2458 Καὶ
2369 2402 2602 2466 ποιήσω
2631 2417 2704 2455 σε
2735 2405 2822 2468 είς
2855 2402 3021 2466 ἔθνος
3045 2401 3217 2471 μέγα,
3250 2404 3346 2456 καὶ
3374 2401 3688 2472 εὐλογήσω
3715 2421 3814 2465 σε,

2227 2487 2322 2542 καὶ
2344 2486 2664 2556 μεγαλυνῶ
2710 2486 2774 2539 τὸ
2815 2487 3001 2554 ὄνομα
3031 2502 3168 2549 σου,
3203 2486 3301 2540 καὶ
3347 2487 3465 2554 ἔσῃ
3494 2486 3818 2556 εὐλογημέ-

2226 2589 2364 2638 νος·
2401 2568 2496 2624 καὶ
2554 2568 2868 2638 εὐλογήσω
2924 2569 3066 2634 τοὺς
3109 2570 3516 2639 εὑλογοῦντὰς
3545 2586 3660 2634 σε,
3712 2571 3814 2623 καὶ

2226 2655 2367 2719 τοὺς
2391 2653 2845 2721 καταρωμένους
2869 2667 2943 2706 σε
2971 2653 3379 2722 καταράσομαι
3398 2670 3413 2684 ·
3445 2654 3542 2707 καὶ
3565 2655 3814 2707 ἐνευλοο

2226 2738 2593 2807 γηθήσονται
2621 2737 2691 2789 ἐν
2712 2736 2811 2789 σοὶ
2834 2736 3024 2791 πᾶσαι
3054 2739 3114 2790 al
3146 2738 3332 2804 φυλαὶ
3357 2735 3466 2802 τῆς
3484 2736 3614 2806 γῆς.
3639 2738 3820 2789 Ἕκα-

2230 2838 2352 2873 στον
2377 2821 2482 2872 τῶν
2505 2819 2811 2890 εἰρημένων
2837 2819 2974 2889 μετά
2998 2818 3282 2888 ἀκριϐείας
3309 2817 3815 2890 διερευνησώμεθα,

2228 2903 2318 2956 ἵνα
2345 2903 2543 2972 ἴδωμεν
2571 2902 2675 2970 τῆς
2706 2901 2931 2972 γνώμης
2957 2900 3049 2954 τοῦ
3078 2902 3416 2972 πατριάρχου
3450 2901 3510 2954 τὸ
3544 2900 3814 2970 φιλόθεον.

2298 2986 2388 3055 Μὴ
2419 2984 2527 3056 γὰρ
2557 2983 2743 3047 ἁπλῶς
2772 2984 3224 3055 παραδράμωμεν
3247 2985 3308 3038 τὸ
3356 2984 3664 3056 εἰρημένον,
3696 2985 3818 3036 ἀλλ’

2228 3068 2570 3138 ἐννοήσωμεν
2603 3068 2727 3131 ὅσος
2752 3067 2849 3120 τοῦ
2877 3069 3249 3138 ἐπιτάγματος
3269 3069 3296 3121 6
3317 3068 3500 3134 ὄγκος.
3536 3068 3816 3130 Ἔξελθε,

2228 3150 2412 3219 φησὶν,
2461 3150 2525 3204 ἐκ
2583 3149 2695 3218 τῆς
2726 3149 2837 3218 γῆς
2867 3164 3004 3210 σου,
3065 3149 3164 3204 καὶ
3197 3151 3265 3203 ἐκ
3299 3147 3411 3218 τῆς
3459 3151 3820 3218 συγγενείας

2228 3247 2365 3296 σου,
2402 3232 2498 3287 καί
2532 3233 2600 3286 ἐκ
2628 3233 2735 3286 τοῦ
2763 3233 2933 3286 οἴκου
2955 3233 3062 3286 τοῦ
3095 3233 3321 3300 πατρός
3343 3249 3481 3294 σου,
3510 3233 3608 3285 καὶ
3636 3233 3822 3300 δεῦρο

2228 3319 2315 3381 εις
2338 3315 2454 3383 τὴν
2482 3315 2616 3385 γῆν,
2649 3314 2724 3382 ἣν
2756 3316 2834 3368 ἄν
2861 3331 2958 3369 σοι
2992 3315 3187 3380 δείξω.
3224 3315 3528 3378 Κατάλιπε,
3558 3315 3712 3382 φησὶ,
3747 3315 3819 3367 τὰ

2228 3399 2361 3467 δῆλα
2383 3398 2474 3451 καὶ
2503 3399 2571 3452 τά
2591 3399 3009 3468 ὡμολογημένα.
3037 3399 3135 3451 καὶ
3167 3398 3504 3469 προτίμησον
3534 3398 3603 3450 τά
3643 3399 3821 3466 ἄδηλα

2229 3482 2322 3535 καὶ
2355 3483 2420 3535 τὰ
2458 3483 2530 3552 μὴ
2563 3482 2882 3551 φαινόμενα.
2903 3482 3105 3536 Σκόπει
3139 3481 3257 3544 πῶς
3293 3480 3354 3546 ἐξ
3395 3483 3572 3551 ἀρχῆς
3619 3485 3717 3534 καὶ
3752 3485 3820 3534 ἐκ

2229 3565 2528 3636 προοιμίων
2552 3564 2890 3635 ἐγυμνάζετο
2917 3569 2945 3620 6
2965 3566 3173 3629 δίκαιος
3200 3565 3268 3618 τά
3295 3565 3368 3636 μὴ
3387 3567 3683 3636 φαινόμενα
3709 3567 3825 3617 τῶν

2229 3647 2571 3716 φαινομένων
2601 3649 2892 3718 προτιμᾷν,
2921 3649 3014 3701 καὶ
3046 3649 3116 3702 τά
3152 3648 3412 3716 μέλλοντα
3457 3647 3565 3701 τῶν
3593 3651 3648 3700 ἐν
3688 3667 3826 3719 χερ-

2231 3732 2314 3784 σὶν
2362 3731 2550 3785 ὄντων.
2604 3730 2738 3784 Οὐδὲ
2769 3731 2878 3801 γὰρ
2909 3731 2970 3784 τὸ
3000 3732 3163 3802 τυχὸν
3193 3727 3262 3802 ἦν
3316 3732 3454 3801 ὅπερ
3489 3732 3824 3785 ἐπετάττετο

2229 3816 2471 3886 ποιῆσαι,
2527 3813 2679 3886 [509]
2733 3815 3056 3868 καταλιπεῖν
3081 3816 3180 3887 τὴν
3217 3816 3345 3885 γῆν,
3381 3815 3509 3868 ἔνθα
3560 3817 3824 3868 τοσοῦτον

2227 3898 2410 3968 ᾣκησε
2439 3897 2653 3968 χρόνον,
2679 3897 2778 3951 καὶ
2797 3898 2896 3970 τὴν
2919 3898 3238 3966 συγγένειαν
3257 3900 3495 3962 ἃπασαν,
3521 3901 3614 3951 καὶ
3639 3901 3825 3954 πάντα

2227 3980 2322 4032 τοῦ
2357 3979 2565 4050 πατρὸς
2589 3979 2680 4032 τὸν
2708 3975 2878 4042 οἷκον,
2909 3982 3004 4034 καὶ
3037 3981 3213 4034 ἐλθεῖν
3235 3981 3364 4034 ἔνθα
3402 3981 3474 4051 μὴ
3503 3981 3641 4052 ᾔδει,
3681 3983 3824 4052 μηδέ

2227 4063 2515 4132 ἠπίστατο.
2553 4063 2628 4115 Οὐ
2657 4062 2767 4133 γάρ
2791 4059 2946 4116 εἶπεν
2973 4066 3052 4125 εἰς
3079 4064 3242 4116 ποίαν
3275 4063 3440 4116 αὑτὸν
3471 4063 3650 4133 χώραν
3689 4063 3825 4132 βού-

2228 4146 2378 4199 λεται
2421 4149 2777 4217 μεταστῆσαι,
2808 4145 2943 4200 ἀλλά
2968 4147 3047 4215 τῷ
3068 4147 3362 4219 ἀδιορίστῳ
3388 4147 3480 4199 τοῦ
3512 4147 3828 4216 ἐπιτάγμα-

2227 4246 2316 4291 τος
2352 4229 2624 4299 ἐγύμναζε
2661 4229 2756 4282 τοῦ
2803 4228 3152 4300 πατριάρχου
3190 4229 3252 4282 τὸ
3306 4229 3575 4297 φιλόθεον.
3634 4229 3828 4298 Δεῦρο

2227 4309 2357 4380 γὰρ,
2391 4313 2575 4381 φησὶν,
2603 4313 2692 4376 είς
2718 4309 2834 4378 τὴν
2868 4310 3004 4379 τὴν,
3039 4309 3120 4378 ἦν
3147 4311 3224 4363 ἂν
3250 4326 3351 4364 σοι
3375 4312 3568 4376 δείξω.
3601 4314 3829 4383 Ἐννόη-

2230 4394 2321 4446 σόν
2367 4410 2476 4463 μοι,
2526 4393 2800 4464 ἀγαπητέ,
2835 4395 2984 4458 ὅπως
3020 4393 3232 4464 ὑψηλῆς
3291 4394 3464 4447 ἐδεῖτο
3493 4394 3724 4466 γνώμης
3764 4397 3829 4450 τὸ

2229 4475 2528 4546 ἐπίταγμα,
2565 4478 2659 4529 καὶ
2689 4476 2931 4546 μηδεμιᾷ
2961 4477 3307 4549 προσπαθείᾳ
3335 4477 3366 4547 ἦ
3401 4478 3660 4549 συνηθείᾳ
3690 4497 3828 4533 κατ-

2228 4558 2514 4628 εχομένης.
2552 4560 2614 4611 Εἰ
2639 4559 2746 4630 γὰρ
2781 4559 2875 4612 νῦν
2913 4560 3051 4628 μετά
3105 4559 3164 4612 τὸ
3215 4559 3493 4613 ἐπιδοῦναι
3536 4563 3637 4631 τὴν
3664 4563 3830 4615 εὐσέ-

2229 4641 2402 4703 ϐειαν,
2436 4640 2608 4706 οὕτως
2637 4643 2745 4694 εἰσὶ
2778 4643 2962 4695 πολλοὶ
2994 4645 3061 4712 τῇ
3092 4640 3352 4712 συνηθείᾳ
3377 4643 3823 4714 προσδεδεμένοι,

2227 4722 2304 4785 ὡς
2336 4723 2431 4775 καὶ
2464 4723 2722 4794 μυριάκις
2753 4725 2818 4777 ἂν
2849 4724 3072 4788 ἕλοιντο,
3104 4723 3206 4776 κᾶν
3236 4725 3452 4794 ἀνάγκη
3493 4727 3823 4800 κατεπείγῃ,

2229 4806 2407 4858 πάντα
2437 4805 2746 4876 ὑπομεῖναι,
2773 4806 2805 4876 ἢ
2828 4805 2936 4858 τῶν
2955 4807 3135 4860 τόπων
3158 4808 3512 4878 μεταστῆναι,
3532 4807 3660 4860 ἔνθα
3690 4813 3830 4882 πρό-

2227 4905 2384 4960 τερον
2407 4888 2507 4948 τὴν
2539 4888 2749 4960 οἴκησιν
2776 4889 2954 4959 ἔσχον,
2993 4891 3085 4942 καὶ
3111 4889 3284 4942 ταῦτα
3325 4891 3426 4943 οὑκ
3462 4892 3554 4945 ἐπὶ
3593 4892 3704 4945 τῶν
3731 4911 3829 4946 τυ-

2229 4972 2435 5042 χόντων
2461 4971 2621 5041 μόνον
2650 4971 2860 5043 ἀνδρῶν
2890 4972 3038 5025 ἐστιν
3085 4972 3233 5036 ἰδεῖν,
3275 4973 3414 5026 ἀλλὰ
3455 4975 3549 5026 καὶ
3602 4974 3701 5027 ἐπὶ
3730 4995 3830 5045 φυ-

2230 5056 2434 5124 γόντων
2463 5056 2590 5115 τοὺς
2616 5057 2674 5107 ἐν
2706 5055 2855 5125 μέσῳ
2883 5053 3164 5124 θορύϐους,
3201 5055 3298 5109 καὶ
3318 5057 3412 5109 τὸν
3436 5056 3546 5109 τῶν
3571 5059 3832 5128 μοναχῶν

2231 5138 2504 5208 ἑλομένων
2544 5136 2688 5206 βίον·
2731 5136 2912 5207 πολλῷ
2954 5137 3018 5208 δὴ
3077 5138 3278 5208 μᾶλλον
3324 5140 3446 5192 τότε
3493 5139 3588 5194 τὸν
3613 5141 3828 5194 δίκαιον

2229 5219 2414 5272 τοῦτον
2469 5219 2617 5283 εἰκὸς
2669 5214 2739 5290 ἦν
2763 5219 3090 5290 δυσχερᾶναι
3121 5221 3260 5292 πρὸς
3293 5221 3354 5274 τὸ
3388 5222 3696 5294 ἐπίταγμα,
3730 5227 3829 5278 καὶ

2229 5302 2586 5373 ὀκνηρότερον
2612 5302 2970 5372 καταστῆναι.
2991 5303 3237 5369 Ἔξελθε,
3254 5303 3408 5374 φησι,
3431 5304 3527 5357 καὶ
3549 5307 3825 5360 κατάλιπε

2230 5387 2356 5448 τούς
2377 5387 2678 5453 συγγενεῖς,
2697 5385 2898 5438 καὶτὸν
2919 5381 3066 5439 οἷκον
3084 5387 3174 5440 τὸν
3196 5387 3487 5457 πατρικὸν,
3518 5389 3616 5440 καὶ
3637 5389 3828 5457 Δεῦρο

2231 5472 2318 5535 εἰς
2343 5468 2478 5537 τῆν,
2504 5467 2587 5536 ἣν
2599 5469 2678 5522 ἅν
2700 5484 2800 5523 σοι
2821 5469 3017 5535 δείξω.
3043 5470 3177 5522 Τίνα
3192 5464 3286 5524 οὖν
3302 5470 3404 5523 οὐκ
3430 5471 3497 5524 ἂν
3517 5471 3825 5542 ἐθορύϐησε

2230 5553 2389 5604 ταυτὶ
2421 5551 2489 5605 τὰ
2527 5553 2782 5622 ῥήματας
2835 5553 2971 5606 Οὐτε
2999 5553 3090 5606 τὸν
3116 5554 3301 5619 τόπον,
3342 5552 3465 5606 οὐτε
3507 5555 3607 5624 τὴν
3639 5556 3828 5626 χώρα)

2231 5635 2397 5705 δήλην
2441 5634 2588 5705 αὐτῷ
2617 5638 2778 5702 ποιεῖ,
2811 5635 2950 5688 ἀλλά
2976 5635 3055 5705 τῷ
3088 5636 3379 5707 ἀδιορίστῳ
3409 5637 3692 5706 βασανίζει
3730 5638 3824 5690 τοῦ

2231 5718 2440 5771 δικαίου
2469 5717 2567 5788 τὴν
2601 5718 2849 5789 γνώμην.
2893 5718 2956 5771 Εἰ
2983 5719 3092 5790 γὰρ
3129 5721 3316 5790 ἕτερός
3349 5738 3434 5782 τις
3481 5717 3550 5790 ἦν
3575 5724 3605 5774 6
3637 5723 3826 5775 κελευ-

2235 5801 2401 5864 σθεὶς,
2433 5801 2526 5853 καὶ
2548 5795 2628 5864 εἷς
2660 5801 2769 5855 τῶν
2793 5801 3023 5863 πολλῶν,
3056 5800 3208 5855 εἶπεν
3228 5803 3314 5855 ἄν·
3345 5799 3544 5856 Ἔστω·
3575 5805 3825 5867 κελεύεις

2236 5899 2302 5952 με
2319 5882 2636 5936 καταλιπεῖν
2653 5884 2752 5955 τὴν
2778 5885 2882 5953 γῆν
2905 5885 3031 5937 ἔνθα
3055 5885 3150 5937 νῦν
3174 5886 3331 5949 οἰκῶ,
3353 5888 3453 5957 τὴν
3474 5889 3818 5956 συγγένειαν,

2233 5966 2323 6018 τὸν
2369 5963 2516 6020 οἷκον
2563 5967 2653 6020 τὸν
2688 5968 2992 6040 πατρικῶς
3037 5967 3181 6031 τίνος
3213 5969 3399 6024 ἕνεκεν
3445 5971 3563 6037 οὐχὶ
3601 5973 3692 6026 καὶ
3728 5969 3816 6025 τὸν
