4062 6396
184 355 304 411 285
1151 344 1221 400 IN
1259 344 1416 399 CAP.
1456 343 1546 397 XI.
1590 342 1674 397 ET
1716 340 1807 396 Xll

190 481 318 521 mus
346 481 363 519 :
390 462 490 519 sed
515 461 751 518 contenti
771 460 939 515 simus
963 457 1228 513 dominica
1254 457 1429 512 laude.
1464 456 1621 528 Cujus
1646 456 1759 509 laus
1781 495 1795 519 ,

189 557 406 628 inquit,
449 572 553 609 non
590 572 656 609 ea;
694 553 1010 618 hominibus,
1040 549 1130 604 sed
1157 566 1224 604 ea:
1247 548 1356 603 Deo
1398 548 1571 619 (Rom.
1599 546 1652 601 2.
1679 547 1797 616 29).

191 650 262 703 Et
301 663 415 719 quo
457 647 628 716 magis
659 643 946 700 virtutibus
972 641 1362 712 locupletamur
1387 649 1440 694 et
1467 639 1759 694 crescimus
1783 678 1799 702 ,

192 740 302 796 hoc
329 739 503 810 magis
531 738 760 794 modesti
791 738 959 791 simus
978 745 1034 791 et
1055 734 1412 789 bumiliemur.
1445 732 1577 787 Nam
1604 731 1703 787 etsi
1734 731 1802 785 ad

189 848 468 888 summum
509 830 720 885 virtutis
766 829 974 898 apicem
1017 826 1419 897 pertigerimus,
1461 825 1508 878 si
1552 823 1606 878 id
1653 832 1804 892 grato

191 924 382 979 animo
408 938 534 978 cum
567 922 661 976 Dei
683 919 958 976 beneficiis
985 933 1388 988 comparemus,
1417 915 1574 970 facile
1602 914 1806 970 videbi-

191 1031 355 1083 mus,
401 1031 472 1070 ne
511 1014 791 1068 minimam
834 1010 1048 1082 quidem
1076 1020 1280 1080 partem
1301 1023 1408 1088 nos
1433 1023 1618 1062 eorum
1639 1048 1655 1074 ,
1685 1021 1804 1074 quae

189 1111 245 1165 in
278 1123 384 1163 nos
425 1106 694 1171 contulit,
723 1103 1060 1173 adaequasse.
1091 1102 1224 1156 Hinc
1253 1101 1395 1155 enim
1423 1113 1612 1153 omnes
1634 1095 1804 1151 sancti

191 1198 409 1269 probati
449 1198 700 1262 fuerunt,
741 1205 796 1251 et
831 1195 942 1248 Deo
965 1193 1191 1262 accepti.
1220 1191 1333 1246 Hoc
1364 1199 1421 1244 ut
1441 1190 1646 1254 discas,
1676 1189 1803 1242 audi

190 1292 480 1346 doctorem
521 1289 699 1352 orbis,
744 1287 976 1340 animam
1015 1284 1158 1338 illam
1188 1299 1306 1353 qua:
1337 1283 1387 1334 in
1418 1281 1609 1336 caelum
1640 1295 1807 1349 usque

191 1385 488 1456 pertingit,
531 1380 802 1452 quomodo
851 1387 974 1448 post
1017 1386 1096 1432 tot
1141 1375 1393 1446 praeclara
1438 1388 1636 1444 opera,
1687 1379 1808 1442 post

192 1487 406 1534 tantum
425 1476 493 1530 de
510 1476 643 1529 εωιο
675 1470 1034 1528 testimonium
1058 1467 1194 1541 (Vas
1209 1467 1372 1532 enim,
1399 1465 1588 1536 inquit,
1610 1464 1809 1518 electio-

189 1573 271 1625 nis
299 1581 373 1624 est
397 1570 523 1622 mihi
547 1569 630 1620 hic
660 1567 794 1639 [Αει.
824 1565 876 1620 9.
903 1562 1005 1634 15]
1026 1565 1065 1632 ),
1099 1577 1205 1615 non
1236 1559 1564 1614 obliviscitur
1589 1571 1806 1612 suorum

190 1665 557 1727 delictorum,
589 1661 682 1715 sed
704 1657 965 1714 ambabus
993 1655 1270 1719 manibus,
1299 1661 1356 1706 ut
1381 1651 1563 1716 aiunt,
1591 1665 1652 1703 ea
1685 1663 1806 1702 ver—

189 1766 315 1822 sat,
348 1764 404 1810 et
435 1769 610 1822 neque
634 1766 820 1806 eorum
852 1749 1166 1803 memoriam
1195 1743 1465 1799 obliterari
1496 1743 1715 1812 patitur,
1739 1740 1807 1794 de

189 1848 392 1914 quibus
438 1845 772 1899 certissimus
808 1848 958 1904 erat,
1005 1839 1119 1908 ipsa
1165 1853 1259 1906 per
1299 1836 1616 1904 baptismum
1647 1833 1808 1886 fuisse

191 1939 441 2002 dimissa,
465 1938 558 1991 sed
577 1937 768 1989 clamat
786 1943 839 1988 et
855 1932 983 1988 dicit
1007 1949 1022 1986 :
1049 1929 1293 1983 Minimus
1312 1944 1424 1982 sum
1443 1925 1807 1997 apostolorum,

191 2042 238 2083 et
273 2046 381 2083 non
421 2043 536 2082 sum
573 2027 756 2096 dignus
784 2023 957 2078 vocari
986 2020 1247 2092 apostolus
1274 2017 1351 2091 (Ι.
1378 2017 1495 2072 Cor.
1527 2019 1613 2072 15.
1639 2014 1717 2088 9).
1743 2017 1809 2070 Et

193 2133 407 2189 postea,
428 2128 486 2173 ut
505 2120 773 2188 ingentem
797 2115 915 2184 ejus
944 2113 1214 2168 discamus
1239 2111 1609 2173 humilitatem,
1629 2107 1806 2161 addit:

193 2211 274 2266 Eo
306 2210 443 2278 quod
469 2217 799 2281 persequutus
823 2222 934 2259 sum
965 2204 1248 2258 Ecclesium
1279 2201 1393 2254 Dei.
1426 2200 1560 2268 Quid
1589 2201 1702 2271 agis
1722 2241 1736 2264 ,
1767 2214 1799 2255 0

190 2302 408 2358 Paule?
453 2301 712 2355 Dominus
753 2314 850 2368 per
891 2294 1310 2352 misericordiam
1351 2307 1500 2346 suam
1533 2291 1728 2346 delevit
1755 2299 1809 2344 et

190 2396 402 2450 dimisit
445 2394 626 2447 omnia
668 2401 885 2461 peccata
929 2397 1039 2454 tua,
1084 2396 1138 2441 et
1179 2395 1234 2440 tu
1281 2400 1343 2440 ea
1379 2383 1554 2437 adhuc
1579 2381 1808 2436 subinde

193 2503 386 2543 versas
406 2527 421 2552 ,
466 2496 523 2539 et
559 2482 875 2539 memoras?
921 2480 1096 2534 Etiam
1126 2496 1140 2531 :
1169 2477 1281 2532 scio
1309 2476 1451 2530 enim
1473 2516 1487 2540 ,
1521 2474 1728 2543 inquit,
1755 2482 1810 2528 et

190 2597 310 2636 non
351 2581 544 2650 ignoro
571 2577 862 2631 Dominum
887 2587 1066 2628 meum
1096 2571 1187 2625 illa
1212 2568 1480 2624 dimisisse
1513 2584 1525 2620 :
1555 2565 1649 2621 sed
1679 2567 1806 2620 dum

192 2687 412 2728 mecum
438 2669 722 2726 considero
747 2682 866 2737 qua:
887 2664 1105 2720 fecerim
1125 2703 1140 2728 ,
1167 2671 1222 2717 et
1245 2661 1401 2716 video
1425 2659 1616 2714 divina:
1640 2660 1810 2712 mise-

191 2765 448 2821 ricordia:
487 2764 710 2834 pelagus
739 2777 752 2813 :
789 2771 914 2814 tunc
945 2757 1116 2827 probe
1136 2755 1284 2810 disco
1308 2767 1396 2806 me
1419 2751 1590 2821 gratia
1621 2762 1675 2805 et
1703 2749 1807 2802 ini-

191 2856 496 2914 sericordia
543 2855 635 2908 Dei
671 2867 792 2908 esse
822 2851 873 2905 id
899 2848 1041 2919 quod
1069 2862 1208 2902 sum.
1239 2843 1372 2899 Nam
1402 2858 1524 2898 cum
1553 2840 1807 2910 dixisset,

192 2953 324 3006 Non
369 2967 484 3004 sunt
532 2949 719 3018 dignus
752 2944 921 2998 vocari
944 2942 1328 3022 apostolus,‘eo
1357 2937 1492 3007 quod
1525 2935 1804 2989 Ecclesium

190 3045 296 3099 Dei
323 3061 438 3098 sum
469 3050 796 3111 persequutus
817 3080 831 3103 ,
857 3036 1094 3092 subdidit
1125 3052 1139 3088 :
1173 3030 1353 3087 Gratia
1377 3041 1550 3084 autem
1579 3027 1675 3081 Dei
1695 3043 1807 3080 sum

190 3142 250 3194 id
294 3139 434 3211 quod
476 3155 589 3194 sum
632 3135 793 3204 (Ibid.
817 3149 865 3185 υ.
907 3131 1017 3197 10).
1061 3130 1174 3198 Ego
1193 3122 1642 3197 quidem,inquit,
1666 3127 1808 3175 tanta

193 3232 416 3287 ferebar
439 3230 646 3283 insania
671 3245 685 3291 ;
716 3224 996 3280 ineffabilis
1028 3231 1207 3275 autem
1239 3218 1357 3288 ejus
1379 3215 1590 3271 bonitas
1611 3221 1665 3267 et
1684 3226 1808 3282 gra-

192 3329 268 3380 tia
303 3323 677 3378 remissionem
703 3318 870 3373 dedit.
897 3314 1115 3371 Vidistis
1135 3311 1367 3365 animam
1393 3307 1679 3362 contritam
1707 3345 1722 3369 ,
1753 3311 1810 3358 et

191 3419 518 3476 memoriam
563 3421 941 3484 peccatorum,
987 3422 1106 3477 quae
1149 3413 1274 3459 ante
1303 3401 1623 3470 baptismum
1654 3412 1806 3451 com-

191 3515 450 3575 miserat,
484 3516 742 3577 perpetuo
774 3498 1240 3557 circumferentem
1265 3495 1288 3548 ?
1314 3494 1464 3548 Illum
1485 3499 1540 3546 et
1563 3504 1662 3544 nos
1688 3487 1805 3542 imi-

191 3615 415 3665 tentur,
466 3609 521 3654 et
563 3612 751 3652 eorum
795 3610 914 3664 quae
960 3599 1083 3660 post
1125 3586 1448 3657 baptismum
1491 3581 1808 3637 admisimus

188 3695 443 3766 quotidie
489 3703 758 3744 memores
778 3729 793 3753 ,
826 3684 1187 3751 continuoque
1213 3693 1274 3733 ea
1304 3679 1354 3731 in
1383 3685 1562 3729 mente
1584 3687 1806 3727 versan-

154 3792 162 3799 '
191 3797 282 3842 tes
307 3827 320 3851 ,
349 3796 642 3852 numquam
674 3777 1045 3848 permittamus
1069 3781 1128 3826 ut
1151 3771 1387 3841 ipsorum
1405 3767 1807 3821 obliviscamur.

192 3879 316 3933 lloc
346 3875 490 3931 enim
520 3874 730 3927 frenum
757 3869 985 3925 sufficiet
1011 3865 1078 3920 ad
1106 3860 1497 3920 humiliandum
1520 3873 1639 3925 nos,
1666 3867 1719 3910 et
1739 3855 1806 3910 ad

193 3967 526 4025 modestiam
569 3960 1008 4033 ingenerandam.
1038 3958 1107 4012 Et
1135 3954 1260 4026 quid
1289 3953 1409 4008 dico
1437 3951 1657 4006 Paulum
1689 3958 1808 4002 tan-

193 4071 399 4116 tum.et
427 4057 590 4112 talem
619 4057 792 4110 virum
818 4055 840 4108 'l
872 4053 966 4106 Vis
996 4050 1180 4105 videre
1209 4046 1368 4102 etiam
1396 4060 1488 4100 eos
1515 4044 1603 4114 qui
1632 4045 1686 4097 in
1710 4057 1807 4097 ve-

195 4155 303 4210 teri
348 4154 467 4223 lege
511 4151 638 4205 hinc
681 4151 913 4202 maxime
951 4145 1292 4206 claruerunt,
1323 4138 1464 4209 quod
1497 4147 1618 4208 post
1647 4139 1807 4190 innu-

196 4261 352 4301 mera
386 4245 522 4296 bona
546 4257 709 4312 opera
727 4282 744 4308 ,
773 4248 827 4294 et
852 4236 1175 4292 ineffabilem
1205 4232 1345 4302 apud
1371 4232 1535 4286 Deum
1561 4229 1806 4284 fiduciam

195 4337 435 4392 modesti
486 4334 722 4388 fuerint?
763 4330 902 4385 Audi
938 4327 1066 4399 quid
1111 4325 1256 4380 dicat
1293 4321 1627 4393 patriarcha,
1654 4329 1807 4390 post-

196 4446 364 4500 quam
394 4424 841 4482 cousuetudincm
865 4437 986 4475 eum
1019 4421 1126 4472 Deo
1154 4415 1373 4478 habuit,
1409 4421 1464 4467 et
1489 4413 1623 4466 facta
1651 4422 1733 4466 est
1754 4411 1805 4464 ei

197 4519 493 4592 promissio
535 4535 549 4572 :
595 4517 710 4590 Ego
751 4525 918 4568 autem
948 4554 964 4579 ,
1011 4511 1219 4581 inquit,
1269 4517 1403 4560 terra
1441 4522 1552 4558 sum
1592 4514 1641 4557 et
1679 4504 1805 4557 cinis

198 4607 358 4678 (Gen.
396 4605 484 4659 18.
515 4604 630 4674 Ἦ).

274 4703 330 4756 5.
374 4701 644 4755 Caeterum
688 4694 810 4763 quia
838 4692 890 4744 in
918 4686 1234 4758 patriarchae
1259 4682 1584 4738 mentionem
1611 4677 1804 4734 incidi-

197 4812 324 4853 mus
346 4837 361 4860 ,
387 4794 432 4848 si
457 4792 662 4862 placet,
689 4803 751 4842 ea
775 4800 894 4855 quae
919 4780 1077 4835 hodie
1104 4780 1240 4832 lecta
1263 4782 1422 4839 sunt,
1445 4785 1805 4862 proponamus

199 4886 418 4944 caritati
459 4860 654 4937 vestra:
678 4921 693 4946 ,
740 4891 846 4946 quo
891 4873 994 4927 illis
1019 4869 1300 4940 explicatis
1325 4864 1599 4919 videamus
1627 4860 1806 4915 excel-

201 4984 407 5037 lentem
437 4975 566 5048 justi
593 4974 862 5028 virtutem.
892 4967 981 5022 51.
1013 4963 1081 5017 Ει
1107 4961 1337 5031 accepit,
1367 4957 1532 5028 inquit
1556 4996 1570 5019 ,
1605 4953 1806 5008 Tharra

201 5077 401 5130 Abram
437 5079 485 5124 et
514 5067 727 5122 Nae/tor
757 5063 889 5132 ﬁlios
917 5075 1035 5114 suos
1059 5099 1074 5122 ,
1100 5066 1146 5110 et
1173 5055 1268 5108 Lot
1297 5053 1462 5123 ﬁlium
1489 5050 1584 5118 ﬁlii
1609 5049 1688 5102 sui
1717 5063 1735 5101 :
1759 5055 1807 5100 et

205 5167 402 5222 Suram
440 5177 628 5214 nurum
666 5173 846 5220 suam,
887 5166 1096 5206 uxorem
1120 5157 1287 5201 autem
1315 5145 1464 5196 Abrae
1492 5142 1586 5208 ﬁlii
1615 5142 1727 5201 sui,
1759 5147 1806 5191 et

205 5255 387 5310 eduxit
427 5269 511 5306 eos
542 5265 606 5304 ex
630 5258 765 5301 terra
791 5244 1168 5303 Chaldaeorum,
1213 5246 1266 5289 ut
1293 5233 1728 5305 proﬁciscerentur
1753 5230 1806 5280 in

205 5359 397 5402 terram
420 5343 847 5399 Cltananceorum,
875 5346 918 5388 et
942 5333 1073 5387 venit
1093 5345 1246 5398 usque
1267 5327 1332 5378 ad
1359 5323 1608 5387 Charran,
1641 5330 1687 5374 et
1716 5319 1809 5372 ha-

205 5442 385 5496 bitavit
415 5438 541 5491 illic.
570 5434 658 5488 52.
693 5431 762 5485 Ει
789 5435 990 5494 fuerunt
1010 5439 1180 5478 omnes
1207 5421 1312 5473 dies
1343 5417 1550 5470 Tltarra:
1569 5415 1623 5466 in
1645 5410 1808 5467 Char-

205 5549 322 5599 γαπ,
365 5529 490 5582 anni
526 5524 726 5577 ducenti
768 5520 984 5585 quinque
1003 5556 1018 5582 ,
1048 5524 1091 5567 et
1123 5522 1350 5564 mortuus
1379 5517 1449 5560 est
1479 5507 1531 5558 in
1557 5504 1803 5558 Charran.

209 5594 466 5680 Animum
495 5619 800 5687 diligenter,
827 5611 1072 5670 obsecro,
1104 5606 1168 5658 iis
1197 5617 1316 5673 qua:
1341 5601 1476 5654 lecta
1502 5605 1626 5652 sunt
1650 5594 1806 5650 adhi-

209 5723 477 5777 beamus,
523 5721 582 5765 ut
623 5716 859 5762 mentem
904 5715 1119 5763 eorum,
1151 5695 1340 5764 qmeiu
1366 5691 1575 5760 scriptis
1601 5689 1804 5748 latent,

213 5804 704 5880 deprrhcndatuus.
741 5798 877 5852 Ecce
907 5793 1047 5848 enim
1082 5803 1208 5843 mox
1234 5788 1284 5840 iu
1317 5782 1574 5855 principio
1598 5778 1805 5833 videtur

1817 380 1829 392 .
1873 340 2118 398 GENES.
2159 342 2390 398 HOMIL.
2433 342 2627 399 XXXI.

3399 348 3504 404 286

1913 469 2034 509 esse
2079 457 2324 525 quaastio.
2357 456 2491 510 Nam
2520 472 2642 512 cum
2673 457 2762 512 ille
2785 458 2974 513 beatus
3003 459 3260 530 propheta
3281 502 3298 527 ,
3335 461 3510 519 Moses

1908 546 2122 615 inquam
2149 587 2164 612 ,
2190 546 2383 602 dixerit
2412 564 2426 601 :
2455 548 2659 618 Accepit
2685 547 2887 604 Tharra
2913 551 3104 605 Abram
3122 561 3170 607 et
3191 552 3425 621 Nachor,
3463 564 3512 610 et

1907 637 2079 690 eduxit
2113 654 2176 692 ea:
2202 647 2335 691 terra
2373 639 2751 704 Chaldteorum,
2782 652 2838 695 ut
2866 642 3302 710 proficiscerentur
3327 647 3380 699 in
3408 657 3509 699 ter-

1906 744 2016 780 ram
2037 727 2446 782 Chananazorum
2475 745 2495 784 :
2524 740 2571 784 et
2596 730 2728 784 venit
2754 749 2911 801 usque
2933 734 3002 786 ad
3025 733 3277 803 Charran,
3299 748 3346 790 et
3369 739 3514 792 babi-

1909 818 2029 870 tavit
2052 817 2159 871 illic
2183 834 2202 872 :
2230 818 2422 873 beatus
2449 820 2754 890 Stephanus
2780 821 2998 879 Judaeos
3029 824 3275 893 laudans,
3303 827 3508 898 inquit:

1909 909 2046 963 Deus
2082 910 2262 980 glorias
2297 912 2432 966 visus
2466 922 2539 967 est
2565 915 2697 982 patri
2723 926 2896 969 nostra
2923 917 3179 972 Abraham
3197 961 3212 983 ,
3244 937 3358 974 cum
3386 931 3516 977 esset

1910 1003 1962 1055 in
1994 1000 2382 1071 MesOpotamia,
2408 1007 2708 1076 priusquam
2729 1009 2975 1063 habitaret
3003 1012 3055 1064 in
3076 1010 3330 1078 Charran,
3358 1024 3404 1068 et
3431 1016 3512 1069 il—

1911 1093 2042 1158 linc,
2086 1104 2351 1164 postquam
2378 1107 2604 1152 mortuus
2633 1109 2706 1153 est
2739 1110 2882 1166 pater
2907 1103 3016 1172 ejus
3036 1144 3050 1166 ,
3081 1106 3334 1173 proﬁcisci
3353 1107 3513 1176 jussit

1911 1182 2048 1253 (Act.
2094 1185 2146 1240 7.
2190 1186 2244 1239 2.
2274 1187 2356 1257 4).
2387 1187 2524 1255 Quid
2561 1189 2755 1259 igitur?
2785 1193 3117 1249 dissideutne
3145 1211 3176 1248 a
3209 1199 3398 1266 seipsis
3425 1199 3510 1253 di-

1909 1279 2046 1331 vinae
2088 1278 2422 1348 Scripturae?
2463 1281 2653 1347 Absit;
2696 1283 2790 1338 sed
2843 1301 2906 1340 ex
2948 1285 3050 1341 hoc
3086 1287 3514 1345 animadvertere

1912 1368 2074 1438 licet,
2105 1373 2248 1440 quod
2278 1386 2397 1426 cum
2427 1371 2566 1427 filius
2594 1374 3080 1445 religiosusesset,
3109 1379 3252 1433 visus
3280 1381 3330 1434 ei
3361 1381 3503 1436 Deus

1912 1459 2194 1528 imperavit
2232 1471 2290 1516 ιιι
2332 1462 2456 1518 inde
2493 1465 2765 1533 migraret.
2793 1466 2944 1534 Quod
2977 1477 3033 1521 ut
3056 1471 3271 1538 agnovit
3301 1470 3507 1525 Tharra

1914 1562 2063 1619 pater
2083 1553 2220 1622 ejus,
2250 1553 2375 1609 licet
2403 1554 2632 1610 infidelis
2658 1568 2823 1624 esset,
2847 1569 3079 1614 attamen
3107 1561 3178 1614 ob
3198 1577 3434 1617 amorem
3457 1564 3508 1618 in

1912 1643 2079 1697 filium
2121 1646 2300 1700 socius
2339 1646 2413 1700 illi
2459 1650 2902 1717 peregrinationis
2948 1666 3066 1705 esse
3109 1653 3294 1706 voluit.
3342 1654 3404 1707 Et
3453 1665 3508 1707 ut

1911 1737 2058 1789 venit
2075 1737 2125 1790 in
2150 1738 2408 1804 Charran,
2427 1755 2489 1794 ac
2514 1740 2617 1795 illic
2636 1741 2890 1796 habitavit
2913 1743 3257 1813 aliquamdiu,
3280 1746 3384 1799 vita
3411 1746 3508 1801 hac

1913 1828 2143 1880 excessit
2175 1845 2188 1879 :
2222 1829 2520 1896 patriarcha
2549 1843 2726 1886 autem
2758 1844 2880 1886 tunc
2901 1834 3124 1901 jubente
3152 1836 3262 1889 Deo
3290 1837 3338 1888 in
3367 1835 3509 1890 Cha-

1914 1933 2157 1972 nameam
2172 1921 2458 1974 concessit.
2487 1922 2722 1992 Denique
2751 1940 2856 1978 non
2888 1935 3042 1978 antea
3071 1940 3194 1980 eum
3227 1927 3364 1980 Deus
3387 1928 3510 1981 inde

1912 2011 2174 2076 evocavit,
2188 2010 2359 2065 donec
2377 2023 2620 2068 mortuus
2637 2014 2954 2069 estTharra.
2975 2016 3126 2070 Tunc
3139 2017 3283 2071 enim
3310 2019 3397 2070 illo
3419 2019 3514 2072 de-

1913 2099 2113 2169 functo,
2131 2102 2301 2172 inquit
2318 2105 2360 2158 :1
2376 2143 2388 2154 .
2401 2103 2550 2174 (Cap.
2562 2108 2581 2158 l
2594 2104 2650 2176 2)
2668 2106 2734 2160 Et
2751 2108 2879 2161 dixit
2897 2107 3142 2162 Dominus
3155 2109 3332 2164 Abrae:
3348 2109 3513 2182 Egre-

1913 2191 2029 2244 dere
2050 2192 2112 2244 de
2133 2202 2267 2246 terra
2298 2203 2406 2259 tua,
2435 2203 2483 2248 et
2512 2195 2574 2248 de
2599 2200 2896 2265 cognatione
2922 2207 3011 2250 tua
3033 2239 3048 2264 ,
3079 2208 3126 2252 et
3151 2199 3213 2252 de
3240 2200 3388 2253 domo
3416 2218 3512 2269 pa-

1912 2285 2001 2337 tris
2025 2286 2129 2350 tui,
2165 2296 2210 2338 et
2237 2287 2347 2339 veni
2375 2287 2428 2339 in
2459 2296 2644 2341 terram
2669 2306 2820 2356 quant
2850 2302 3193 2345 monstravere
3220 2294 3325 2346 tibi.
3356 2293 3409 2347 2.
3447 2293 3512 2347 Et

1913 2376 2100 2446 faciant
2127 2387 2174 2429 te
2201 2378 2253 2430 in
2273 2388 2471 2448 gentem
2495 2396 2732 2449 magnam
2756 2395 2775 2434 :
2794 2391 2841 2434 et
2863 2381 3152 2435 benedicam
3176 2383 3298 2450 tibi,
3323 2394 3369 2437 et
3398 2401 3511 2437 nta-

1911 2468 2163 2537 gniﬁcabo
2203 2485 2382 2522 nomen
2414 2481 2584 2538 tuum,
2626 2481 2670 2525 et
2702 2473 2800 2526 eris
2830 2472 3165 2538 benedictus;
3195 2476 3248 2529 5.
3283 2487 3329 2529 et
3358 2476 3500 2530 bene-

1911 2561 2077 2612 dicunt
2105 2561 2506 2617 benedicentibus
2529 2573 2602 2628 te,
2636 2573 2682 2617 et
2711 2564 3064 2618 maledicentes
3090 2577 3135 2618 te
3164 2567 3465 2620 maledicum
3489 2586 3508 2632 ;

1912 2660 1956 2702 et
1981 2651 2332 2705 benedicentur
2361 2654 2414 2706 in
2441 2663 2488 2706 te
2513 2670 2684 2708 omnes
2709 2655 2869 2708 tribus
2897 2664 3063 2709 teme.
3104 2656 3322 2727 Singula
3365 2658 3506 2712 dicta

1911 2741 2195 2811 diligenter
2235 2755 2666 2813 perscrutemur,
2709 2755 2766 2800 ut
2810 2748 3116 2817 religiosam
3153 2758 3209 2804 et
3244 2751 3386 2818 piam
3417 2769 3509 2819 pa-

1914 2833 2157 2886 triarchae
2187 2844 2424 2889 mentem
2449 2837 2742 2891 videamus.

1986 2923 2244 2987 Quantum
2277 2926 2340 2978 sit
2370 2927 2587 2995 patriam
2615 2944 2760 2981 suam
2785 2928 3157 2998 relinquere.——
3173 2930 3254 2986 Ne
3284 2942 3510 3000 praeter—

1911 3030 2098 3069 eamus
2143 3016 2317 3070 obiter
2358 3017 2533 3083 dicta,
2583 3019 2677 3072 sed
2721 3021 3206 3079 animadvertamus
3253 3034 3509 3090 quantum

1911 3105 2118 3175 imperii
2163 3107 2393 3178 pondus.
2422 3107 2680 3176 Egredere
2699 3151 2712 3173 ,
2743 3110 2948 3180 inquit,
2976 3112 3040 3166 de
3064 3122 3196 3166 terra
3226 3123 3313 3166 tua
3335 3155 3351 3180 ,
3379 3125 3426 3167 et
3448 3119 3510 3168 de

1912 3200 2208 3267 cognatione
2233 3210 2319 3252 tua
2337 3241 2351 3265 ,
2378 3210 2425 3254 et
2455 3202 2516 3253 de
2539 3203 2686 3254 domo
2714 3204 2874 3271 patris
2899 3205 3000 3269 tui,
3031 3214 3078 3258 et
3104 3205 3213 3258 veni
3247 3206 3300 3258 in
3326 3216 3508 3260 terram

1910 3312 2060 3362 quam
2093 3305 2434 3350 monstravere
2463 3296 2569 3348 tibi.
2603 3297 2763 3362 Quasi
2789 3297 2993 3351 diceret
3024 3314 3037 3351 :
3069 3297 3330 3367 Relinque
3359 3311 3502 3354 certa

1910 3389 2238 3442 et'omnibus
2277 3399 2460 3457 aperta
2481 3431 2494 3453 ,
2528 3398 2582 3443 et
2609 3390 2746 3460 elige
2772 3391 2940 3460 magis
2975 3392 3173 3445 incerta
3201 3403 3254 3446 et
3283 3409 3387 3446 non
3416 3411 3508 3463 ap-

1910 3478 2172 3548 parentia.
2230 3478 2522 3534 Considera
2577 3482 2845 3550 quomodo
2898 3482 2965 3535 ab
3015 3483 3166 3537 initio
3218 3497 3504 3539 exercetur

1905 3571 2100 3636 justus,
2127 3578 2183 3623 ut
2213 3571 2482 3639 prmeligat
2505 3585 2610 3623 non
2637 3573 2944 3640 apparentia
2971 3587 3078 3641 prae
3099 3577 3498 3641 apparentibus,

1911 3673 1965 3716 et
1992 3661 2164 3716 futura
2210 3678 2320 3731 pra:
2368 3663 2432 3716 iis
2461 3677 2578 3732 qua:
2603 3663 2654 3715 in
2686 3664 2932 3718 manibus
2975 3675 3120 3716 sunt.
3149 3665 3331 3735 Neque
3363 3669 3505 3721 enim

1913 3753 2130 3823 vulgare
2156 3763 2210 3808 et
2237 3769 2454 3823 parvum
2495 3753 2694 3824 aliquid
2721 3764 2835 3808 erat
2864 3755 2934 3817 id,
2965 3756 3106 3824 quod
3137 3757 3184 3810 ei
3217 3767 3274 3810 ut
3303 3759 3504 3812 {ticeret

1909 3845 2249 3916 praecipiebat
2273 3846 2412 3900 Deus
2432 3862 2444 3896 :
2465 3860 2656 3914 nempe
2674 3854 2730 3899 ut
2751 3854 2946 3900 terram
2969 3846 3314 3917 relinqueret,
3338 3864 3501 3918 quam

1911 3937 2231 3992 inhabitant
2269 3946 2416 3990 tanto
2455 3947 2714 4006 tempore,
2747 3947 2801 3992 et
2842 3953 3055 3992 omnem
3100 3942 3499 4009 cognationem,

1909 4039 1961 4084 et
1990 4038 2152 4082 totam
2197 4029 2360 4099 patris
2386 4029 2622 4095 domum,
2667 4031 2870 4099 iretque
2897 4032 3141 4085 nesciens
3169 4041 3223 4086 et
3251 4033 3501 4102 ignorans

1910 4138 2188 4191 quorsum.
2215 4121 2330 4176 Non
2358 4123 2498 4176 enim
2525 4122 2661 4176 dixit
2679 4123 2749 4188 ei,
2773 4122 2824 4176 in
2847 4138 3002 4192 quam
3023 4125 3294 4192 regionem
3325 4136 3503 4180 trans-

1911 4213 2054 4268 ferre
2094 4229 2214 4268 eum
2259 4214 2438 4278 vellet,
2469 4213 2562 4267 sed
2592 4215 2839 4268 mandato
2866 4213 3142 4269 indefinito
3166 4216 3307 4285 pium
3339 4220 3474 4286 patri

1909 4309 2125 4362 archam
2167 4307 2424 4360 exercuit.
2466 4305 2589 4359 Veni
2630 4306 2796 4370 enim,
2833 4306 3023 4376 inquit,
3056 4307 3110 4360 in
3139 4318 3320 4360 terram
3352 4325 3503 4378 quam

1910 4409 2249 4454 monstravero
2280 4397 2387 4451 tibi.
2419 4398 2624 4468 Cogita,
2657 4413 2860 4467 qumso,
2894 4399 3108 4466 dilecte,
3137 4415 3295 4468 quam
3335 4401 3502 4454 subli-

1908 4505 2051 4546 mem
2092 4490 2326 4544 animum
2360 4488 2663 4557 requirebat
2692 4491 2793 4544 hoc
2827 4489 3172 4543 mandatum:
3217 4491 3307 4559 qui
3348 4491 3505 4561 plane

1910 4582 2050 4635 nulla
2076 4580 2161 4636 vel
2185 4579 2487 4644 affectione,
2517 4578 2601 4633 vel
2628 4580 3012 4635 consuetudine
3039 4580 3285 4650 impediri
3314 4591 3498 4650 potue-

1908 4674 1998 4727 rit.
2038 4671 2093 4728 Si
2121 4671 2264 4726 enim
2293 4685 2456 4735 nunc,
2491 4679 2608 4739 post
2645 4679 2787 4723 tanta
2835 4670 3108 4740 religionis
3153 4672 3498 4734 incrementa,

1910 4765 2062 4819 multi
2091 4765 2227 4820 adeo
2252 4771 2373 4819 sunt
2416 4763 2784 4817 consuetudini
2831 4777 2944 4817 sum
2983 4763 3202 4832 alligati,
3232 4771 3289 4815 ut
3328 4764 3504 4830 potius

1910 4857 2095 4918 multa,
2124 4856 2224 4909 etsi
2266 4854 2554 4910 necessitas
2601 4865 2806 4924 urgeat,
2829 4854 3115 4924 omniaque
3145 4854 3286 4910 ferre
3312 4855 3500 4921 velint,

1909 4963 2068 5016 quam
2097 4947 2208 5001 loca
2238 4955 2443 5001 mutare
2483 4946 2535 4998 in
2580 4946 2772 5015 quibus
2803 4947 2948 5014 prius
2973 4947 3239 5000 habebant
3276 4946 3492 5001 domici-

1911 5038 2037 5092 lium
2063 5055 2077 5091 :
2099 5038 2151 5091 id
2176 5037 2314 5107 quod
2344 5053 2446 5092 non
2471 5037 2644 5090 solum
2668 5053 2697 5090 a
2730 5037 3034 5106 vulgaribus
3057 5038 3360 5093 hominibus
3385 5039 3501 5094 fiert

1910 5131 2174 5194 videmus,
2197 5129 2291 5184 sed
2311 5130 2472 5183 etiam
2499 5130 2566 5183 ab
2587 5130 2650 5182 iis
2677 5130 2764 5198 qui
2783 5144 2813 5182 e
2837 5131 3014 5183 medio
3043 5133 3270 5184 tumultu
3297 5133 3500 5201 fugere,

1911 5233 1967 5278 et
1992 5223 2340 5278 nt0nasticam
2369 5223 2528 5275 vitam
2553 5221 2863 5290 delegerunt
2889 5240 2901 5274 :
2926 5235 3126 5292 quanto
3151 5227 3318 5294 magis
3358 5227 3500 5280 veri-

1910 5316 2085 5372 simile
2112 5323 2227 5369 erat
2245 5313 2446 5382 justum
2474 5312 2621 5367 illum
2649 5311 2717 5366 ad
2757 5312 2858 5368 hoc
2879 5314 3188 5369 mandatum
3214 5316 3503 5370 tardiorem

1912 5408 2068 5464 fore?
2095 5406 2384 5477 Egredere,
2418 5406 2606 5474 inquit,
2639 5415 2693 5460 et
2731 5407 2970 5476 relinque
3005 5416 3282 5477 cognatos,
3320 5418 3374 5463 et
3402 5409 3500 5464 do-

1913 5515 2058 5554 mum
2090 5508 2384 5568 paternam,
2417 5505 2470 5552 et
2495 5497 2613 5552 veni
2641 5497 2691 5550 in
2723 5505 2916 5551 terram
2947 5513 3107 5568 quam
3135 5509 3504 5554 monstravere

1914 5591 2026 5646 tibi.
2067 5591 2238 5658 Quem
2267 5605 2373 5644 non
2412 5588 2688 5643 turbarent
2713 5587 2874 5643 Verba
2920 5589 3060 5642 ista?
3085 5587 3268 5659 Neque
3305 5590 3502 5653 locum,

1913 5699 2086 5752 neque
2126 5684 2395 5754 regionem
2427 5691 2628 5737 certam
2672 5681 2722 5735 ei
2768 5681 3030 5751 designat,
3075 5681 3168 5734 sed
3224 5679 3502 5734 indefinito

1917 5785 2186 5846 praecepto
2217 5784 2449 5832 mentem
2486 5774 2728 5845 explorat
2766 5773 2912 5844 justi.
2958 5773 3088 5828 Nam
3128 5773 3172 5827 si
3198 5773 3315 5844 quis
3344 5773 3500 5839 alius,
