4062 6396
587 354 688 406 ἓΒἹ

584 477 637 521 ct
666 482 695 520 e
737 465 890 534 vulgo
933 462 1117 515 fuisset
1162 462 1205 515 is
1234 462 1320 531 qui
1352 463 1653 515 mandatum
1683 463 1905 533 accepit,
1944 462 2163 517 dixisset

585 559 765 626 utique
794 575 804 608 :
852 555 1013 620 Esto;
1046 554 1307 624 prmcipis,
1354 563 1411 609 ut
1440 556 1731 624 relinquam
1779 565 1973 609 terram
2003 572 2161 625 quam

582 649 841 713 inhabito,
872 647 1258 717 cognationem,
1290 646 1504 700 donnnn
1530 657 1803 715 paternam
1831 665 1842 700 :
1867 662 2031 717 quare
2058 662 2161 701 non

581 742 739 793 etiam
768 740 938 793 locum
961 738 1221 804 declaras,
1246 738 1297 791 in
1321 754 1478 808 quem
1498 754 1585 793 me
1614 738 1875 807 proficisci
1899 738 2073 807 jubes,
2106 751 2163 792 ut

580 833 862 885 certiorem
925 847 1011 886 me
1067 830 1255 884 reddas
1301 840 1556 899 quantum
1602 831 1670 885 sit
1710 831 1810 884 iter
1857 831 2162 901 agendum?

579 924 733 979 Unde
760 926 900 977 enim
932 939 1087 977 nosse
1114 924 1314 978 valeam
1340 922 1458 990 hac,
1483 939 1640 993 quam
1667 924 1928 994 relinquo,
1952 923 2161 977 uberio-

579 1030 691 1068 rem
718 1024 769 1069 et
802 1016 1219 1083 prmstantiorem
1251 1015 1393 1068 illam
1422 1014 1579 1068 esse?
1610 1015 1680 1067 At
1700 1015 1871 1083 justus
1906 1014 2035 1067 nihil
2067 1017 2159 1067 ho-

578 1120 694 1158 rum
723 1106 801 1158 vel
833 1105 984 1165 dixit,
1010 1104 1092 1158 vel
1123 1104 1369 1173 cogitavit
1396 1122 1407 1157 :
1440 1105 1532 1158 Sed
1563 1104 1849 1173 respiciens
1870 1104 1934 1159 ad
1958 1105 2160 1172 magni-

578 1195 814 1249 tudinem
844 1210 1030 1250 eorum
1056 1210 1172 1263 quae
1202 1195 1456 1263 imperata
1487 1203 1658 1260 erant,
1695 1194 1758 1248 iis
1801 1210 1919 1264 quae
1958 1195 2009 1248 in
2041 1212 2157 1248 ma-

579 1286 733 1340 nibus
764 1286 990 1340 habebat
1034 1286 1231 1341 incerta
1264 1284 1595 1355 prmferebat.
1626 1286 1783 1355 Atqui
1826 1285 1871 1341 si
1914 1301 2017 1340 non
2049 1295 2155 1341 tam

575 1390 891 1444 generosum
919 1375 1184 1444 spiritum,
1218 1391 1316 1430 nec
1344 1386 1446 1429 tam
1477 1376 1895 1445 philosophicam
1922 1388 2153 1431 mentem

576 1466 883 1529 habuisset,
926 1482 1023 1520 nec
1067 1465 1332 1521 didicisset
1372 1482 1465 1535 per
1502 1467 1677 1519 omnia
1717 1466 1826 1520 Deo
1864 1467 2153 1536 parendum

574 1572 725 1620 esse;
770 1556 955 1610 fuisset
985 1566 1157 1611 tamen
1189 1558 1237 1611 ei
1268 1565 1322 1611 et
1347 1556 1486 1611 aliud
1516 1558 1677 1611 etiam
1706 1558 1875 1627 ipsum
1903 1572 2005 1611 non
2032 1573 2153 1626 par-

573 1664 696 1701 vum
726 1648 1192 1717 impedimentum;
1223 1662 1413 1717 nempe
1439 1664 1581 1702 mors
1612 1649 1795 1718 patris.
1824 1648 1980 1701 Scitis
2009 1649 2151 1703 enim

574 1740 767 1791 multos
797 1754 1163 1807 sa-peuumero
1203 1748 1418 1809 propter
1458 1740 1698 1808 sepulcra
1725 1750 2067 1809 cognatorum
2100 1742 2150 1796 in

572 1831 675 1883 illis
714 1830 841 1883 locis
871 1830 1003 1883 mori
1033 1830 1287 1900 deligere,
1335 1830 1419 1884 ubi
1462 1839 1711 1899 parentes
1740 1846 1923 1885 eorum
1955 1832 2151 1886 mortui

570 1931 621 1973 ct
650 1922 835 1989 sepulti
865 1930 1005 1973 sunt.

638 2013 690 2065 4.
729 2010 1022 2065 Verisimile
1045 2011 1199 2081 igitur
1219 2019 1331 2065 erat
1356 2019 1409 2065 et
1434 2016 1632 2079 justum
1656 2009 1796 2064 hunc
1818 2052 1833 2077 ,
1858 2010 1957 2065 nisi
1984 2010 2149 2065 Deum

569 2102 850 2169 plurimum
874 2112 1134 2165 amasset,
1172 2102 1289 2154 talia
1323 2101 1556 2170 potuisse
1584 2102 1817 2169 cogitare
1844 2118 1855 2153 :
1885 2100 2023 2157 Ecce
2054 2117 2151 2171 pa-

570 2204 650 2245 ter
677 2201 890 2261 proliter
932 2208 1081 2245 suum
1113 2193 1165 2245 in
1197 2208 1280 2247 me
1326 2207 1562 2247 amorem
1591 2209 1621 2248 e
1647 2194 1806 2248 domo
1836 2208 1930 2247 sua
1970 2196 2149 2264 profe-

567 2295 713 2347 ctus,
739 2283 990 2351 pristinas
1021 2283 1432 2338 consuetudines
1459 2284 1719 2353 despexit,
1752 2294 1806 2340 et
1831 2287 2149 2356 contemptis

566 2373 811 2425 ttltllliilllS
842 2372 943 2426 huc
974 2388 1138 2442 usque
1164 2374 1343 2438 venit;
1376 2376 1523 2444 quasi
1551 2375 1787 2431 diceret:
1818 2377 2040 2447 Propter
2064 2394 2149 2434 me

566 2467 615 2517 in
645 2465 812 2517 aliena
844 2474 981 2518 terra
1009 2467 1111 2518 vita
1136 2464 1414 2519 defunctus
1437 2475 1517 2520 est
1546 2484 1559 2524 :
1590 2483 1688 2536 ego
1714 2480 1892 2523 autem
1920 2484 2023 2523 non
2048 2470 2144 2525 da-

564 2566 712 2607 turus
740 2569 854 2607 smn
899 2570 1137 2624 operam,
1184 2564 1241 2609 ut
1271 2565 1387 2624 post
1416 2566 1641 2611 mortem
1679 2573 1775 2627 par
1801 2560 1848 2613 ei
1890 2560 2104 2615 reddam
2128 2604 2141 2627 ,

564 2647 656 2699 sed
708 2648 892 2700 relicto
945 2662 1063 2701 cum
1116 2648 1429 2717 cognatione
1478 2651 1643 2718 patris
1691 2652 1971 2720 sepulcro,
2024 2653 2148 2709 hinc

563 2740 788 2793 abeam?
820 2742 974 2809 Atqui
1005 2741 1133 2794 nihil
1163 2740 1350 2795 borum
1392 2742 1716 2796 alacritatem
1744 2744 1858 2812 ejus
1891 2749 2145 2801 remorari

562 2832 728 2899 potuit
764 2850 775 2883 :
822 2833 913 2884 sed
946 2832 1123 2885 omnia
1165 2833 1297 2886 levia
1343 2841 1396 2886 et
1439 2832 1608 2887 facilia
1654 2834 1701 2887 ei
1732 2838 2146 2903 repraesentabat

560 2940 685 2975 suus
718 2925 766 2975 in
803 2924 965 2975 Deum
995 2938 1162 2976 amor.
1195 2923 1456 2977 Fortassis
1482 2934 1535 2978 et
1564 2925 1688 2978 illttd
1722 2938 1897 2979 mente
1928 2936 2146 2981 tractas-

561 3022 674 3077 set,
707 3013 964 3081 siquidem
1007 3013 1252 3067 humanis
1283 3014 1577 3068 rationibus
1605 3030 1690 3067 res
1729 3030 1851 3069 Suas
1882 3018 2144 3072 moderari

562 3104 851 3156 voluisset:
886 3103 941 3155 lu
975 3102 1072 3156 hac
1096 3111 1270 3167 a3tate,
1300 3119 1401 3172 qua
1441 3120 1580 3157 nunc
1610 3104 1675 3157 ad
1710 3113 2024 3172 postremam
2058 3125 2143 3161 se-

562 3204 768 3245 nectam
814 3194 991 3258 tendo,
1019 3210 1269 3263 quorsum
1314 3196 1553 3251 abiturus
1594 3198 1751 3250 smn?
1782 3213 1884 3251 non
1931 3200 2142 3254 fratrem

561 3300 768 3337 mecum
812 3284 1033 3349 ducens,
1065 3300 1236 3352 neque
1266 3296 1517 3355 cognatos
1547 3301 1751 3340 meeum
1784 3287 1983 3343 habens
2005 3330 2018 3353 ,
2052 3291 2143 3344 sed

559 3376 625 3429 ab
650 3375 895 3428 omnibus
921 3376 1326 3443 consanguineis
1355 3386 1735 3445 sequestratus,
1762 3378 2030 3447 quomodo
2055 3396 2146 3435 so-

561 3470 766 3522 litarius
797 3478 850 3523 et
875 3469 1184 3537 peregrinus
1211 3469 1260 3521 in
1293 3479 1488 3522 terram
1518 3470 1743 3523 alienam
1775 3486 2010 3540 pergam,
2046 3488 2141 3527 ne-

561 3560 702 3614 scius
749 3560 833 3613 ubi
866 3560 1077 3612 errandi
1121 3559 1240 3611 finis
1270 3560 1473 3612 futurus
1498 3561 1607 3613 sit?
1633 3560 1782 3626 Quod
1814 3563 1857 3616 si
1890 3564 2064 3617 medio
2092 3564 2141 3617 in

560 3651 748 3703 itinere
776 3651 1049 3718 contingat
1070 3665 1153 3703 me
1181 3650 1284 3703 vita
1312 3649 1547 3720 defungi,
1578 3666 1694 3720 qua:
1726 3661 1884 3706 tanta:
1917 3655 2143 3708 miseria:

560 3744 718 3796 fuerit
748 3742 985 3795 utilitas?
1012 3742 1127 3811 quis
1156 3758 1239 3795 me
1263 3751 1526 3795 mortumn
1553 3743 1757 3797 curabit
1782 3758 1985 3808 senem,
2020 3760 2141 3813 per-

558 3835 1106 3901 egrinum,earenlem
1153 3832 1402 3895 civitate,
1464 3842 1733 3887 carentem
1772 3834 1971 3887 domo?
2015 3834 2145 3889 For-

562 3925 714 3976 tassis
768 3940 900 3976 uxor
949 3923 1150 3976 vicinos
1196 3924 1471 3989 exorabit,
1522 3932 1578 3977 ut
1627 3926 2141 3980 commiserationem

557 4015 839 4083 quamdam
865 4017 915 4069 in
941 4032 1025 4069 me
1054 4016 1358 4081 exhibeant,
1389 4017 1598 4084 etjusta
1629 4032 1693 4071 ex
1725 4018 1973 4072 collatitia
2007 4023 2142 4089 stipe

560 4109 732 4161 fat-iet.
752 4108 959 4173 Quanto
989 4109 1150 4162 satius
1181 4108 1359 4172 fuerit,
1382 4118 1437 4161 ut
1466 4111 1577 4179 ipse
1608 4110 1751 4164 brevi
1783 4112 1920 4181 quod
1951 4128 2139 4182 super-

562 4207 637 4249 tSl.
666 4206 903 4265 tempore
944 4198 1028 4250 hic
1061 4198 1300 4251 residens
1350 4199 1509 4252 vitam
1557 4201 1857 4265 terminem,
1899 4218 2054 4271 quam
2097 4205 2139 4257 si

571 4302 719 4341 tenes
756 4289 877 4340 hinc
919 4297 974 4341 et
1001 4288 1122 4341 inde
1163 4304 1339 4357 vager,
1372 4299 1425 4343 et
1453 4291 1689 4343 omnium
1721 4294 2025 4347 scommatis
2056 4296 2140 4347 iu-

562 4390 758 4441 cessar,
789 4378 877 4444 qui
898 4393 1068 4446 neque
1096 4379 1144 4429 in
1170 4388 1325 4432 aetate
1348 4379 1435 4431 illa
1462 4380 1670 4448 quietus
1694 4382 1886 4444 vivam,
1911 4383 2003 4437 sed
2025 4385 2139 4437 loca

560 4467 691 4521 locis
718 4477 946 4530 mutans,
979 4469 1160 4522 nullihi
1191 4470 1513 4523 subsistant?
1542 4470 1805 4526 Caeterum
1842 4473 2014 4542 justus
2043 4476 2141 4529 iste

560 4560 691 4613 nihil
724 4559 911 4611 borum
956 4559 1234 4627 cogitavit.
1267 4560 1359 4613 sed
1399 4561 1721 4631 przecipieuti
1750 4563 1967 4618 obedire
2001 4566 2142 4617 festi-

560 4651 722 4703 navit.
763 4648 869 4703 Sed
898 4650 1032 4703 lorte
1070 4649 1262 4703 dixerit
1289 4651 1585 4720 quispiam:
1627 4653 1706 4705 Ad
1746 4654 2139 4708 incitamentum

561 4743 688 4795 satis
720 4739 815 4794 fuit
841 4743 911 4806 ei,
954 4738 1075 4792 Veni
1104 4741 1156 4792 in
1184 4749 1366 4793 terram
1396 4758 1547 4809 quam
1575 4741 1661 4793 tibi
1690 4752 2068 4808 monstravere;
2096 4754 2143 4798 ct

558 4834 746 4899 faciant
790 4841 834 4884 te
858 4832 909 4884 in
938 4841 1133 4901 gentem
1162 4848 1428 4900 niagnam,
1462 4841 1506 4884 et
1538 4833 1822 4886 benedicam
1847 4844 1912 4887 te.
1947 4835 2140 4890 Verum

559 4920 697 4975 istud
728 4922 919 4989 ipsum,
945 4921 1041 4975 nisi
1066 4920 1181 4989 pius
1204 4920 1406 4986 fuisset,
1434 4923 1561 4975 satis
1582 4935 1697 4977 erat
1723 4924 1786 4977 ad
1815 4925 2140 4981 reddendum

560 5029 682 5065 eum
715 5013 1039 5079 segniorem,
1072 5024 1124 5066 et
1158 5012 1221 5065 ad
1246 5012 1607 5068 obedientiam
1626 5015 1790 5084 magis
1816 5018 2143 5071 cunctabun-

558 5104 706 5157 dmn.
743 5104 872 5157 Nam
905 5106 948 5158 si
978 5120 1115 5158 unus
1146 5104 1336 5175 aliquis
1366 5120 1397 5160 e
1424 5106 1580 5174 vulgo
1607 5106 1811 5173 fuisset,
1842 5110 2019 5164 dicere
2045 5127 2141 5179 po-

560 5196 745 5250 tuisset
770 5214 782 5248 :
810 5197 985 5263 Quare
1013 5212 1099 5251 me
1130 5212 1349 5266 peregre
1376 5197 1635 5265 proficisci
1654 5200 1831 5267 jubes,
1860 5210 1915 5254 et
1941 5202 1990 5254 in
2014 5202 2142 5256 alie-

562 5301 682 5339 nam
714 5294 906 5340 terram
931 5286 1184 5340 abducis?
1213 5302 1376 5354 quare
1397 5291 1439 5341 si
1467 5303 1550 5341 me
1572 5303 1817 5358 magnum
1841 5290 2015 5346 facere
2038 5293 2136 5360 vis,

560 5393 666 5432 non
698 5380 782 5431 hic
810 5394 1055 5447 magnum
1096 5379 1265 5431 lacis?
1298 5394 1464 5447 quare
1493 5380 1543 5433 in
1573 5381 1733 5435 domo
1771 5392 1987 5451 paterna
2022 5400 2140 5439 ver-

562 5480 792 5531 santcm,
830 5478 918 5521 tua
948 5468 1313 5522 benedictione
1338 5484 1442 5523 non
1473 5469 1746 5539 dignaris?
1769 5472 1919 5537 Quod
1946 5474 1990 5528 si
2015 5489 2143 5528 con-

562 5560 727 5628 tingat
778 5561 1077 5628 priusquam
1123 5559 1426 5626 perveniam
1467 5560 1518 5612 in
1548 5560 1721 5613 locum
1760 5578 1916 5631 quem
1952 5563 2139 5632 jubes,

565 5650 907 5718 delatigatmn
938 5666 1022 5705 me
1053 5651 1257 5704 itineris
1287 5652 1555 5706 laboribus
1584 5654 1777 5721 perire,
1806 5665 1860 5709 et
1887 5656 2047 5710 vitam
2080 5655 2142 5709 ft-

566 5738 703 5807 nire,
732 5755 848 5808 qua?
878 5740 1004 5793 mihi
1036 5757 1098 5795 ex
1128 5742 1401 5809 promissis
1430 5742 1669 5799 utilitas?
1698 5744 1767 5797 At
1795 5744 1922 5802 nihil
1948 5746 2137 5802 horum

1298 347 1354 400 S.
1393 344 1669 400 JOANNIS
1708 345 2180 403 CIIRYSOSTOMI
2220 345 2533 402 ARCHIEP.
2574 347 3104 407 CONSTANTINOP.

3738 360 3842 416 288

2271 460 2353 515 vel
2383 460 2433 514 in
2467 472 2643 516 mente
2682 464 3074 533 suscipiendum
3099 467 3326 530 censuit,
3357 469 3472 533 sed,
3513 471 3647 525 sicut
3676 473 3843 530 ﬁdelis

2270 566 2476 616 servus,
2523 553 2587 605 ad
2635 554 2807 609 solum
2847 554 3129 624 imperium
3172 558 3423 625 obedivit,
3466 561 3593 615 nihil
3635 565 3849 622 curiose

2269 658 2534 710 quaerens,
2568 646 2874 715 nullumque
2899 647 3041 701 aliud
3080 649 3345 718 negotium
3378 660 3713 719 pnetexens;
3751 658 3847 711 sed

2268 732 2669 801 obtemperavit,
2717 745 2921 790 certum
2955 737 3175 803 habens,
3224 742 3527 811 neutiquam
3574 747 3847 802 mendacia

2267 840 2387 879 esse
2422 826 2511 880 Dei
2542 828 2834 895 promissa:
2870 827 2935 883 Et
2973 832 3161 900 faciam
3190 841 3237 886 te
3266 834 3321 886 in
3357 845 3550 905 gentem
3588 855 3846 907 magnam,

2267 915 2451 985 inquit,
2480 927 2525 970 et
2552 919 2836 973 benedicam
2864 932 2928 987 te,
2967 932 3014 975 et
3044 924 3375 994 magniﬁcabo
3400 942 3579 980 nomen
3610 938 3770 991 tuum,
3798 942 3849 983 et

2264 1007 2360 1059 eris
2388 1007 2690 1063 benedictus.
2717 1010 2958 1081 Magnum
2991 1014 3355 1082 promissionis
3381 1018 3605 1084 pondus.
3632 1017 3848 1073 Faciam

2264 1106 2330 1157 te.
2381 1098 2567 1167 inquit,
2618 1102 2671 1154 in
2714 1112 2909 1170 gentem
2952 1120 3208 1175 magnam,
3255 1116 3299 1158 et
3344 1106 3629 1161 benedicam
3676 1120 3749 1175 te,
3794 1124 3846 1164 et

2262 1190 2597 1257 magnificabo
2626 1207 2807 1245 nomen
2834 1202 2997 1246 tuum.
3028 1193 3143 1247 Non
3187 1194 3357 1249 solum
3382 1200 3525 1265 genti
3556 1214 3759 1268 magna:
3790 1211 3845 1253 te

2262 1279 2566 1346 pra-liciam,
2584 1288 2637 1334 et
2664 1296 2853 1336 nomen
2877 1291 3025 1337 tuum
3042 1284 3293 1339 extollam
3319 1303 3332 1338 :
3355 1286 3449 1340 sed
3468 1297 3519 1342 et
3540 1286 3845 1343 Benedicam

2261 1376 2327 1433 te,
2356 1378 2399 1420 et
2429 1370 2525 1423 eris
2551 1370 2853 1426 benedictus.
2888 1373 2964 1427 Ne
2997 1383 3169 1443 putes,
3209 1375 3423 1443 dilecte,
3458 1394 3656 1432 meram
3687 1396 3845 1448 rcpe«

2262 1459 2497 1514 titionem
2524 1477 2661 1528 esse,
2690 1472 2744 1517 et
2775 1464 2911 1517 idem
2934 1465 3015 1519 bis
3046 1465 3289 1533 proferri,
3315 1481 3435 1520 cum
3464 1468 3659 1523 dicitur
3679 1471 3843 1525 Base-

2259 1552 2425 1605 dicam
2470 1565 2549 1617 te,
2582 1565 2629 1608 et
2672 1557 2770 1609 eris
2820 1558 3119 1611 benedictus.
3156 1558 3318 1612 Tanta
3350 1561 3488 1614 enim
3521 1571 3593 1626 te,
3637 1563 3836 1633 inquit.

2260 1643 2623 1700 benedictione
2663 1648 2943 1715 dignabor,
2995 1660 3049 1703 ut
3077 1650 3162 1703 illa
3193 1651 3245 1704 in
3288 1668 3446 1705 mnue
3470 1656 3724 1707 szeculum
3770 1656 3841 1708 sit

2257 1732 2529 1789 duratura.
2575 1735 2693 1789 Eris
2731 1739 2873 1791 enim
2904 1740 3210 1805 benedictus,
3238 1741 3307 1794 ita
3338 1751 3394 1795 ut
3430 1758 3616 1798 omnes
3645 1747 3839 1799 summi

2259 1821 2477 1878 honoris
2518 1826 2635 1879 loco
2674 1826 2902 1881 habituri
2951 1829 3077 1893 sint,
3107 1830 3151 1884 si
3196 1831 3275 1884 eis
3304 1840 3478 1885 tecum
3509 1831 3841 1888 familiaritas

2256 1916 2545 1984 contingat.
2567 1916 2722 1971 Vides
2748 1919 3015 1988 quomodo
3038 1930 3193 1975 antea
3219 1931 3272 1975 et
3299 1922 3366 1975 ab
3391 1922 3539 1976 initio
3568 1924 3617 1977 ei
3650 1926 3839 1992 prde-

2256 2006 2328 2057 cit
2368 2007 2660 2061 claritatem
2690 2024 2846 2076 quam
2888 2009 2961 2063 illi
2989 2011 3210 2065 daturus
3237 2022 3369 2065 erat.
3407 2012 3622 2066 Faciam
3650 2025 3717 2078 te,
3754 2018 3837 2070 in-

2255 2095 2389 2163 quit,
2420 2096 2472 2149 in
2500 2108 2694 2166 gentem
2725 2115 2980 2168 magnam,
3012 2112 3058 2153 et
3089 2103 3418 2171 magni/icabo
3448 2121 3626 2157 nomen
3657 2117 3797 2159 tuum
3820 2149 3836 2170 ,

2255 2194 2302 2239 et
2329 2186 2616 2241 benedicam
2644 2198 2709 2252 te,
2740 2201 2785 2242 et
2812 2192 2911 2244 eris
2935 2192 3236 2245 benedictus.
3270 2192 3469 2247 Idcirco
3492 2206 3546 2248 et
3571 2192 3739 2251 δικιςυί
3770 2197 3840 2249 de

2256 2277 2552 2345 patriarcha
2576 2280 2943 2348 superbientes
2986 2281 3231 2335 volebant
3254 2298 3311 2336 se
3351 2284 3402 2337 in
3443 2284 3560 2354 ejus
3585 2286 3841 2340 famiiiun

2255 2369 2544 2435 intrudere,
2574 2383 2627 2425 et
2653 2371 2897 2425 dicebant
2930 2391 2942 2426 :
2977 2372 3101 2428 Filii
3132 2374 3387 2427 Abraham
3410 2392 3600 2431 sumus.
3632 2378 3739 2430 Sed
3782 2390 3843 2431 ut

2253 2460 2458 2514 discant
2486 2476 2545 2515 se
2574 2473 2791 2533 propter
2821 2465 2989 2519 malos
3013 2480 3190 2520 mores
3218 2466 3461 2535 indignos
3488 2482 3607 2521 esse
3634 2468 3721 2520 illa
3755 2468 3837 2520 fa-

2254 2552 2396 2605 milia
2426 2562 2479 2607 et
2505 2568 2717 2622 genere,
2738 2554 2866 2609 dicit
2886 2557 2963 2609 eis
2989 2556 3269 2611 Christus:
3302 2557 3362 2612 Si
3382 2557 3476 2626 ﬁlii
3504 2558 3723 2611 Abralue
3748 2576 3834 2611 es-

2252 2644 2389 2706 setis,
2433 2660 2587 2713 Opera
2632 2645 2849 2699 Abrahte
2889 2648 3120 2714 faceretis
3163 2649 3331 2718 utique
3378 2649 3565 2717 (Joan.
3599 2650 3650 2703 8.
3700 2650 3769 2704 59
3794 2652 3837 2718 ).

2250 2733 2482 2788 Jozmues
2524 2750 2752 2805 quoque,
2800 2736 3070 2791 Zachariae
3101 2740 3257 2802 ﬁlius,
3288 2754 3407 2793 cum
3442 2738 3508 2790 ad
3549 2739 3842 2796 Jordanem

2251 2830 2580 2883 conﬂuerent
2607 2830 2858 2899 baptizari
2887 2833 3179 2900 cupientes,
3221 2832 3435 2886 dicebat
3476 2834 3591 2885 eis:
3635 2831 3840 2903 Proge-

2252 2920 2357 2972 nies
2396 2921 2697 2989 viperarum,
2744 2923 2855 2992 quis
2879 2923 3174 2975 monstrauit
3219 2923 3354 2976 vobis
3389 2924 3563 2993 fugere
3590 2940 3621 2975 a
3658 2924 3841 2991 futura

2250 3010 2370 3063 ira?
2412 3009 2587 3063 Facite
2623 3013 2776 3080 igitur
2814 3014 3031 3082 fructum
3080 3013 3287 3082 dignum
3330 3013 3649 3082 pwuitentiw,
3696 3023 3745 3067 et
3775 3033 3842 3067 ne

2251 3106 2569 3172 pra’sumatis
2612 3106 2793 3168 dicere,
2845 3104 3052 3157 Patrem
3098 3106 3338 3157 habemus
3384 3106 3656 3158 Abraham.
3706 3104 3839 3159 Dico

2250 3193 2381 3245 enim
2406 3194 2561 3256 uobis,
2594 3194 2728 3263 quod
2757 3204 2914 3263 potest
2945 3193 3082 3247 Deus
3109 3210 3170 3247 ea:
3196 3195 3449 3263 lapidibus
3479 3196 3586 3248 istis
3610 3196 3839 3250 excitare

2249 3285 2384 3353 filios
2435 3284 2652 3338 Abraha:
2717 3285 2945 3355 (Matth.
2989 3285 3042 3338 5.
3083 3285 3239 3354 7-9).
3300 3285 3515 3339 Vidistis
3561 3286 3839 3353 quomodo

2250 3389 2498 3443 maguum
2538 3374 2677 3444 apud
2714 3389 2902 3429 omnes
2939 3375 3057 3443 ejus
3104 3390 3297 3429 nomen
3338 3373 3533 3429 fuerit?
3574 3375 3678 3431 Sed
3709 3385 3837 3431 ante

2250 3474 2498 3519 eventum
2522 3466 2649 3534 justi
2679 3468 2845 3534 pietas
2883 3476 3228 3529 monstratur,
3265 3466 3529 3535 quomodo
3557 3466 3711 3522 dictis
3740 3468 3837 3522 Dei

2249 3555 2559 3620 crediderit,
2610 3565 2664 3611 et
2713 3557 2892 3611 omnia
2935 3572 3051 3625 quae
3102 3558 3413 3611 videbantur
3456 3573 3575 3613 esse
3613 3560 3834 3629 gravia,

2251 3660 2438 3713 magna
2463 3643 2719 3703 facilitate
2741 3646 3053 3715 susceperit.
3080 3646 3143 3700 Et
3168 3647 3477 3713 benedicam,
3510 3650 3712 3718 inquit,
3738 3650 3834 3703 be-

2248 3734 2536 3800 nedicentes
2562 3744 2628 3799 te,
2648 3744 2695 3788 et
2728 3736 3074 3791 maledicentes
3101 3749 3146 3791 te
3178 3738 3472 3792 maledicam
3502 3757 3521 3792 :
3546 3752 3592 3794 et
3619 3742 3835 3795 benedi-

2249 3837 2422 3879 centur
2446 3828 2497 3878 in
2527 3835 2574 3880 te
2598 3844 2771 3881 omnes
2797 3829 2953 3883 tribus
2982 3840 3145 3884 ιρι-ναι.
3177 3831 3307 3886 Vide
3341 3833 3607 3902 quomodo
3636 3843 3836 3890 attem-

2250 3927 2400 3985 perat
2427 3931 2727 3971 sermonem
2757 3919 2917 3987 Deus,
2939 3930 2992 3974 et
3011 3931 3263 3990 quantum
3293 3926 3540 3979 amicitiae
3571 3937 3839 3983 monstrat

2248 4018 2639 4075 argumentum.
2676 4009 2815 4074 Illos,
2848 4011 3036 4080 inquit,
3067 4016 3267 4068 amicos
3295 4015 3520 4081 habebo,
3551 4018 3641 4086 qui
3669 4020 3837 4071 bene-

2249 4101 2366 4154 vole
2393 4116 2516 4170 erga
2558 4110 2610 4154 te
2646 4110 2803 4155 erunt
2839 4104 3013 4157 allecti
3038 4123 3051 4159 ;
3080 4115 3133 4159 et
3172 4106 3287 4161 illos
3319 4109 3558 4163 inimicos
3601 4109 3831 4175 habebo,

2247 4192 2334 4259 qui
2367 4206 2488 4261 erga
2513 4200 2564 4245 te
2594 4195 2861 4247 contrario
2888 4195 3047 4248 modo
3074 4207 3231 4250 erunt
3255 4197 3428 4253 allecti
3452 4216 3467 4252 :
3498 4199 3546 4253 id
3572 4201 3716 4269 quod
3747 4202 3839 4257 vix

2246 4282 2340 4335 lilii
2369 4299 2491 4353 erga
2524 4294 2699 4351 patres
2730 4285 3025 4340 faciendum
3054 4300 3320 4356 putarent,
3366 4301 3422 4344 ut
3446 4292 3659 4346 eosdem
3696 4310 3838 4363 quos

2247 4373 2322 4427 illi
2349 4374 2608 4429 haberent
2632 4375 2833 4429 amicos
2860 4384 2915 4430 et
2940 4378 3202 4433 inimicos.
3238 4380 3468 4435 Maxima
3488 4424 3501 4446 ,
3535 4382 3755 4451 dilecti,
3778 4384 3835 4437 iu

2248 4464 2602 4533 patriarcham
2630 4466 2721 4521 Dei
2746 4468 2859 4522 hare
2885 4479 2963 4522 est
2991 4469 3379 4525 benevolentia.
3409 4471 3532 4528 lllos
3556 4477 3724 4541 enim,
3754 4477 3839 4528 in-

2247 4555 2379 4624 quit,
2410 4554 2742 4619 benedicam,
2767 4560 2855 4627 qui
2883 4560 3197 4615 benediceut
3224 4563 3316 4616 tibi
3344 4580 3357 4615 :
3386 4573 3439 4617 et
3464 4564 3583 4618 illos
3612 4566 3837 4622 maledi-

2247 4665 2386 4714 cam,
2414 4651 2503 4718 qui
2534 4650 2853 4705 maledicent
2876 4652 2970 4706 tibi
3003 4670 3016 4705 :
3050 4654 3115 4707 Et
3137 4654 3485 4709 benedicentur
3513 4658 3566 4710 in
3593 4668 3639 4711 te
3662 4676 3837 4713 omnes

2249 4739 2404 4791 tribus
2431 4751 2595 4793 terrte.
2627 4741 2763 4795 Ecce
2792 4751 2847 4796 et
2876 4742 3094 4798 alterius
3124 4745 3456 4801 liberalitatis
3497 4748 3835 4804 additamen-

2247 4838 2377 4882 tum.
2421 4830 2620 4885 Omnes
2646 4834 2786 4886 enim
2816 4834 2981 4888 tribus
3029 4846 3185 4890 terra:
3229 4839 3516 4902 enitentur,
3566 4841 3707 4895 utin
3744 4852 3835 4897 tuo

2248 4922 2463 4976 nomine
2489 4924 2888 4992 benedicantur,
2911 4935 2965 4980 et
2990 4942 3076 4981 res
3102 4943 3226 4982 suas
3250 4938 3336 4982 tua
3358 4930 3720 4999 appellatione
3743 4933 3835 4987 ho-

2248 5014 2508 5067 nestiores
2531 5015 2742 5068 faciant.

2320 5105 2372 5159 5.
2401 5106 2656 5172 Audistis,
2684 5107 2882 5171 dilecti,
2906 5110 3077 5179 qualia
3101 5111 3379 5179 imperavit
3402 5112 3657 5166 Dominus
3682 5113 3839 5169 Chal-

2247 5195 2363 5249 daeo
2392 5195 2529 5262 seni,
2553 5198 2641 5267 qui
2670 5214 2845 5268 neque
2872 5199 3041 5270 legem
3065 5214 3306 5265 noverat,
3339 5219 3509 5273 neque
3542 5205 3837 5275 propheta-

2248 5303 2364 5340 rum
2396 5288 2596 5357 legerat
2623 5290 2866 5344 vaticinia
2895 5293 2934 5358 ⁸,
2964 5307 3136 5361 neque
3165 5294 3321 5347 ullam
3347 5295 3503 5348 aliam
3534 5297 3834 5352 doctrinam

2246 5380 2566 5445 acceperat?
2596 5380 2810 5435 Vidistis
2835 5392 3031 5452 quanta
3060 5394 3444 5452 praceptorum
3473 5388 3685 5441 moles?
3707 5407 3837 5457 quo-

2248 5470 2407 5525 modo
2430 5471 2497 5525 ad
2524 5487 2586 5526 ea
2614 5474 2935 5541 perficienda
2965 5477 3178 5531 sublimi
3208 5490 3260 5532 et
3279 5479 3500 5547 juvenili
3527 5484 3714 5536 animo
3747 5484 3838 5537 ha-

2248 5561 2404 5616 bebat
2426 5564 2599 5633 opus?
2629 5565 2813 5622 Videte
2837 5568 3058 5636 posthac
3079 5577 3133 5624 et
3159 5570 3471 5638 patriarchae
3495 5573 3835 5641 probitatem,

2312 5696 2327 5724 ί
2366 5693 2420 5741 lu
2443 5709 2635 5765 graeco,
2662 5710 2750 5765 jurist
2772 5713 2965 5761 προφήταις
3001 5712 3206 5764 ὶντυχόντι,
3231 5702 3367 5765 quod
3402 5707 3549 5751 etiam
3584 5704 3677 5753 hoc
3699 5708 3837 5755 Πὶυιου

2248 5766 2417 5819 posset
2441 5760 2772 5822 interpretari,
2792 5760 2941 5824 neque
2964 5760 3339 5827 cunt'prophetis
3363 5773 3576 5815 versatus
3595 5767 3773 5828 fuerat.
