4062 6396
175 382 296 439 237

189 496 382 557 τόπον,
416 491 547 546 ἔνθα
573 487 872 558 ἀφικέσθαι
898 503 964 557 με
996 483 1377 555 προστάττεις,
1403 479 1563 549 δῆλον
1593 476 1786 558 ποιεῖς,

189 580 282 632 ἵνα
339 575 540 630 εἰδέναι
573 557 682 642 ἔχω
727 569 834 624 κᾶν
869 569 965 622 τοῦ
1013 568 1377 637 διαστήματος
1426 565 1489 614 τὸ
1531 557 1790 642 μέγεθος-ς

193 659 375 714 Πόθεν
405 657 520 728 γάρ
551 639 641 727 μοι
669 656 849 707 ἐκεῖνο
876 651 1152 722 γνώριμον
1183 648 1249 702 ἂν
1281 647 1512 716 γένοιτο,
1539 643 1634 728 ,ὅτι
1670 639 1796 728 ταύ-

189 759 318 814 της.
489 724 919 807 καταλιμπάνω,
989 733 1213 803 βελτίων
1261 724 1559 814 ὀφθήσεται
1610 724 1794 814 ἐκείνη

199 807 410 896 μίίλλον
438 824 534 876 καὶ
556 819 909 892 εὐπορωτέρα
929 834 943 882 ;
975 815 1114 870 Ἀλλ’
1143 819 1171 868 ὁ
1190 813 1396 896 δίκαιος
1420 811 1572 896 οὐδέν
1592 807 1798 896 τούτων

197 891 328 962 οὐδὲ
356 901 536 970 εἶπεν,
566 891 1036 971 οὐδέἐνενόησεν·
1073 899 1210 952 ἀλλὰ
1233 895 1369 968 πρὸς
1394 896 1455 950 τὸ
1481 891 1589 947 τῶν
1619 893 1800 943 ἐπιτε-

195 991 492 1061 ταγμένων
527 985 760 1059 μέγεθος
805 983 1035 1048 ἀπιδὼν,
1093 982 1162 1035 τὰ
1199 979 1369 1049 ἄδηλα
1416 977 1525 1031 τῶν
1557 977 1615 1029 ἐν
1643 973 1800 1061 χερσί

197 1056 508 1146 προετίθει.
530 1056 752 1123 “Καίτοι
782 1069 830 1120 εί
873 1067 947 1139 μὴ
977 1065 1182 1136 ὑψηλὸν
1237 1061 1349 1134 εἶχε
1374 1061 1674 1146 φρόνημα,
1706 1056 1801 1146 καὶ

199 1139 501 1226 φίλόσοφον
525 1152 777 1223 γνώμην,
810 1151 906 1204 καὶ⁹
935 1148 1292 1202 ἐπεπαίδευτο
1315 1145 1502 1199 πάντα
1517 1139 1800 1226 πείθεσθαι

198 1225 278 1310 ἐῷ
313 1237 458 1308 θεῷ,
499 1238 596 1290 καὶ
627 1236 814 1306 ἕτερον
835 1235 898 1286 οὐ
931 1232 1129 1305 μικρὸν
1163 1227 1308 1302 εἶχεν
1335 1231 1400 1284 ἂν
1429 1225 1802 1310 κώλυμα,αὐξ

195 1308 303 1394 τῆν
331 1323 426 1376 τοῦ
461 1321 672 1392 πατρὸς
701 1319 802 1391 τὴν
827 1317 1108 1388 τελευτήν.
1163 1318 1307 1368 Ἰστε
1357 1312 1465 1386 γὰρ
1491 1314 1573 1366 ὅτι
1617 1308 1802 1362 πολλοὶ

197 1407 471 1468 πολλάκις
504 1404 593 1459 διὰ
621 1405 750 1467 τοὺς
785 1403 990 1472 τάφους
1019 1399 1128 1453 τῶν
1177 1397 1565 1470 προσηκόντων
1597 1395 1802 1448 εἵλοντο

197 1493 322 1553 τοῖς
359 1489 547 1552 τόποις
587 1487 818 1550 ἐκείνοις
854 1483 1228 1548 ἐναποθανεῖν,
1260 1481 1388 1534 ἔνθα
1415 1479 1508 1534 τὸν
1532 1477 1644 1549 βίον
1671 1493 1802 1529 κατ-

199 1575 406 1628 έλυσαν
433 1575 482 1625 οἱ
517 1575 714 1640 γονεῖς.

273 1673 341 1727 δ’.
367 1671 532 1735 Εἰκὸς
548 1670 728 1724 τοίνυν
743 1663 810 1740 ἦν
829 1668 924 1722 καὶ
945 1667 1035 1720 τὸν
1050 1666 1254 1720 δίκαιον
1269 1661 1477 1726 τοῦτον,
1507 1660 1620 1728 εἴγε
1642 1661 1714 1730 μὴ
1734 1652 1804 1729 ἦν

205 1758 420 1829 σφόδρα
449 1755 718 1826 φιλόθεος,
753 1755 850 1807 καὶ
882 1753 1038 1806 τοῦτο
1073 1748 1426 1819 λογίσασθαι,
1474 1747 1556 1800 ὅτι
1603 1745 1662 1797 Ὀ
1705 1744 1804 1829 μὲν

201 1827 396 1911 πατὴῖρ
419 1839 508 1893 διὰ
540 1840 603 1892 τὸ
636 1839 764 1908 περὶ
791 1837 892 1907 ἐμέ
923 1835 1143 1905 φίλτρον
1162 1832 1369 1886 οἴκοθεν
1405 1829 1688 1911 ἐξανέστη,
1710 1827 1807 1881 καὶ

206 1909 503 1992 συνηθείας
559 1922 793 1982 παλαιᾶς
839 1919 1110 1991 ὑπερεῖδε,
1144 1917 1240 1970 καὶ
1278 1914 1496 1968 πάντων
1537 1909 1805 1982 ἀνώτερος

203 2007 456 2076 γεγονὼς
485 2006 653 2077 μέχρι
677 2004 870 2058 τούτου
902 2003 1252 2074 παρεγένετο,
1279 2000 1374 2053 καὶ
1401 1997 1584 2070 σχεδὸν
1609 1998 1804 2062 εἰπεῖν,

89 2081 98 2086 ’
201 2091 276 2143 δι’
312 2091 416 2161 ἐμὲ
448 2091 508 2142 ἐν
531 2088 790 2160 ἀλλοτρίᾳ
820 2087 912 2140 τὸν
950 2085 1060 2156 βίον
1101 2084 1394 2138 κατέλυσεν
1419 2099 1432 2113 ο
1471 2078 1582 2150 ἐγὼ
1611 2080 1808 2161 δὲούδέ

209 2159 359 2246 μετᾶ
391 2174 482 2228 τὸν
508 2159 738 2226 θάνατον
770 2171 870 2241 τὴν
901 2171 1024 2240 ίσην
1055 2166 1203 2236 αὐτῷ
1240 2165 1474 2235 ἀμοιϐὴν
1513 2159 1806 2246 ἀποδοῦναι

207 2243 529 2321 σπουδάζω,
566 2254 704 2308 ἀλλὰ
735 2251 1054 2306 καταλιπὼν
1078 2249 1216 2322 μετὰ
1245 2249 1344 2318 τῆς
1375 2245 1693 2316 συγγενείας
1711 2243 1805 2298 τοῦ

206 2341 426 2412 πατρὸς
455 2339 548 2392 τὸν
580 2337 746 2393 αὐτοῦ
786 2336 990 2405 τάφον,
1041 2332 1413 2402 ἀπελεύσομαι
1435 2347 1450 2396 ;
1473 2329 1616 2382 Ἀλλ’
1659 2329 1808 2400 ὅμως

207 2427 374 2480 οὐδὲν
400 2425 608 2477 τούτων
641 2421 806 2475 αὐτοῦ
841 2417 1194 2489 άπαμϐλῦναι
1218 2415 1315 2486 τὴν
1349 2414 1524 2485 ὁρμὴν
1551 2415 1770 2482 ίσχυσεν
1791 2428 1806 2442 ·

207 2509 354 2564 ἀλλὰ
388 2508 568 2560 πάντα
584 2504 784 2558 εὔκολα
801 2501 970 2574 αὐτῷ,
1001 2502 1094 2558 καὶ
1125 2499 1282 2572 ῥᾴδια
1323 2496 1611 2567 φαίνεσθαι
1637 2495 1809 2549 ἐποίει

207 2595 276 2648 τὸ
310 2595 440 2662 περὶ
461 2591 553 2644 τὸν
574 2588 707 2642 Θεὸν
728 2587 970 2658 φίλτρον.
997 2583 1152 2637 Ἐπεὶ
1180 2583 1398 2636 κάκεῖνο
1415 2581 1481 2634 ἂν
1507 2579 1807 2662 ἐνενόησεν,

209 2679 334 2744 εἴγε
362 2660 728 2746 ἀνθρωπίνοις
752 2671 1035 2739 λογισμοῖς
1063 2667 1132 2720 τὰ
1159 2665 1281 2719 καθ’
1313 2663 1501 2716 ἑαυτὸν
1522 2660 1811 2746 ἐπιτρέψαι

209 2745 494 2823 ἐϐούλετο,
527 2757 616 2808 Ἐν
645 2753 850 2826 ἡλικίᾳ,
873 2748 1326 2821 λέγων,τοιαύτῃ,
1359 2747 1452 2800 καὶ
1469 2745 1654 2799 λοιπὸν
1677 2745 1814 2816 πρὸς

211 2845 402 2916 γῆρας
436 2841 664 2911 ἔσχατον
698 2837 935 2892 ἐλαύνων
969 2834 1072 2888 ποῦ
1101 2832 1508 2902 άπελεύσομαι;
1558 2829 1707 2916 [510]
1737 2829 1810 2882 Οὐ

209 2913 316 2982 τὸν
346 2925 580 2993 ἀδελφὸν
621 2920 1049 2991 ἐπιφερόμενος,
1092 2917 1153 2970 οὐ
1196 2917 1323 2994 τοὺς
1357 2916 1637 2983 συγγενεῖς
1676 2913 1816 2982 ἔχων

213 3012 344 3085 μεθ’
381 3008 604 3072 ἑαυτοῦ,
636 3004 774 3061 ἀλλὰ
802 3003 1024 3085 πάντων,
1044 3000 1154 3085 τῶν
1182 3000 1320 3072 πρὸς
1347 2999 1519 3085 γένος-
1538 2997 1816 3085 διαφερόνο

211 3079 331 3151 των
365 3111 458 3164 μοι
491 3087 918 3162 κεχωρισμένος,
951 3084 1068 3149 πῶς
1111 3084 1316 3155 ἔρημος
1359 3081 1452 3136 καὶ
1495 3081 1644 3149 ξένος
1673 3079 1816 3133 οὕτω

212 3181 321 3252 τὴν
351 3177 642 3249 ἀλλοτρίαν
668 3171 1078 3243 καταλήψομαι,
1108 3168 1230 3222 οὐδὲ
1260 3165 1418 3252 είδὼς
1457 3165 1818 3252 ὅπου-στησο-

215 3247 326 3336 μαι
373 3263 475 3333 τῆς
520 3247 771 3327 -πλάνης;
815 3255 878 3308 EI
933 3253 992 3307 δέ
1043 3253 1136 3306 καὶ
1177 3249 1333 3336 κατά
1353 3250 1524 3336 μέσην
1558 3248 1655 3336 τὴν
1697 3247 1818 3336 ὁδδν

218 3333 412 3416 συμϐῇ
449 3360 518 3414 με
543 3340 847 3395 καταλῦσαι
868 3337 958 3391 τὸν
987 3335 1123 3407 βίον,
1146 3335 1198 3388 τί
1220 3334 1282 3388 τὸ
1309 3335 1498 3404 δφελος
1525 3334 1626 3403 τῆς
1641 3333 1818 3387 τοιαύ-

214 3447 326 3502 της
355 3425 772 3494 ταλαιπωρίας;
809 3422 891 3486 τίς
923 3438 990 3492 με
1017 3417 1326 3491 περιστελεῖ
1346 3417 1438 3471 τὸν
1453 3419 1704 3488 γέροντα,
1725 3419 1820 3472 τὸν

216 3501 400 3580 ξένον,
423 3511 517 3565 τὸν
540 3509 754 3572 ἄπολιν,
786 3506 880 3560 τὸν
906 3507 1089 3560 ἄοικον
1110 3521 1124 3568 ;
1156 3504 1316 3567 Ἴσως
1339 3503 1372 3573 ή
1394 3501 1530 3572 γυνὴ
1557 3503 1684 3568 τοὺς
1704 3502 1821 3570 γεί-

216 3614 386 3660 Ιιιονας
411 3590 788 3666 παρακαλέσει
809 3586 1154 3660 συμπάθειάν
1172 3603 1296 3640 τινα
1312 3584 1705 3652 ἐπιδείξασθαι,
1727 3584 1822 3638 καὶ

213 3682 285 3748 ἐξ
310 3681 506 3751 ἐράνου
537 3677 680 3740 τινὸς
722 3675 817 3729 καὶ
855 3671 1214 3742 συνεισφορᾶς
1247 3669 1316 3724 τὰ
1337 3667 1648 3741 καθήκοντα
1683 3669 1823 3741 πλη-

217 3763 414 3837 ρὼσει.
453 3760 567 3815 Καὶ
613 3759 764 3829 πόσῳ
810 3755 1015 3827 βέλτιον
1047 3751 1220 3837 αὐτὸν-
1251 3751 1342 3807 τὸν
1394 3751 1597 3837 βραχὺν
1632 3751 1822 3822 χρόνον

217 3834 318 3902 τὸν
363 3843 794 3912 ὑπολειπόμενον
839 3841 971 3910 ἡμῖν
1011 3838 1092 3900 εἰς
1125 3834 1292 3906 ζωὴν,
1341 3835 1704 3904 καθεζόμενον
1736 3837 1823 3887 ἐν-

215 3929 404 3984 ταῦθα
437 3925 741 3981 καταλῦσαί
769 3941 837 3995 με
861 3923 953 3976 τὸν
976 3921 1112 3993 βίον,
1145 3920 1178 3992 ἢ
1212 3918 1350 3990 μετὰ
1378 3918 1558 3990 γῆρας
1583 3912 1687 3972 ὧδε
1721 3919 1820 3972 κά-

219 4017 382 4068 κεῖσε
403 4009 812 4084 περιέλκεσθαι,
843 4007 938 4060 καὶ
972 4006 1042 4059 τά
1080 4002 1233 4075 παρὰ
1275 4004 1492 4058 πάντων
1527 4001 1822 4073 ὑπομένειν

223 4096 566 4168 σκώμματα,
602 4092 678 4155 ὡς
709 4091 830 4144 οὑδέ
867 4091 924 4144 ἐν
957 4087 1142 4159 ἡλικίᾳ
1181 4085 1406 4156 τοιαύτῃ
1433 4084 1726 4154 δυνηθέντα
1763 4086 1820 4139 ἐν

221 4180 434 4254 ἡσυχίᾳ
454 4179 685 4246 διάγειν,
714 4173 853 4228 ἀλλὰ
887 4174 1086 4235 τόπους
1110 4173 1175 4226 ἐκ
1207 4171 1392 4254 τόπων
1409 4169 1687 4254 Ϋὰμείϐειν,
1729 4169 1822 4254 καὶ

225 4251 492 4337 μηδαμοῦ
534 4259 823 4324 ῖστασθαι;
862 4255 1024 4310 Ἀλλὰ
1059 4255 1266 4307 τούτων
1294 4253 1463 4324 μηδὲν
1498 4251 1822 4337 ὑπολογισά-

226 4336 396 4420 μενος
425 4349 454 4401 ὁ
483 4344 692 4407 δίκαιος
733 4337 888 4406 οὗτος
923 4339 1216 4396 ὑπακούειν
1245 4337 1472 4391 ἔσπευδε
1516 4336 1596 4408 τῷ
1631 4336 1823 4391 ἐπιτάη

223 4415 423 4502 γματι.
463 4427 605 4480 Ἀλλ’
642 4425 772 4490 ἴσως
815 4426 957 4479 είποι
997 4441 1082 4487 τις
1121 4421 1209 4486 ἂν,
1251 4422 1334 4474 ὅτι
1373 4418 1554 4502 ἰκανὸν
1576 4415 1646 4491 ἦν
1669 4419 1824 4502 αὐτῷ

225 4501 312 4578 εες
343 4511 664 4584 προτροπὴν
687 4509 747 4561 τι
771 4508 951 4576 λέγειν
981 4523 994 4536 ·
1024 4505 1205 4574 Δεῦρο
1231 4505 1319 4570 είς
1351 4501 1467 4572 τὴν
1487 4501 1624 4572 γῆν»
1645 4501 1726 4571 ἣν
1746 4503 1824 4557 ἀν

223 4614 331 4653 σοι
347 4596 548 4659 δείξω·
565 4593 664 4647 καὶ
684 4593 918 4648 ποιήσω
950 4605 1024 4644 σε
1042 4592 1126 4655 είς
1143 4589 1318 4653 ἔθνος
1338 4585 1511 4655 μέγα,
1534 4585 1632 4639 καὶ
1653 4588 1826 4640 εὐλο-

225 4681 402 4752 γήσω
421 4694 518 4733 σε.
543 4677 717 4730 Τοῦτο
740 4676 922 4729 τοίνυν
945 4673 1076 4728 αὐτὸ
1115 4671 1370 4742 μάλιστα,
1397 4669 1446 4721 εί
1479 4669 1552 4739 μὴ
1578 4669 1825 4738 φιλόθεος

224 4763 320 4837 ἦν,
351 4765 518 4834 ἢρκει
558 4761 920 4833 ὀκνηρότερον
948 4758 1110 4812 αὐτὸν
1147 4757 1276 4826 περὶ
1310 4755 1410 4824 τὴν
1452 4754 1697 4824 ὑπακοὴν
1735 4757 1823 4837 ἐρ-

225 4835 533 4920 γάσασθαι.
569 4845 830 4900 Ἦδύνατο
867 4844 976 4913 γὰρ
1016 4844 1211 4906 εἰπεῖν,
1259 4840 1310 4893 εί
1354 4840 1463 4892 τῶν
1497 4839 1707 4892 πολλῶν
1741 4835 1822 4903 εἷς

226 4932 320 5006 ἦν,
347 4935 434 4986 ὅτι
450 4931 610 4995 Τίνος
633 4931 818 4984 ἕνεκεν
843 4931 921 4991 είς
943 4929 1044 5000 τὴν
1064 4927 1222 4998 ξένην
1252 4945 1318 4997 με
1339 4925 1592 4994 ἀπάγεις,
1618 4924 1712 4978 καλ¹
1727 4925 1824 4995 τὴν

227 5015 523 5086 ἀλλοτρίαν
571 5031 638 5084 με
676 5011 1006 5068 καταλαϐεῖν
1059 5009 1342 5076 κελεύεις;
1384 5008 1482 5062 Διὰ
1524 5008 1578 5060 τί
1619 5007 1727 5076 γάρ
1756 5024 1824 5078 με

227 5101 496 5160 ἐνταῦθα,
531 5097 647 5166 εἴγε
680 5095 860 5167 βούλει
904 5095 1080 5166 μέγαν
1115 5091 1359 5164 ποιῆσαι,
1402 5093 1462 5146 οὐ
1486 5094 1695 5156 ποιεῖςῖ
1737 5092 1826 5146 διὰ

225 5187 282 5240 τί
305 5185 402 5238 ἐπὶ
430 5182 530 5252 τῆς
555 5180 732 5242 οἰκίας
749 5180 847 5249 τῆς
865 5175 1125 5248 πατρῴας
1139 5177 1390 5245 διάγοντα
1414 5178 1516 5228 οὐκ
1542 5174 1712 5240 ἀξιοῖς
1726 5177 1826 5245 τῆς

229 5271 332 5340 σῆς
364 5265 653 5334 εὐλυγίαςς
691 5263 780 5326 Ὠς
817 5263 864 5314 εί
891 5259 1130 5332 συμϐαίη
1167 5277 1256 5330 με,
1300 5260 1429 5332 πρὶν
1456 5259 1490 5331 ἣ
1521 5259 1723 5327 φθάσαι
1746 5261 1827 5324 είς

227 5353 322 5405 τὸν
351 5351 520 5404 τόπον
549 5347 678 5400 ἔνθα
697 5343 960 5408 κελεύεις,
985 5343 1424 5414 κατεργασθέντα
1443 5343 1661 5396 ὑπδτῶν
1684 5343 1825 5397 κατὰ

229 5435 330 5506 τὴν
354 5433 674 5503 ὁδοιπορίαν
716 5428 982 5500 καμάτων
1027 5428 1121 5481 καὶ
1164 5425 1548 5498 διαφθαρῆναι,
1587 5425 1682 5479 καὶ
1735 5425 1825 5480 τὸν

231 5517 350 5586 βίον
377 5514 706 5576 καταλῦσαι,
734 5512 786 5565 τί
811 5528 902 5582 μοι
926 5509 988 5562 τὸ
1018 5509 1210 5580 όφελος
1231 5510 1341 5562 τῶν
1363 5507 1822 5579 ἐπηγγελμένωνς

242 5598 389 5652 Ἀλλ’
425 5596 584 5649 οὐδὲν
616 5594 821 5649 τούτων
863 5593 986 5647 οὐδὲ
1021 5595 1102 5656 είς
1131 5592 1340 5646 ἔννοιαν
1385 5591 1569 5645 λαϐεῖν
1607 5591 1826 5644 κατεδέ-

231 5685 400 5750 ξατογ
423 5679 584 5742 ἀλλὰ,
626 5679 879 5749 καθάπερ
912 5675 1211 5747 εὐγνώμων
1253 5675 1490 5744 οἰκέτης,
1530 5673 1606 5743 τῷ
1640 5675 1827 5727 ἐπιτά-

231 5782 408 5836 γματι
463 5763 625 5835 μόνον
675 5763 974 5832 ὑπήκουεν,
1028 5761 1090 5813 οὐ
1142 5757 1660 5828 περιεργαζόμενος,
1704 5757 1825 5810 οὐδέ

235 5850 742 5924 πολυπραγμονῶν,
773 5850 890 5907 ἀλλ’
917 5847 1187 5917 ἐπείθετο,
1218 5847 1312 5902 καὶ
1339 5845 1829 5917 πεπληροφορημέ-

1124 369 1190 424 IN
1227 367 1379 426 CAP.
1415 362 1495 418 ΧΥ
1522 361 1611 418 ΕΤ
1649 359 1743 416 XII
1780 354 2028 416 GENES.
2069 357 2301 416 HOMIL.
2343 356 2534 414 XXXI.

3387 349 3490 406 288

1893 490 1982 538 νος
2005 475 2321 546 ἐτύγχανεν,
2345 473 2428 527 ὅτι
2448 469 2695 542 ἀψευδεῖς
2722 461 2864 540 ἦσαν
2898 467 2956 521 αἱ
2977 464 3072 520 τοῦ
3095 463 3230 518 Θεοῦ
3257 465 3490 533 ἐπαγγε-

1899 556 2029 612 λίαιο
2047 559 2160 612 Καί
2184 557 2420 625 ποιήσω
2451 572 2526 610 σε
2547 557 2636 620 είς
2654 552 2830 619 ἔθνος
2853 551 3027 622 μέγα,
3046 550 3144 604 καὶ
3175 550 3494 618 εὐλογήσω

1899 658 1994 706 σε,
2021 642 2120 695 καὶ
2139 638 2459 712 μεγαλυνῶ
2473 638 2539 692 τὸ
2557 637 2744 704 ὄνομά
2758 649 2895 699 σου,
2913 634 3012 688 καί
3035 634 3150 702 ἔσῃ
3165 632 3494 701 εὐλογημέ-

1898 742 2024 790 νος.
2041 725 2230 794 Μέγας
2254 725 2354 794 τῆς
2377 721 2724 792 ὑποσχέσεως
2753 721 2782 772 ὁ
2805 720 2984 785 όγκος.
3011 717 3252 785 Ποιήσω
3272 733 3366 780 σε,
3391 734 3495 786 φη-

1904 812 2009 875 σὶν,
2027 813 2114 877 είς
2127 811 2306 877 ἔθνος
2318 807 2492 879 μέγα,
2511 806 2608 862 καί
2624 803 2939 874 εὐλογήσω
2951 818 3046 868 σε,
3060 803 3158 857 καί
3171 799 3494 871 μεγαλυνῶ

1900 898 1966 951 τὸ
1982 898 2169 968 ὄνομά
2183 911 2320 953 σου.
2337 899 2411 952 Οὐ
2434 897 2593 968 μόνον
2610 895 2752 949 ἔθνει
2771 912 2829 948 σε
2852 892 3070 965 μεγάλῳ
3085 893 3386 958 ἐπιστήσω,
3398 889 3494 942 καὶ

1901 988 1962 1041 τὸ
1978 988 2150 1060 ὄνομά
2179 1006 2271 1042 σου
2303 990 2444 1060 μέγα
2460 989 2565 1040 ἀπε
2575 987 2869 1059 ργάσομαι,
2887 983 3022 1038 ἀλλὰ
3046 983 3140 1036 καὶ
3157 981 3492 1050 Εὐλογήσω

1903 1091 1997 1139 σε,
2016 1077 2115 1132 καί
2129 1077 2242 1148 ἔσῃ
2258 1075 2684 1148 εὐλογημένος.
2704 1075 2796 1144 Μὴ
2813 1075 3058 1144 νομίσῃς,
3080 1069 3352 1140 ἁγαπητέ,
3370 1085 3496 1122 ταυ-

1903 1163 2152 1234 τολογίαν
2173 1161 2388 1219 εἶναιτὸ
2403 1163 2693 1234 εἰρημένον
2707 1163 2788 1227 τὸ,
2806 1161 2915 1215 Καὶ
2933 1159 3250 1228 εὐλογήσω
3276 1173 3370 1220 σε,
3395 1155 3494 1209 καί

1905 1250 2020 1320 ἔσῃ
2075 1251 2504 1322 εὐλογημένος.
2541 1249 2826 1319 Τοσαύτης
2873 1266 2956 1314 σε,
3007 1249 3193 1318 φησὶν,
3246 1244 3496 1312 εὐλογίας

1904 1338 2143 1404 ἀξιώσω,
2162 1340 2238 1404 ὼς
2260 1340 2424 1392 παντὶ
2441 1337 2520 1410 τῷ
2540 1337 2696 1392 αίῶνι
2717 1333 3278 1407 συμπαρεκτείνεσθαι
3299 1333 3492 1404 αὐτήν.

1923 1431 2079 1497 Ἔσῃ
2110 1428 2218 1500 γὰρ
2247 1427 2678 1498 εὐλογημένος,
2709 1427 2784 1490 ὡς
2820 1427 3049 1479 ἕκαστον
3082 1424 3202 1477 ἀντὶ
3229 1424 3495 1494 μεγίστης

1905 1518 2070 1588 τιμῆς
2101 1517 2336 1588 σπουδὴν
2371 1515 2644 1570 ποιεῖσθαι
2692 1513 2938 1568 εἰσωθεῖν
2988 1511 3178 1564 ἑαυτὸν
3225 1512 3305 1573 είς
3339 1509 3438 1580 τὴν
3467 1521 3494 1548 ε

1908 1604 2043 1674 πρὸς
2072 1603 2132 1655 σέ
2159 1604 2489 1674 οἰκειότητα.
2518 1603 2660 1674 Ὅρα
2703 1601 2820 1666 πῶς
2851 1601 3058 1655 ἄνωθεν
3083 1600 3177 1652 καὶ
3211 1601 3274 1652 ἐκ
3311 1615 3498 1668 προοι-

1911 1691 2048 1761 μίων
2073 1689 2223 1762 αὐτῷ
2261 1691 2522 1762 προέλεγε
2544 1690 2640 1762 τὴν
2672 1689 3051 1761 περιφάνειαν,
3071 1689 3128 1740 ἐν
3221 1686 3498 1756 καταστή-

1911 1796 2025 1831 σειν
2047 1778 2208 1832 αὐτὺν
2229 1778 2440 1849 ἔμελλε.
2462 1777 2705 1843 Ποιήσω
2721 1793 2817 1840 σε,
2837 1775 3020 1846 φησὶν,
3037 1778 3124 1840 είς
3136 1775 3312 1839 ἔθνος
3317 1771 3492 1842 μέγα,

1909 1866 2006 1920 καί
2017 1865 2338 1936 μεγαλυνῶ
2357 1865 2422 1920 τὸ
2443 1866 2630 1935 ὄνομα
2653 1879 2792 1930 σου,
2810 1864 2910 1918 καὶ
2932 1863 3247 1932 εὐλογήσω
3266 1878 3360 1928 σε,
3394 1862 3495 1914 καί

1909 1953 2024 2023 ἔσῃ
2058 1954 2482 2024 εὐλογημένος.
2517 1953 2616 2007 Διὰ
2653 1951 2813 2006 τοῦτο
2851 1953 2947 2006 καὶ
2987 1954 3036 2006 οί
3077 1950 3320 2004 Ἰουδαῖοι
3354 1949 3498 2020 μέγα

1913 2041 2401 2113 [511]φρονοῦντες
2425 2042 2516 2094 ἐπὶ
2537 2040 2614 2110 τῷ
2641 2040 2956 2112 πατριάρχῃ
2985 2039 3271 2093 ἐϐούλοντο
3289 2041 3369 2101 είς
3397 2038 3499 2108 τὴν

1909 2129 2099 2184 τούτου
2141 2130 2460 2199 συγγένειαν
2525 2131 2753 2194 ἑαυτοὺς
2805 2129 3073 2193 είσωθεῖν,
3125 2129 3222 2181 καὶ
3265 2128 3450 2194 ἐλεγον
3477 2141 3496 2158 ο

1917 2217 2102 2274 Ίὶίκνα
2143 2219 2248 2273 τοῦ
2305 2218 2554 2289 Ἀϐραάμ
2611 2219 2820 2288 ἐσμεν.
2875 2219 3013 2272 Ἀλλ’
3081 2219 3168 2272 ἵνα
3229 2217 3495 2290 μάθωσιν,

1915 2307 2000 2360 ὅτι
2057 2306 2167 2360 ἀπὸ
2225 2307 2324 2377 τῆς
2365 2306 2476 2359 τῶν
2527 2307 2744 2378 τρόπων
2801 2306 3004 2370 κακίας
3059 2305 3267 2370 ἀνάξιοι
3299 2304 3502 2374 τυγχά-

1915 2411 2064 2448 νουσι
2090 2397 2188 2466 τῆς
2227 2396 2566 2464 συγγενείας,
2611 2395 2744 2468 φησὶ
2787 2395 2923 2467 πρὸς
2956 2397 3152 2459 αὐτοὺς
3179 2398 3207 2448 ὁ
3241 2395 3500 2464 Χριστὸς,

1915 2481 1987 2537 Ei
2017 2483 2203 2537 τέκνα
2230 2483 2336 2537 τοῦ
2371 2483 2628 2553 Ἀϐραὰμ
2663 2479 2790 2552 ἦτε,
2834 2481 2906 2536 τὰ
2941 2483 3086 2552 ἔργα
3110 2481 3216 2536 τοῦ
3254 2482 3502 2550 Ἀϐραὰμ

1911 2569 2164 2624 ἐποιεῖτε
2183 2569 2278 2623 ἄν.
2315 2571 2425 2625 Καὶ
2459 2570 2712 2642 Ἰωάννης
2733 2571 2790 2623 δέ
2823 2573 2850 2624 ὁ
2881 2571 2975 2624 τοῦ
3016 2570 3312 2641 Ζαχαρίου,
3337 2568 3500 2639 ἡνίκα

1917 2657 2204 2728 συνέρρεον
2236 2659 2316 2721 εἰς
2335 2657 2428 2712 τὸν
2461 2659 2730 2729 Ἰορδάνην
2763 2660 2812 2711 οί
2855 2658 3218 2728 βαπτισθῆναι
3243 2657 3502 2711 σπεύδον-

1915 2763 2026 2808 τες,
2069 2745 2220 2814 ἕλεγε
2259 2746 2396 2816 πρὸς
2441 2745 2669 2810 αὐτούς’
2703 2745 3064 2815 Γεννήματα
3090 2743 3368 2813 ἐχιδνῶν,
3410 2745 3501 2809 τίς

1915 2833 2233 2898 ὑπέδειξεν
2252 2834 2390 2903 ὑμῖν
2401 2833 2776 2904 φεύγεινάπὸ
2793 2834 2906 2904 τῆς
2922 2834 3270 2903 μελλούσης
3294 2831 3499 2901 ὀργῆς

1917 2925 2218 2994 Ποιήσατε
2237 2919 2352 2980 οὖν
2367 2927 2595 2993 καρπὸν
2619 2925 2796 2990 ἄξιον
2811 2923 2920 2994 τεῆς
2932 2925 3275 2994 μετανοίας,
3298 2925 3394 2978 καὶ
3413 2923 3501 2994 μὴ

1918 3013 2135 3082 δόξητε
2165 3015 2402 3084 λέγειν,
2445 3015 2534 3068 ὅτι
2561 3015 2796 3082 Πατέρα
2830 3015 3048 3084 ἔχομεν
3073 3015 3177 3069 τὸν
3221 3011 3498 3082 Ἀϐραάμ.

1918 3101 2081 3172 Λέγω
2111 3102 2222 3172 γὰρ
2254 3102 2417 3172 ὑμῖν,
2457 3100 2547 3155 ὅτι
2590 3101 2842 3156 δύναται
2875 3105 2908 3156 ὀ
2945 3102 3089 3168 Θεὸς
3135 3101 3236 3155 καί
3279 3102 3348 3155 ἐκ
3383 3101 3502 3154 τῶν

1917 3190 2105 3244 λίθων
2125 3190 2352 3243 τούτων
2371 3189 2590 3259 ὲγεζβαι
2614 3187 2796 3243 τέκνα
2813 3187 2896 3254 τῷ
2912 3187 3175 3258 Ἀϐραάμ.
3210 3185 3361 3252 Εἶδες
3387 3187 3504 3251 πῶς

1925 3277 2066 3348 μέγα
2087 3276 2252 3330 αὐτοῦ
2280 3277 2341 3330 τὸ
2365 3277 2535 3348 ὄνομα
2560 3277 2712 3347 παρὰ
2729 3277 2891 3330 πᾶσιν
2913 3273 3012 3348 ἧν;
3053 3276 3214 3330 Ἀλλὰ
3238 3277 3375 3340 τέως
3399 3277 3506 3346 πρὸ

1921 3368 2020 3435 τῆς
2048 3366 2325 3430 ἐκϐάσεως
2348 3365 2409 3419 τὸ
2441 3365 2684 3436 φιλόθεον
2713 3365 2805 3418 τοῦ
2833 3365 3041 3420 δικαίου
3069 3365 3362 3432 δείκνυται,
3389 3365 3507 3430 πῶς

1920 3459 2032 3518 τοῖς
2051 3454 2200 3526 παρὰ
2222 3455 2317 3508 τοῦ
2334 3455 2468 3509 Θεοῦ
2487 3456 2730 3526 ῥηθεῖσιν
2754 3455 3063 3520 ἐπίστευσε,
3082 3457 3176 3510 καὶ
3201 3457 3416 3511 ἅπαντα
3437 3458 3510 3512 τὰ

1922 3545 2185 3600 δοκοῦντα
2208 3541 2346 3600 εἶναι
2369 3547 2603 3618 φορτικά
2626 3547 2745 3617 μετ’
2767 3547 3018 3610 εὐκολίας
3039 3548 3375 3618 κατεδὲχετο.
3393 3551 3505 3604 Καὶ

1922 3635 2258 3706 εὐλογήσω,
2293 3635 2446 3706 φησὶ,
2491 3636 2627 3703 τοὺς
2665 3635 3069 3706 εὐλογοῦντάς
3107 3653 3198 3701 σε,
3239 3637 3336 3691 καὶ
3365 3638 3509 3705 τοὺς

1924 3723 2378 3793 καταρωμένους
2402 3741 2475 3778 σε
2507 3722 2916 3792 καταράσομαι
2935 3740 2949 3756 ο
2987 3725 3086 3777 καὶ
3109 3725 3510 3793 ἐνευλογηθή-

1924 3825 2136 3866 σονται
2165 3813 2234 3865 ἑν
2271 3811 2369 3865 σοὶ
2391 3809 2582 3865 πᾶσαι
2605 3813 2662 3864 αὶ
2689 3811 2875 3880 φυλαὶ
2905 3809 3017 3880 τῆς
3041 3811 3176 3881 γῆς.
3209 3813 3349 3883 Ὅρα
3370 3814 3508 3866 Θεοῦ

1927 3897 2354 3968 συγκαταϐασιν,
2399 3899 2493 3951 καὶ
2527 3898 2700 3968 πόσης
2745 3898 2894 3968 αὐτῷ
2936 3898 3118 3966 φιλίας
3151 3899 3393 3953 δείκνυσι
3420 3919 3510 3952 τε-

1927 3987 2184 4058 κμήριον.
2204 3985 2494 4051 Ἐκείνους,
2512 3987 2664 4057 φησὶ,
2678 3985 2863 4056 φίλους
2887 3987 3206 4058 ποιήσομαι,
3222 3989 3348 4051 τοὺς
3369 3989 3510 4056 πρὸς

1929 4075 1989 4127 σέ
2012 4073 2250 4146 γνησίως
2275 4073 2672 4144 διακειμένους,
2709 4075 2806 4127 καὶ
2833 4075 3077 4138 ἐκείνους
3106 4075 3354 4149 ἐχθροὺς,
3383 4078 3510 4140 τούς

1925 4163 2184 4226 ἐναντίως
2206 4163 2342 4235 πρὸς
2379 4164 2439 4216 σέ
2488 4163 2741 4234 ἔχοντας’
2775 4166 2910 4236 ὅπερ
2953 4166 3138 4236 σχεδὸν
3167 4167 3286 4220 οὐδέ
3319 4168 3512 4231 παῖδες

1928 4251 2064 4324 πρὸς
2093 4252 2334 4323 πατέρας
2376 4251 2637 4316 ἐπιδεῖξαι
2683 4252 2986 4324 ἀνέχονται,
3031 4254 3090 4306 τὸ
3142 4255 3266 4318 τοὺς
3315 4257 3512 4321 αὐτοὺς

1929 4339 2199 4394 ποιεῖσθαι
2234 4341 2418 4406 αὐτοῖς
2453 4342 2545 4394 καὶ
2583 4341 2772 4410 φίλους
2820 4343 2915 4396 καὶ
2955 4343 3203 4415 ἐχθρούς.
3258 4346 3508 4416 Μεγίστη

1927 4425 2040 4496 οὖν,
2077 4429 2349 4500 ἀγαπητέ,
2380 4431 2415 4501 ἡ
2456 4431 2586 4500 περὶ
2631 4431 2723 4484 τὸν
2766 4433 3112 4504 πατριάρχην
3132 4433 3227 4486 τοῦ
3249 4435 3386 4488 Θεοῦ
3424 4433 3514 4487 εὗ-

1929 4534 2068 4571 νοια.
2113 4517 2406 4581 Ἐκείνους,
2457 4519 2643 4588 φησὶν,
2681 4519 2963 4590 εὐλογήσω
3000 4523 3125 4584 τοὺς
3156 4522 3513 4590 εύλογοῦντὰς

1931 4623 2012 4671 σε,
2048 4607 2142 4660 καὶ
2171 4605 2412 4668 ἐκείνους
2443 4605 2770 4677 καταρῶμαι
2807 4607 2934 4670 τοὺς
2955 4611 3378 4680 καταρωμένους
3412 4628 3470 4663 σε
3493 4625 3512 4644 ·

1929 4694 2038 4748 Καὶ
2059 4691 2642 4762 ἐνευλογηθήσονται
2669 4695 2740 4748 ἐν
2761 4695 2860 4748 σοὶ
2889 4695 3080 4751 πᾶσαι
3101 4699 3160 4750 αἱ
3188 4698 3374 4766 φυλαί
3403 4698 3516 4765 τῆς

1927 4781 2062 4851 γῆς.
2116 4781 2245 4834 Ἰδοὺ
2282 4781 2567 4854 προσθήκη
2609 4785 2704 4836 καὶ
2737 4783 2931 4855 ἐτέρας
2968 4785 3295 4856 φιλοτιμίας.
3333 4788 3514 4841 Πᾶσαι

1929 4869 2060 4938 γὰρ,
2096 4867 2281 4940 φησὶν,
2306 4871 2362 4922 αί
2399 4869 2562 4938 φυλαὶ⁴
2590 4871 2689 4941 τῆς
2711 4871 2816 4941 γῆς
2844 4872 2937 4924 ἐπὶ
2966 4870 3042 4942 τῷ
3075 4871 3153 4943 σῷ
3178 4873 3402 4943 ὀνόματι
3429 4875 3517 4928 ἐν·

1929 4957 2268 5026 εὐλογεῖσθαι
2305 4957 2686 5022 σπουδάσουσι,
2724 4959 2817 5012 καὶ
2847 4959 2954 5012 ἀπὸ
2981 4961 3080 5030 τῆς
3115 4961 3212 5031 σῆς
3240 4979 3514 5034 προσηγο-

1934 5046 2052 5116 ρίας
2081 5045 2379 5113 σεμνότερα
2402 5045 2471 5099 τὰ
2498 5045 2620 5099 καθ’
2648 5047 2874 5109 ἐαυτούς
2901 5047 3423 5116 ἐγκαταστήσουσιν.

1999 5132 2062 5188 ε’.
2081 5133 2400 5198 Ἠκούσατε,
2415 5134 2707 5204 ἀγαπητοὶ,
2721 5129 2808 5188 οἷα
2825 5134 3086 5199 ἐπέταξεν
3101 5138 3129 5186 ὁ
3147 5138 3425 5209 Δεσπότης
3441 5139 3517 5210 τῷ

1931 5220 2206 5291 Χαλδαίῳ,
2229 5219 2307 5291 τῷ
2325 5221 2563 5292 γέροντι,
2592 5221 2670 5291 τῷ
2702 5227 2841 5293 μήτε
2865 5221 3032 5293 νόμον
3067 5223 3354 5291 ἐγνωκότι,
3377 5227 3516 5296 μήτε

1931 5309 2568 5380 προφήταιςοέντυχόντι,
2595 5309 2732 5380 μήτε
2769 5308 2963 5380 ἐτέρας
2991 5308 3341 5374 διδασκαλίας
3373 5313 3520 5377 τινὸς

1931 5395 2334 5461 ἁπολαύσαντι;
2359 5396 2544 5450 Είδετε
2573 5398 2696 5462 ὅσος
2718 5397 2828 5451 τῶν
2855 5399 3246 5470 ἐπιταγμάτων
3269 5402 3296 5451 ὁ
3325 5399 3518 5468 όγκος;

1931 5485 2050 5549 πῶς
2082 5485 2290 5556 ὑψηλῆς
2314 5501 2458 5548 τινος
2485 5485 2578 5540 καὶ
2612 5485 2868 5556 νεανικῆς
2896 5487 3150 5557 δεόμενος
3175 5487 3354 5558 ψυχῆς
3383 5488 3521 5558 πρὸς

1932 5574 2030 5644 τὴν
2079 5574 2285 5628 τούτων
2314 5575 2697 5648 ἐκπλήρωσιν;
2737 5575 2972 5629 Βλέπετε
3027 5576 3212 5630 λοιπὸν
3270 5577 3360 5631 καὶ
3423 5576 3518 5628 τοῦ

1933 5663 2275 5736 πατριάρχου
2308 5664 2408 5736 τὴν
2441 5663 2882 5736 εὐγνωμοσύνην,
2913 5665 3058 5728 ὅπως
3089 5668 3221 5735 ἡμῖν
3255 5666 3288 5731 ἡ
3329 5665 3519 5736 Γραφὴ

2003 5803 2028 5831 ι
2049 5791 2204 5843 Savil.
2225 5795 2434 5853 σπουδὴν
2457 5795 2691 5843 ποιεῖσθαι
2725 5795 2998 5857 εἰσαχθῆναι
3027 5793 3169 5841 αὐτὸν
3193 5793 3258 5857 εἰς
3275 5794 3378 5857 τήν.
3413 5791 3518 5857 Mp-

1931 5855 2028 5906 rel.
2045 5858 2273 5930 fiaguqﬁgiy
2295 5859 2359 5927 εἷς
2377 5857 2478 5928 τήν.
2515 5859 2735 5918 Quatuor
2757 5855 2872 5907 mss}
2899 5858 3128 5914 ἰσωθῆναι
3154 5855 3296 5904 αὐτὸν
3321 5855 3386 5911 εἰς
3410 5855 3513 5912 τήν.
