4062 6396
570 437 674 492 289

572 551 815 624 φανεράν
853 553 1023 624 αὐτὴν
1072 553 1385 627 καθίστησι.
1441 556 1553 610 Καὶ
1609 557 1926 624 ἐπορεύθη,
1973 555 2159 626 φησὶν,

576 639 800 704 Ἂὸραμ
822 640 974 690 καθὰ
1006 636 1314 704 ἐλάλησεν
1337 637 1498 704 αὐτῷ
1520 641 1738 706 Κύριος
1778 644 1810 694 ό
1856 643 2000 704 Θεός
2019 656 2032 669 ·
2062 638 2163 692 καὶ

573 719 757 786 ᾤχετο
777 719 906 788 μετ’
923 719 1111 773 αὐτοῦ
1134 718 1283 775 Λώτ.
1305 723 1416 792 Οὐχ
1431 722 1618 786 ἁπλῶς
1639 719 1813 786 εἶπεν,
1841 724 2160 789 Ἐπορεύθη

577 806 812 872 Ἀἴραμ,
845 803 1000 867 ἀλλά,
1039 802 1320 874 Καθάπερ
1354 807 1665 872 ἐλάλησεν
1694 807 1854 872 αὐτῷ
1883 809 2098 873 Κύριος
2130 809 2162 860 ὁ

574 888 739 946 Θεός.
783 887 1097 950 Ἀκόλουθα,
1123 888 1279 958 φησὶ,
1311 887 1391 957 τῷ
1433 890 1771 959 ἐπιτάγματι
1819 889 2035 943 ἅπαντα
2079 890 2162 942 δι-

573 969 868 1038 επράξατο.
895 965 1062 1022 Εἶπεν
1098 971 1312 1038 ἀφεῖναι
1338 971 1536 1036 πάντα,
1569 973 1662 1024 καὶ
1698 973 2038 1038 συγγένειαν,
2068 974 2164 1026 καὶ

572 1047 719 1106 οἷκον
750 1071 761 1082 ·
807 1055 901 1105 καὶ
943 1054 1177 1123 ἀφῆκεν.
1213 1050 1380 1107 Εἶπεν
1429 1055 1603 1108 ἐλθεῖν
1654 1057 1732 1118 είς
1775 1056 1899 1126 γῆν,
1949 1057 2015 1126 ἢν
2063 1054 2164 1108 οὐκ

572 1135 687 1206 ᾔδει
712 1155 724 1167 ·
761 1137 1107 1202 κατεδέξατο.
1151 1139 1551 1209 Ἐπηγγείλατο
1595 1141 1842 1209 ποιήσειν
1884 1141 1964 1202 εἰς
2011 1138 2166 1202 ἔθνος

576 1219 740 1288 μέγα,
794 1220 888 1272 καὶ
945 1219 1308 1289 εύλογήσειν’
1364 1222 1688 1274 ἐπίστευσεν
1738 1223 1820 1275 ὅτι
1872 1223 2020 1274 ἔσται
2071 1221 2164 1274 καὶ

569 1303 748 1356 τοῦτο.
794 1303 907 1355 Καὶ
945 1301 1198 1374 καθάπερ
1229 1303 1490 1374 ἐλάλησεν
1523 1305 1673 1375 αύτῷ
1706 1305 1911 1375 Κύριος
1945 1307 1973 1358 6
2008 1304 2160 1368 Θεὸς,

571 1387 744 1450 οὕτως
777 1387 1074 1458 ἐπορεύθη·
1101 1388 1223 1440 ἀντὶ
1259 1387 1373 1446 τοῦ,
1411 1387 1702 1442 ἐπίστευσε
1742 1392 1856 1452 τοῖς
1887 1388 2039 1458 παρά
2068 1387 2162 1441 τοῦ

570 1471 707 1523 Θεοῦ
756 1470 1020 1540 ῥηθεῖσιν,
1055 1469 1206 1522 οὐδὲν
1263 1469 1571 1534 ἐνδοιάσας,
1623 1471 1742 1524 ούδέ
1784 1471 2160 1540 ἀμφιϐἀλλων,

573 1553 690 1606 ἀλλ’
706 1553 1108 1622 ἐστηριγμένην
1129 1550 1268 1621 ἔχων
1291 1550 1388 1622 τὴν
1412 1552 1650 1606 διάνοιαν
1666 1553 1867 1606 καὶτὸν
1885 1552 2160 1622 λογισμὸν,

571 1635 744 1699 οὕτως
780 1634 1082 1706 ἐπορεύθη·
1121 1635 1202 1687 διὸ
1247 1635 1340 1688 καὶ
1380 1634 1582 1704 πολλῆς
1623 1636 1835 1701 εὐνοίας
1871 1635 2022 1708 [512]
2059 1637 2165 1688 ἀπ-

572 1721 774 1792 ήλαυσε
817 1718 967 1792 παρά
1013 1717 1106 1771 τοῦ
1151 1717 1444 1771 Δεσπότου.
1483 1720 1590 1772 Καὶ
1621 1717 1826 1787 ᾤχετο,
1869 1720 2023 1790 φησὶ,
2066 1720 2165 1773 καὶ

576 1803 704 1859 Λὼτ
731 1805 858 1872 μετ’
905 1802 1112 1856 αὐτοῦ.
1144 1801 1302 1864 Τίνος
1341 1802 1560 1865 ἕνεκεν,
1597 1804 1844 1866 εἰπόντος
1874 1802 1966 1856 τοῦ
2005 1803 2161 1868 Θεοῦ,

577 1887 830 1951 Ἔξελθε
855 1887 923 1939 ἐκ
949 1884 1060 1953 τῆς
1102 1883 1218 1954 γῆς
1252 1900 1390 1950 σου,
1423 1885 1521 1938 καί
1560 1885 1628 1938 ἐκ
1672 1885 1784 1952 τῆς
1809 1887 2166 1956 συγγενείας

571 1983 712 2031 σου,
747 1967 844 2022 καί
899 1969 967 2020 ἐκ
1012 1967 1119 2021 τοῦ
1156 1967 1328 2020 οἴκου
1365 1968 1472 2021 τοῦ
1519 1969 1744 2036 πατρός
1791 1984 1926 2031 σου,
1977 1968 2164 2022 τοῦτον

571 2053 905 2121 ἐπεφέρετο;
939 2051 1076 2121 Οὐχὶ
1103 2050 1432 2120 παρακούων
1453 2051 1548 2105 τοῦ
1575 2051 1868 2115 Δεσπότου,
1887 2052 2001 2105 ἀλλ’
2021 2053 2163 2117 ’ἴσως

572 2135 758 2206 ἐπειδὴ
785 2135 903 2198 νέος
929 2130 1018 2205 ἦν,
1061 2136 1157 2188 καὶ
1191 2135 1397 2207 πατρὸς
1429 2133 1614 2207 χώραν
1646 2135 1798 2205 αὐτῷ
1826 2137 2031 2206 ἐπεῖχε,
2065 2137 2166 2190 κά-

573 2223 749 2282 κεῖνος
781 2219 867 2271 διά
902 2218 1306 2289 φιλοστοργίαν,
1339 2219 1434 2271 καὶ
1463 2219 1563 2289 τὴν
1600 2218 1712 2271 τῶν
1737 2219 1953 2289 τρόπων
1991 2217 2164 2272 ἐπιεί-

573 2320 746 2364 κειαν,
761 2301 1234 2364 δυσαποσπάστως
1253 2296 1367 2370 εἶχε
1389 2301 1482 2354 τοῦ
1504 2302 1734 2366 δικαίου,
1749 2300 1953 2372 ταύτης
1978 2303 2164 2358 ἕνεκεν

570 2387 669 2456 τῆς
699 2386 876 2446 αἰτίας
903 2385 1004 2436 οὐκ
1033 2383 1284 2453 ἀνέχεται
1324 2384 1486 2436 αὑτὸν
1516 2384 1853 2438 καταλιπεῖν.
1881 2385 2080 2438 Λοιπὸν
2107 2386 2164 2439 δὲ

573 2474 666 2524 καὶ
710 2473 768 2524 ἐν
806 2469 957 2533 τάξει
988 2467 1176 2530 παιδὸς
1207 2467 1370 2520 αὑτὸν
1409 2463 1554 2537 εἶχεν
1575 2507 1589 2531 ,
1616 2469 1676 2519 ἐν
1719 2467 1908 2538 ἡλικία
1938 2467 2163 2540 τοιαύτῃ

570 2555 768 2618 παῖδας
797 2555 938 2623 ἔχειν
975 2552 1049 2622 μὴ
1086 2551 1336 2621 δυνηθεὶς
1363 2551 1452 2604 διά
1474 2551 1572 2622 τὴν
1598 2551 1698 2620 τῆς
1732 2551 1912 2622 Σάρας
1942 2550 2161 2620 στείρω-

573 2659 678 2694 σιν.
707 2640 915 2701 ’Ἄλλως
940 2639 997 2691 δέ
1027 2637 1122 2689 καὶ
1149 2639 1175 2689 ὁ
1206 2636 1407 2706 τρόπος
1437 2633 1530 2688 τοῦ
1559 2634 1679 2687 νέου
1711 2635 1772 2687 ού
1808 2635 1943 2687 πολὺ
1974 2636 2162 2688 ἀπέδει

571 2724 664 2777 τοῦ
695 2723 928 2776 δικαίου.
949 2721 1090 2773 Αὐτὸ
1114 2720 1223 2788 γάρ
1251 2719 1411 2772 τοῦτο
1433 2718 1514 2780 τὸ,
1544 2719 1922 2788 προκειμένων
1943 2720 2050 2772 τῶν
2069 2718 2162 2772 δύο

571 2807 845 2877 ἀδελφῶν,
879 2806 1204 2876 προσνεῖμαι
1245 2803 1434 2856 ἐαυτὸν
1475 2803 1552 2872 τῷ
1594 2802 1821 2872 δικαίῳ,
1873 2802 2049 2873 πόσης
2094 2798 2161 2873 ἦν

573 2893 862 2953 συνέσεως,
896 2890 956 2942 τὸ
983 2889 1256 2958 διακρῖναι
1292 2889 1386 2939 καὶ
1413 2887 1705 2956 δοκιμάσαι
1731 2886 1835 2939 τίνι
1868 2886 1975 2939 τῶν
2003 2887 2162 2940 θείων

570 2975 678 3029 δέοι
713 2975 779 3027 τὰ
814 2973 936 3026 καθ’
981 2973 1172 3025 ἐαυτὸν
1208 2971 1535 3042 ἐπιτρέψας
1580 2972 1688 3023 Καὶ
1724 2970 1784 3022 τὸ
1813 2969 2024 3022 ἑλέσθαι
2064 2971 2162 3041 τὴν

571 3059 902 3128 ἀποδημίαν.
943 3055 1037 3108 καὶ
1068 3055 1199 3106 αὐτὸ
1245 3055 1405 3108 πάλιν
1441 3055 1638 3123 δεῖγμα
1680 3054 1782 3122 τῆς
1813 3055 1921 3106 τῶν
1947 3054 2162 3125 τρόπων

571 3139 640 3212 ἦν
675 3141 1051 3210 κοσμιότητος.
1103 3140 1165 3191 Εἰ
1206 3137 1316 3208 γὰρ
1354 3139 1446 3191 καὶ
1493 3139 1554 3191 τὸ
1587 3137 1894 3191 τελευταῖον
1932 3138 1990 3190 ἐν
2020 3156 2162 3193 τισιν

571 3225 718 3291 ἔδοξε
739 3223 1073 3295 διαμαρτάνε
1085 3239 1152 3283 ιν,
1177 3221 1338 3291 ήνίκα
1358 3224 1469 3283 τοῖς
1490 3222 1778 3292 πρωτείοις
1797 3223 2160 3293 ἐπεπήδησεν,

573 3308 691 3361 ἀλλ’
723 3309 873 3377 ὅμως
901 3305 1022 3360 κατ’
1053 3306 1197 3374 ἴχνος
1228 3305 1322 3356 τοῦ
1361 3304 1571 3357 δικαίου
1606 3304 1902 3370 ἐσπούδαζε
1937 3306 2162 3377 πορεύε-

574 3391 719 3445 σθαι.
754 3393 862 3444 Καὶ
887 3389 978 3444 διά
1005 3389 1164 3441 τοῦτο
1202 3389 1293 3440 καὶ
1313 3390 1341 3440 6
1366 3387 1573 3450 δίκαιος
1605 3388 1858 3441 κοινωνὸν
1891 3389 2163 3459 ἐλάμϐανε

571 3476 670 3547 τῆς
697 3475 1025 3544 ὁδοιπορίας,
1059 3474 1308 3534 κάκεῖνος
1351 3470 1490 3541 μετά
1531 3470 1840 3542 προθυμίας
1885 3472 1982 3542 τῆς
2025 3473 2162 3525 οἶκοι

571 3559 853 3629 διατριϐῆς
879 3559 978 3628 τὴν
1011 3557 1166 3626 ξένην
1201 3555 1590 3626 προετίμησεν.
1621 3550 1750 3608 Εἶτα
1788 3556 1872 3608 ἵνα
1902 3556 2164 3626 μάθωμεν

571 3644 653 3696 ὅτι
690 3644 752 3695 ού
780 3641 1046 3710 νεανίσκῳ
1073 3640 1187 3692 ὄντι
1217 3637 1294 3708 τῷ
1325 3639 1641 3709 πατριάρχῃ
1676 3639 1851 3692 ταῦτα
1870 3640 2163 3692 ἐπέταττεν

571 3729 598 3778 6
621 3726 921 3796 Δεσπότης,
952 3723 1064 3778 ἀλλ’
1105 3723 1205 3794 ήδη
1241 3722 1375 3792 πρὸς
1404 3723 1581 3792 γῆρας
1613 3721 1911 3786 ἐλαύνοντι,
1951 3723 2039 3775 ὅτε
2068 3723 2164 3776 καὶ

571 3811 933 3880 ὀκνηρότερον
969 3807 1156 3861 λοιπὸν
1197 3809 1244 3858 οἰ
1281 3807 1498 3870 πλείους
1540 3809 1648 3858 τῶν
1692 3807 1993 3876 ἀνθρώπων
2025 3808 2162 3879 πρὸς

571 3894 670 3956 τάς
693 3893 1008 3964 ἀποδημίας
1027 3892 1348 3953 διάκεινται,
1370 3891 1535 3961 φησίν
1555 3907 1568 3921 ο
1592 3893 1646 3943 ’Ἀ
1657 3893 1807 3958 ὅραμ
1826 3890 1893 3943 δὲ
1914 3887 1992 3961 ἦν
2012 3891 2162 3943 ἐτῶν

571 3977 979 4046 ἐϐδομήκοντα
1007 3977 1206 4037 πέντε,
1230 3975 1328 4026 ὅτε
1351 3971 1612 4042 ἐξῆλθεν
1630 3975 1698 4027 ἐκ
1721 3973 1979 4042 Χαρῤάν.
2010 3972 2162 4037 Εἶδες

571 4064 690 4126 πῶς
729 4062 852 4116 ούτε
884 4064 918 4132 ή
964 4061 1180 4132 ἡλικία,
1213 4061 1338 4114 οὔτε
1381 4060 1566 4131 ἕτερόν
1600 4078 1654 4112 τι
1697 4059 1805 4112 τῶν
1846 4061 2161 4130 δυναμένων

570 4147 733 4200 αὑτὸν
773 4145 1186 4199 ἐπισπάσασθαι
1217 4145 1353 4214 πρὸς
1381 4144 1478 4214 τὴν
1513 4147 1652 4198 οἶκοι
1701 4145 2024 4215 παραμονὴν
2053 4146 2162 4198 κώο

573 4233 718 4300 λυμα
747 4231 893 4300 αύτῷ
932 4231 1177 4298 γέγονεν,
1209 4230 1347 4284 ἀλλά
1381 4231 1598 4282 πάντων
1639 4229 1911 4300 ἀνώτερος
1945 4231 2161 4298 ἐγένετο

572 4314 709 4369 ότοῦ
726 4315 861 4367 Θεοῦ
887 4315 1248 4376 πόθος.“οταν
1278 4316 1438 4385 γάρὴ
1468 4313 1614 4384 ψυχὴ
1640 4314 2040 4384 διεγηγερμένη
2065 4315 2160 4368 καὶ

573 4399 818 4468 νήφουσα
849 4394 904 4471 ᾖ,
949 4399 1128 4451 πάντα
1161 4398 1439 4466 διατέμνει
1487 4399 1552 4449 τά
1587 4397 1907 4468 κωλύματα,
1942 4399 2036 4450 κα)⁵
2063 4399 2156 4470 ὅλη

572 4481 784 4548 γίνεται
807 4481 900 4534 τοῦ
931 4481 1287 4550 ποθουμένου,
1311 4480 1406 4532 καὶ
1434 4479 1523 4532 ὑπ’
1549 4479 1758 4542 οὐδενὸς
1783 4481 1890 4532 τῶν
1920 4481 1976 4532 ἐν
2011 4481 2160 4551 μέσῳ

573 4564 913 4635 φαινομένων
937 4564 1214 4635 δυσχερῶν
1235 4563 1603 4626 διακόπτεται,
1625 4563 1758 4616 άλλά
1780 4565 1955 4617 πάντα
1983 4582 2160 4634 παρα-

571 4651 780 4720 τρέχει,
809 4650 904 4702 καὶ
933 4649 992 4700 ού
1029 4649 1289 4719 πρότερον
1321 4649 1559 4710 ἵσταται,
1599 4649 1792 4719 μέχρις
1830 4647 1896 4701 ἂν
1929 4649 2159 4722 ἐπιτύχῃ

570 4733 665 4786 τοῦ
696 4731 1159 4801 σπουδαζομένου.
1176 4731 1274 4782 Διά
1294 4748 1374 4782 τοι
1397 4729 1555 4782 τοῦτο
1589 4731 1678 4783 καὶ
1708 4733 1736 4783 6
1759 4731 1965 4795 δίκαιος
1982 4727 2156 4795 οὗτος,

572 4817 668 4869 καὶ
698 4815 803 4868 ὑπὸ
833 4814 923 4867 τοῦ
954 4816 1140 4885 γήρως
1169 4815 1262 4866 καὶ
1297 4813 1402 4865 ὑπὸ
1437 4813 1639 4880 ἐτέρων
1670 4813 1929 4868 πλειόνων
1955 4814 2160 4867 κωλύε-

572 4901 696 4954 σθαι
721 4899 1039 4970 δυνάμενος,
1066 4897 1244 4951 πάντα
1273 4897 1571 4968 διαρρήξας
1596 4897 1664 4950 τά
1685 4898 1880 4967 δεσμά,
1906 4899 2158 4970 καθάπερ

569 4984 690 5046 νέος
721 4984 816 5035 καὶ
848 4981 1117 5053 σφριγῶν,
1151 4981 1247 5034 καὶ
1279 4980 1384 5033 ὑπὸ
1419 4980 1644 5050 μηδενὸς
1680 4980 2041 5051 κωλυόμενος,
2076 4982 2160 5034 ού-

569 5085 677 5130 τως
701 5067 926 5120 ἔσπευδε
957 5068 1052 5120 καὶ
1079 5066 1337 5134 ἠπείγετο
1377 5067 1456 5127 εἰς
1493 5064 1651 5134 ἔργον
1681 5067 1907 5132 ἀγαγεῖν
1940 5066 2033 5118 τοῦ
2070 5069 2162 5118 Δε-

571 5150 771 5202 σπότου
789 5151 850 5202 τὸ
873 5150 1174 5220 ἐπίταγμα.
1196 5149 1328 5202 Οὐδὲ
1350 5147 1458 5219 γάρ
1476 5141 1586 5200 οἷόν
1605 5145 1665 5198 τέ
1689 5164 1817 5199 ποτε
1835 5147 2158 5218 βουληθέντα

569 5237 692 5290 τινὰ
719 5235 966 5305 γενναῖόν
993 5255 1045 5290 τι
1089 5237 1181 5290 καὶ
1233 5236 1476 5306 ἀνδρεῖον
1529 5235 1922 5298 ἐπιδείξασθαι,
1956 5236 2159 5306 ἑτέρως

567 5323 729 5377 τοῦτο
762 5325 842 5386 εἰς
893 5322 1053 5392 ἔργον
1087 5324 1348 5392 ἀγαγεῖν,
1392 5322 1466 5392 μὴ
1511 5323 1774 5394 πρότερον
1809 5323 1973 5375 αὑτὸν
2023 5325 2158 5393 πρὸς

568 5413 786 5466 ἅπαντα
811 5410 880 5464 τὰ
925 5411 1190 5481 μέλλοντα
1221 5409 1371 5480 αὑτῷ
1402 5410 1538 5480 πρὸς
1570 5410 1667 5480 τὴν
1697 5413 1952 5478 τοιαύτην
1980 5411 2157 5481 ἐγχεί-

569 5517 728 5570 ρησιν
758 5499 1014 5566 ἐμποδὼν
1046 5499 1300 5552 ἵστασθαι
1351 5497 1833 5569 παραταξάμενον,
1881 5499 2052 5552 Τοῦτο
2092 5499 2156 5570 δὴ

570 5586 758 5653 σαφῶς
779 5585 873 5638 καὶ
900 5587 928 5638 6
950 5585 1156 5648 δίκαιος
1178 5579 1332 5648 οὗτος
1359 5585 1741 5650 ἐπιστάμενος,
1767 5586 1940 5639 πάντα
1973 5605 2156 5656 παρα-

566 5671 812 5740 δραμὼν,
848 5671 939 5724 καὶ
968 5674 1105 5743 μήτε
1133 5672 1444 5741 συνήθειαν,
1480 5673 1616 5743 μήτε
1653 5673 1992 5739 συγγένειαν,
2017 5677 2156 5743 μήτε

569 5757 745 5809 οἰκίαν
785 5760 1080 5828 πατρικὴν,
1123 5761 1259 5830 μήτε
1311 5761 1514 5828 τάφον,
1551 5762 1690 5832 μήτε
1719 5761 1779 5813 τὸ
1821 5765 1995 5831 γῆρας
2025 5763 2156 5815 αύτὸ

569 5842 942 5913 λογισάμενος,
966 5847 1047 5910 εἰς
1071 5847 1247 5899 ἐκεῖνο
1298 5847 1455 5916 μόνον
1487 5847 1687 5899 ἔτεινεν
1719 5849 1884 5902 αὑτοῦ
1921 5848 2018 5917 τὴν
2051 5851 2155 5902 διά-

571 5947 738 5994 νοιαν,
772 5933 920 5995 ὅπως
950 5933 1154 6004 δυνηθῇ
1192 5935 1483 6004 πληρώσαι
1525 5935 1584 5987 τὸ
1631 5937 1971 6005 προσταχθὲν
2007 5939 2155 6008 παρά

571 6017 664 6068 τοῦ
691 6016 983 6070 Δεσπότου.
1005 6021 1114 6072 Καὶ
1147 6017 1214 6089 ἦν
1245 6022 1371 6073 ἰδεῖν
1398 6024 1629 6092 πρᾶγμα
1657 6021 1852 6074 πολλοῦ
1878 6023 2153 6092 θαύματος

575 6101 763 6171 γέμον,
797 6101 1082 6170 ἄνθρωπον
1115 6103 1170 6158 ἐν
1204 6107 1349 6177 γήρᾳ
1377 6106 1659 6178 βαθυτάτῳ
1698 6109 1836 6176 μετἐι
1876 6097 2148 6177 γ’)ναιδίδῦ

1261 441 1320 495 S.
1350 439 1638 497 JOANNIS
1674 435 2162 496 CIIRYSOSTOMI
2203 434 2524 492 ARCHIEI’.
2564 438 3118 496 CONSTANTINUP.

3751 437 3860 492 290

2272 555 2367 606 xc".
2386 553 2559 622 αὐτῆς
2582 555 2987 626 προϐεϐηκυίας
3021 555 3227 620 λοιπὸν,
3253 555 3346 608 καὶ
3375 554 3607 625 πλήθους
3632 552 3862 607 οἰκετῶν

2276 637 2759 706 μετανιστάμενον,
2802 639 2896 690 καὶ
2935 639 3057 692 οὐδὲ
3100 639 3232 691 ὅπου
3278 637 3429 708 λήξει
3461 637 3610 707 αὐτῷ
3647 637 3714 689 τὰ
3759 638 3864 702 τῆς

2273 721 2481 790 πλάνης
2521 719 2721 773 εἰδότα.
2767 721 2830 772 Εἰ
2855 721 2911 773 δέ
2941 738 3024 783 τις
3055 722 3276 774 κάκεῖνο
3303 721 3537 783 συνετῶς
3562 720 3865 784 λογίσαιτο,

2274 803 2416 874 πόση
2462 805 2584 856 κατ’
2613 805 2819 856 ἐκεῖνον
2859 804 2951 857 τὸν
2996 804 3187 874 καιρὸν
3221 804 3354 856 ὁδῶν
3389 806 3422 872 ἡ
3464 803 3720 856 δυσκολία
3755 797 3821 871 ἦν
3842 815 3859 828 ⁶

2278 887 2400 938 ούδὲ
2430 885 2584 957 [515]
2611 887 2719 957 γὰρ
2749 887 3001 958 καθάπερ
3032 887 3128 940 νῦν
3164 887 3302 957 μετά
3341 887 3528 950 ἀδείας
3572 886 3701 953 ἐξῆν
3749 886 3866 936 ἐπι-

2275 968 2563 1038 μίγνυσθαί
2594 987 2740 1032 τισι,
2777 971 2871 1023 καὶ
2915 969 3087 1033 οὓτως
3120 971 3358 1034 εὐκόλως
3400 971 3498 1032 τάς
3548 968 3864 1036 ἀποδημίας

2273 1052 2562 1118 ποιεῖσθαι,
2593 1054 2693 1121 1?};
2719 1054 2893 1124 ἀρχῆς
2921 1054 3060 1107 κατὰ
3089 1054 3288 1116 τόπους
3311 1051 3476 1120 ούσης
3495 1052 3861 1123 διῃρημένης,

2272 1138 2366 1189 καὶ
2387 1136 2850 1206 ἀναγκαζομένων
2869 1136 2975 1188 τῶν
2990 1136 3331 1190 διοδευόντων
3358 1135 3464 1189 άπὸ
3484 1135 3757 1206 ἀρχόντων
3780 1134 3864 1195 εἰς

2273 1220 2542 1290 ἄρχοντας
2583 1220 2932 1290 μεταπηδᾷν,
2967 1222 3062 1274 καὶ
3096 1221 3215 1274 καθ’
3263 1221 3501 1288 ἐκάστην
3533 1219 3717 1289 σχεδὸν
3752 1217 3865 1270 ἀπὸ

2275 1305 2551 1374 βασιλείας
2573 1306 2651 1360 εἰς
2675 1303 2952 1374 βασιλείαν
2982 1305 3325 1374 μεταϐαίνειν
3349 1321 3362 1334 °
3385 1306 3477 1357 καὶ
3499 1303 3658 1356 τοῦτο
3681 1303 3864 1354 τοίνυν

2277 1388 2458 1441 ἰκανὸν
2485 1383 2553 1458 ἦν
2583 1386 2812 1456 κώλυμα
2839 1387 2916 1458 τῷ
2945 1389 3158 1458 δικαίῳ.
3185 1389 3299 1456 εἴγε
3333 1387 3407 1458 μὴ
3435 1387 3600 1440 πολὺν
3635 1381 3745 1455 εἶχε
3768 1385 3863 1436 τὸν

2274 1472 2440 1523 πόθον
2479 1471 2572 1523 καὶ
2614 1471 2711 1540 τὴν
2756 1473 2821 1524 ἐκ
2867 1470 2961 1523 τοῦ
3012 1471 3385 1540 ἐπιτάγματος
3416 1471 3678 1538 ὑπακοήν.
3718 1469 3862 1521 Ἀλλ’

2273 1547 2446 1615 οὗτος,
2482 1553 2734 1624 καθάπερ
2757 1553 3021 1623 ἀράχνην,
3047 1554 3216 1608 ταῦτα
3254 1555 3429 1606 πάντα
3457 1553 3762 1615 διασπάσας
3789 1552 3863 1605 τά

2273 1637 2592 1706 κωλύματα,
2615 1638 2707 1690 καὶ
2734 1639 2799 1708 τῇ
2833 1636 3013 1688 πίστει
3033 1637 3325 1708 νευρωθείς
3347 1637 3437 1690 τὸν
3462 1636 3741 1706 λογισμὸν,
3769 1637 3864 1689 καὶ

2273 1719 2350 1789 τῷ
2379 1720 2648 1790 ἀξιώματι
2687 1719 2778 1772 τοῦ
2812 1719 3288 1790 ἐπαγγειλαμένου
3325 1719 3622 1782 πεποιθὼς,
3657 1721 3866 1786 ἥπτετο

2273 1802 2372 1870 τῆς
2397 1803 2718 1873 ὁδοιπορίας.
2766 1803 2874 1856 Καὶ
2903 1803 3116 1863 ἔλαϐε,
3156 1802 3354 1873 φησὶν,
3403 1804 3618 1869 Ἀδραμ
3661 1802 3867 1869 Σάραγ-

2272 1885 2388 1953 τὴν
2414 1885 2670 1955 γυναῖκα
2697 1885 2904 1951 αὐτοῦ,
2939 1886 3039 1938 καί
3068 1885 3199 1940 Λὼτ
3227 1887 3336 1939 τὸν
3376 1888 3514 1941 υἱὸν
3544 1887 3651 1939 τοῦ
3682 1886 3866 1940 ἀδελ-

2272 1969 2390 2036 φοῦ
2425 1968 2633 2031 αὑτοῦ,
2666 1968 2762 2022 καὶ
2793 1966 2992 2021 πάντα
3024 1969 3094 2022 τὰ
3123 1969 3476 2038 ὑπάρχοντα
3508 1969 3723 2033 αὐτῶν,
3743 1970 3866 2024 ὅσα

2271 2052 2610 2118 ἐκτήσαντο
2631 2053 2701 2106 ἐν
2722 2052 2980 2122 Χαρῤὰν,
3011 2053 3109 2106 καὶ
3135 2053 3358 2123 ἐξῆλθε
3381 2053 3746 2123 πορευθῆναι
3772 2057 3863 2119 εἰς

2276 2135 2392 2207 γῆν
2421 2135 2686 2191 Χαναάν.

2345 2227 2421 2285 ς’.
2447 2221 2588 2289 Ὅρα
2603 2219 2705 2289 τῆς
2723 2219 2944 2290 Γραφῆς
2961 2217 3060 2290 τὴν
3076 2219 3382 2290 ἀκρίϐειαν,
3407 2219 3521 2283 πῶς
3544 2222 3672 2290 ήμῖν
3690 2219 3865 2273 ἄπαν-

2271 2320 2338 2355 τα
2365 2304 2656 2372 διηγεῖται,
2687 2302 2773 2354 ἵνα
2810 2301 2898 2354 διὰ
2925 2301 3140 2354 πάντων
3167 2303 3423 2372 μάθωμεν
3451 2303 3542 2354 τοῦ
3565 2302 3773 2354 δικαίου
3801 2302 3864 2355 τὸ

2273 2386 2534 2455 φιλόθεον.
2577 2387 2686 2441 Καὶ
2734 2386 2931 2449 ἔλαϐε,
2981 2387 3164 2457 φησὶν,
3210 2385 3410 2452 Σάραν
3443 2385 3560 2453 τὴν
3606 2388 3866 2455 γυναῖκα

2271 2469 2478 2528 αὐτοῦ,
2509 2469 2604 2521 καί
2629 2468 2759 2522 Λὼτ
2790 2469 2897 2520 τὸν
2924 2471 3061 2522 υἱὸν
3091 2469 3197 2521 τοῦ
3227 2469 3494 2537 ἀδελφοῦ
3523 2469 3730 2529 αὑτοῦ,
3763 2469 3863 2521 καί

2271 2551 2468 2605 πάντα
2495 2552 2612 2604 ὅσα
2635 2551 2973 2615 ἐκτήσαντο
2996 2551 3066 2604 ἐν
3084 2552 3344 2619 Χαρίιάν.
3367 2554 3477 2620 Ούχ
3504 2552 3684 2615 ἁπλῶς
3715 2547 3864 2611 εἷπε,

2272 2634 2475 2688 Πάντα
2506 2634 2624 2687 ὅσα
2649 2634 2984 2699 ἐκτήσαντο
3025 2635 3094 2687 ὲν
3125 2637 3383 2702 Χαρρὰν,
3417 2635 3529 2686 ἀλλ’
3564 2635 3649 2686 ἵνα
3679 2637 3868 2704 μάθω-

2275 2734 2394 2786 μεν,
2422 2717 2502 2770 ὅτι
2531 2717 2683 2769 ούδέν
2727 2717 2832 2769 τῶν
2888 2717 2996 2769 ἀπὸ
3026 2717 3134 2770 τῶν
3176 2717 3454 2770 Χαλδαίων
3499 2718 3808 2786 ἐπηγάγετο
3838 2722 3868 2770 6

2272 2801 2641 2871 πατριάρχης,
2675 2801 2811 2853 ἀλλά
2835 2802 3053 2856 πάντων
3077 2801 3299 2854 ἐκείνων
3325 2802 3430 2854 τῶν
3467 2805 3732 2874 πατρῴων
3761 2822 3869 2856 πα-

2275 2886 2602 2956 ραχωρήσας
2630 2883 2710 2954 τῷ
2741 2884 2974 2954 ἀδελφῷ,
3001 2884 3175 2946 οὕτως
3203 2885 3347 2956 ἐξῄει
3372 2887 3552 2938 ἐκεῖνα
3583 2888 3716 2956 μόνα
3744 2889 3869 2940 ἐπι-

2273 2968 2600 3036 φερόμενος,
2631 2967 2730 3019 δσα
2762 2968 2842 3030 εἰς
2871 2967 2967 3037 τὴν
3001 2967 3224 3038 Χαρρὰν
3257 2969 3493 3038 ἠδυνήθη
3535 2970 3864 3039 κτήσασθαι.

2272 3053 2381 3103 Καὶ
2406 3050 2562 3103 τοῦτο
2582 3050 2640 3103 δὲ
2672 3050 2842 3102 ἐποίει
2862 3053 2888 3103 6
2915 3050 3215 3119 θαυμάσιος
3245 3043 3420 3117 οὗτος,
3447 3053 3568 3120 οὐχὶ
3589 3053 3716 3122 περὶ
3744 3054 3869 3106 πολ-

2271 3132 2362 3185 λοῦ
2393 3132 2712 3202 ποιούμενος
2742 3132 2932 3194 ταῦτα,
2968 3133 3088 3185 οὐδὲ
3111 3133 3186 3196 ώς
3221 3133 3627 3205 φιλοχρίματος
3656 3136 3865 3205 τυγχά-

2274 3233 2401 3281 νων,
2431 3215 2543 3268 ἀλλ’
2571 3216 2658 3269 ἵνα
2687 3217 2852 3268 πᾶσιν
2879 3215 2978 3288 ἔχῃ
3007 3215 3280 3269 δεικνύναι
3305 3217 3394 3268 διὰ
3421 3216 3522 3285 1?};
3546 3218 3866 3287 περιουσίας

2271 3299 2436 3353 αὐτοῦ
2467 3298 2560 3351 τοῦ
2589 3297 2724 3351 Θεοῦ
2757 3297 2856 3369 τὴν
2891 3299 3019 3368 περὶ
3051 3299 3215 3352 αὐτὸν
3249 3301 3527 3371 πρόνοιαν.
3571 3302 3630 3353 '0
3651 3300 3760 3371 γὰρ
3798 3302 3868 3354 ἐκ

2271 3383 2369 3452 τῆς
2399 3382 2680 3435 Χαλδαίων
2714 3381 2820 3450 γῆς
2864 3381 3024 3434 αὐτὸν
3059 3383 3374 3453 ἀναστήσας
3395 3425 3408 3438 .
3447 3385 3540 3436 καὶ
3585 3385 3746 3438 πάλιν
3774 3387 3866 3436 ἐν-

2271 3464 2458 3517 τεῦθεν
2489 3464 2900 3534 μετοικισθῆναι
2937 3465 3266 3535 προστάξας,
3301 3466 3464 3530 αυτὸς
3492 3463 3559 3538 ἦν
3584 3469 3612 3520 6
3640 3468 3734 3520 καὶ
3763 3468 3868 3538 τὴν

2275 3549 2593 3619 περιουσίαν
2631 3545 2782 3617 αὐτῷ
2832 3547 3012 3612 αὔξων
3067 3548 3150 3616 ἐφ’
3205 3549 3442 3619 ἑκάστης
3467 3589 3479 3610 ,
3511 3551 3602 3602 καὶ
3643 3551 3868 3604 ἃπασαν

2271 3633 2558 3685 δυσκολίαν
2585 3631 2826 3699 ἀναιρῶν
2850 3646 2864 3660 ⁶
2895 3631 3035 3685 ὥστε
3068 3632 3163 3684 κα)⁵
3191 3632 3348 3685 τοῦτο
3374 3633 3504 3685 αὐτὸ
3539 3635 3737 3704 δεῖγμα
3767 3637 3867 3704 τῆς

2273 3713 2516 3784 φιλοθέου
2551 3713 2717 3768 αὑτοῦ
2751 3712 2978 3784 γνώμης
3020 3713 3304 3784 ἐτύγχανε,
3335 3715 3571 3769 τοσαῦτα
3607 3720 3866 3789 ἐπιφερό-

2275 3813 2453 3867 μενον,
2481 3795 2621 3850 οὓτω
2651 3796 2738 3849 διά
2762 3797 2943 3867 πάσης
2989 3797 3124 3852 ἰέναι
3149 3799 3245 3868 τῆς
3276 3798 3416 3852 ὁδοῦ.
3449 3801 3716 3863 Ἕκαστος
3754 3802 3867 3870 γὰρ

2270 3878 2379 3931 τῶν
2403 3879 2653 3951 ὁρώντων
2687 3878 2914 3942 εἰκότως
2945 3879 3042 3947 τὴν
3081 3879 3260 3933 αἰτίαν
3291 3883 3580 3952 μανθάνειν
3612 3883 3869 3936 ἐϐούλετο

2270 3963 2368 4031 τῆς
2396 3962 2491 4015 τοῦ
2533 3962 2744 4015 δικαίου
2775 3962 3104 4033 ἀποδημίας.
3141 3958 3276 4016 Εἶτα
3322 3964 3745 4035 πυνθανόμενος,
3779 3967 3867 4019 ὅτι

2268 4045 2364 4098 τοῦ
2393 4045 2528 4098 Θεοῦ
2575 4045 2928 4107 κελεύσαντος
2959 4047 3052 4098 ἐπὶ
3092 4047 3192 4116 τὴν
3235 4046 3522 4118 ἀλλοτρίαν
3551 4049 3866 4117 μεθίστατο,

2269 4129 2337 4180 τὰ
2361 4131 2537 4182 οἰκεῖα
2561 4127 2898 4190 καταλιπὼν,
2915 4127 2981 4180 δι’
3000 4129 3179 4181 αὐτῶν
3203 4130 3311 4182 τῶν
3335 4130 3512 4201 ἔργων
3531 4131 3866 4198 ἐδιδάσκετο,

2271 4211 2364 4264 καὶ
2385 4211 2484 4280 τῆς
2509 4229 2566 4264 τε
2594 4212 2842 4280 ὑπακοῆς
2862 4211 2954 4262 τοῦ
2977 4212 3188 4264 δικαίου
3210 4212 3272 4264 τὸ
3297 4213 3544 4281 φιλόθεον
3566 4215 3866 4283 ἐμάνθανε,

2269 4295 2364 4348 καὶ
2387 4297 2486 4364 τῆς
2508 4295 2636 4365 περὶ
2663 4295 2824 4347 αὑτὸν
2853 4295 3110 4365 προνοίας
3129 4295 3224 4348 τοῦ
3242 4295 3378 4349 Θεοῦ
3405 4299 3504 4367 τὴν
3532 4299 3864 4369 ὑπερϐολήν.

2269 4380 2377 4432 Καὶ
2419 4378 2660 4446 ἐξῆλθε,
2694 4379 2847 4446 φησὶ,
2894 4377 3263 4446 πορευθῆναι
3311 4382 3399 4444 εἰς
3438 4380 3554 4449 γῆν
3595 4383 3865 4436 Χαναὰν.

2269 4464 2439 4517 Πόθεν
2463 4464 2600 4534 ᾔδει,
2631 4464 2713 4516 ὅτι
2737 4465 2816 4526 εἰς
2843 4464 2940 4533 τήν
2967 4464 3287 4518 Χαναναίων
3315 4466 3417 4535 γῆν
3443 4465 3594 4534 λήξει
3622 4467 3773 4536 αὐτῷ
3796 4468 3869 4519 τὰ

2269 4547 2369 4616 τῆς
2401 4547 2730 4616 ἀποδημίας,
2766 4545 2941 4598 καίτοι
2974 4546 3066 4599 τοῦ
3101 4547 3475 4613 ἐπιτάγματος
3507 4547 3680 4609 οὕτως
3713 4549 3865 4617 ἕχον-

2269 4643 2380 4686 τος,
2434 4625 2514 4676 ὅτι
2562 4623 2745 4691 Δεῦρο
2779 4627 2866 4690 εἰς
2907 4624 3023 4691 τὴν
3076 4624 3215 4693 γῆν,
3256 4624 3336 4692 ἦν
3384 4625 3462 4678 ἅν
3507 4644 3605 4678 σοι
3654 4627 3867 4691 agilia);

2274 4708 2435 4768 Ἴσως
2465 4708 2491 4758 ὁ
2534 4705 2666 4769 Θεὸς
2705 4706 2855 4777 αὐτῷ
2903 4707 3187 4760 καὶτοῦτο
3234 4709 3526 4777 ἐμήνυσεν,
3571 4709 3861 4775 ὑποδείξας

2269 4788 2434 4842 αὐτοῦ
2470 4790 2535 4858 τῇ
2567 4788 2777 4860 διανοίᾳ
2798 4787 2896 4859 τὴν
2927 4789 3050 4859 γῆν,
3073 4791 3154 4852 εἰς
3187 4791 3254 4859 ἢν
3293 4789 3544 4842 ἐϐούλετο
3570 4792 3734 4843 αὑτὸν
3761 4809 3866 4843 κα-

2267 4871 2552 4938 ταστῆσαι.
2607 4870 2706 4923 Διά
2756 4871 2865 4942 γάρ
2902 4871 3096 4936 τοῦτο,
3130 4873 3294 4943 ήνίκα
3346 4873 3496 4942 αὐτῷ
3530 4873 3863 4937 ἐπέταττεν,

2269 4955 2588 5024 ἀδιορίστως
2603 4955 2776 5021 ἔλεγε,
2797 4955 2978 5022 Δεῦρο
2990 4958 3076 5020 είς
3091 4955 3205 5022 τὴν
3220 4955 3338 5024 γῆν
3355 4956 3434 5023 ἣν
3449 4957 3526 5009 ἄν
3541 4973 3639 5009 σοι
3660 4957 3864 5021 δείξω,

2269 5037 2354 5087 ἵνα
2409 5039 2540 5105 ἡμῖν
2584 5037 2865 5108 ἐκκαλύψῃ
2915 5037 3010 5090 τοῦ
3040 5039 3250 5091 δικαίου
3302 5039 3402 5110 τὴν
3451 5041 3671 5109 ἀρετήν.
3729 5036 3864 5092 Εἶτα

2266 5119 2454 5189 ἐπειδὴ
2493 5119 2560 5171 τά
2596 5121 2724 5190 παρ’
2757 5121 2950 5174 ἑαυτοῦ
3009 5123 3146 5190 μετὰ
3193 5123 3395 5194 πολλῆς
3439 5124 3538 5192 τῆς
3577 5125 3862 5191 δαψιλείας

2267 5203 2573 5270 εἰσήνεγκε,
2593 5203 2802 5272 ταχέως
2822 5205 2915 5256 καὶ
2937 5205 3100 5267 αὐτὸς
3125 5205 3221 5275 τὴν
3241 5207 3440 5272 γνῶσιν
3463 5206 3612 5276 αύτῷ
3632 5207 3862 5278 ἐνέθηκε

2265 5285 2363 5354 τῆς
2393 5285 2519 5353 γῆς,
2551 5288 2630 5348 εἰς
2663 5287 2730 5356 ἢν
2771 5287 3023 5341 ἐϐούλετο
3065 5290 3228 5342 αὑτὸν
3251 5291 3348 5356 τὴν
3385 5291 3598 5359 οἴκησιν
3630 5295 3861 5363 ποιήσα-

2269 5367 2412 5420 σθαι.
2459 5367 2672 5436 Ἐπειδὴ
2712 5370 2820 5440 γὰρ
2850 5371 3105 5442 προεώρα
3143 5373 3243 5440 τῆς
3275 5374 3478 5443 ἀρετῆς
3522 5372 3618 5424 τοῦ
3648 5375 3862 5427 δικαίου

2265 5451 2328 5502 τὸ
2357 5451 2584 5519 μέγεθος
2607 5493 2620 5516 ,
2654 5452 2743 5504 διά
2787 5452 2944 5506 τοῦτο
2987 5455 3082 5506 καὶ
3120 5454 3333 5507 οἴκοθεν
3370 5456 3532 5508 αὐτὸν
3566 5457 3861 5527 ἀνέστησε,

2267 5535 2360 5585 καὶ
2387 5533 2508 5586 οὔτε
2543 5536 2634 5586 τὸν
2667 5535 2894 5604 ἀδελφὸν
2925 5537 3109 5590 λαϐεῖν
3141 5539 3403 5604 ἐπέταξεν
3427 5581 3441 5601 ,
3480 5540 3668 5610 ἐπειδὴ
3700 5541 3861 5593 ἐϐού-

2266 5618 2385 5670 λετο
2405 5618 2594 5672 τοῦτον
2621 5619 2935 5672 διδάσκαλον
2964 5621 3058 5675 νῦν
3090 5623 3188 5692 μὲν
3217 5625 3328 5685 τοῖς
3358 5625 3496 5675 κατά
3528 5625 3627 5693 τὴν
3659 5624 3865 5677 Παλαι-

2269 5701 2451 5770 στίνην
2472 5703 2642 5756 ἆπασι
2673 5703 2946 5770 γενέσθαι,
2979 5707 3118 5774 μετά
3145 5705 3297 5779 [514]
3328 5707 3503 5776 βραχὺ
3535 5707 3593 5758 δὲ
3625 5708 3718 5760 καὶ
3750 5710 3864 5772 10'1;

2267 5782 2407 5834 κατά
2437 5784 2536 5853 τὴν
2563 5784 2851 5850 Αἴγυπτον.

2337 5861 2492 5927 Εἶδες
2518 5867 2634 5930 πῶς
2663 5867 2763 5921 ούκ
2788 5870 2846 5921 ἐν
2889 5871 2953 5938 τῇ
2983 5869 3164 5936 φύσει,
3195 5870 3310 5924 ἀλλ’
3343 5873 3402 5924 ἐν
3432 5875 3496 5942 τῇ
3539 5873 3862 5942 προαιρέσει

2267 5952 2362 6017 τῆς
2394 5949 2618 6020 γνώμης
2651 5952 2750 6020 τῆς
2785 5953 3055 6022 ἡμετέρας
3087 5958 3262 6007 κεῖται
3290 5957 3382 6007 καὶ
3409 5956 3475 6008 τά
3507 5957 3602 6025 τῆς
3631 5957 3860 6025 ἀρετῆς,

2265 6034 2354 6084 καὶ
2383 6033 2450 6085 τά
2497 6035 2596 6103 τῆς
2646 6037 2877 6102 κακίας,
2925 6039 3054 6091 Ίδου
3095 6040 3204 6110 γάρ
3246 6041 3385 6093 κατὰ
3426 6039 3524 6109 μὲν
3565 6040 3664 6108 τὴν
3693 6043 3861 6105 φύσιν

2261 6114 2479 6186 ἀδελφοὶ
2517 6117 2807 6188 ἐτύγχανον
2843 6121 2870 6174 ὅ
2906 6138 2962 6175 τε
3018 6121 3386 6194 πατριάρχης,
3425 6122 3517 6175 καὶ
3564 6122 3593 6173 ὁ
3623 6119 3857 6193 Νακὼρ»
