4062 6396
3663 374 3772 417 σας

484 372 580 431 2M
1198 371 1253 424 S.
1292 368 1569 425 JOANNIS
1605 362 2088 423 CHRYSOSTOMI
2129 361 2445 422 ARCHIEP.
2488 368 3023 427 CONSTANTINOP.
3663 374 3774 430 ἓθῖ

482 495 607 541 tein.
637 499 794 553 quam
824 498 943 553 qua:
986 483 1050 537 ad
1096 483 1219 535 vitia
1247 482 1551 553 pertinent?
1581 482 1717 535 Ecce
1745 489 1928 533 natura
1952 478 2073 548 qni-

481 579 600 632 dem
613 583 803 631 fratres
818 586 993 642 erant,
1017 575 1132 645 ipse
1154 574 1451 644 patriarcha
1474 582 1527 627 et
1548 572 1779 637 Nachor,
1802 572 2075 625 voluntate

481 678 657 723 autem
690 682 798 721 non
830 667 992 721 item:
1024 665 1117 721 sed
1144 665 1254 727 ille.
1285 665 1410 720 licet
1440 664 1605 719 frater
1635 662 1700 717 ad
1737 672 1937 716 tantam
1966 662 2073 714 vir-

481 770 648 813 tutem
672 758 1044 827 pervenisset,
1073 757 1250 811 adhuc
1272 771 1457 811 errore
1483 764 1886 824 pratoecnpatus
1915 761 2031 806 erat
2057 764 2071 805 :

480 853 565 906 hic
584 861 760 907 autem
786 851 1038 907 omnibus
1058 850 1292 919 quOtidic
1314 865 1410 920 per
1426 863 1587 919 opera
1611 850 1720 917 ipsa
1742 844 2075 900 monstrabat

482 944 694 997 virtutis
724 956 835 997 sum
864 940 1159 997 secundum
1189 942 1354 997 Deum
1384 940 1731 995 incrementa.
1761 938 1812 992 6.
1840 937 1904 990 Et
1920 937 2072 1000 venit,

482 1036 671 1105 inquit,
711 1034 763 1087 in
788 1043 974 1087 terram
1002 1032 1246 1086 Chanaan
1273 1074 1287 1097 ,
1318 1042 1362 1084 et
1388 1031 1706 1100 pertransirit
1734 1029 1922 1081 Abram
1968 1035 2071 1079 ter-

480 1144 588 1179 ram
614 1127 665 1178 in
691 1125 1057 1194 longitudinem
1080 1125 1189 1193 ejus
1217 1166 1231 1188 ,
1260 1139 1415 1193 usque
1434 1121 1502 1175 ad
1532 1122 1697 1174 locum
1726 1120 1942 1189 Sychem
1960 1159 1976 1182 ,
2006 1117 2074 1169 ad

481 1235 719 1288 quercum
749 1217 1015 1271 excelsam.
1053 1216 1217 1269 Docet
1247 1231 1345 1268 nos
1380 1215 1655 1284 Scriptura
1683 1213 1855 1266 locum
1895 1211 2071 1279 regio-

480 1312 586 1375 nis,
613 1310 665 1363 in
695 1325 803 1379 quo
831 1324 973 1363 nunc
1000 1308 1176 1377 justus
1196 1306 1521 1361 domicilium
1552 1304 1800 1359 collocat.
1835 1300 2035 1356 Deinde
2055 1341 2069 1362 ,

480 1414 537 1457 ut
566 1403 796 1457 sciamus
840 1402 1113 1473 quomodo
1151 1416 1210 1457 se
1260 1400 1368 1454 illic
1410 1415 1496 1454 res
1544 1398 1831 1461 habebant,
1862 1395 2067 1464 inquit:

480 1501 758 1554 Chananwi
801 1509 971 1554 autem
1007 1508 1124 1551 tunc
1163 1496 1512 1551 inhabitabant
1534 1506 1739 1547 terram.
1766 1492 1944 1560 Neque
1972 1491 2073 1543 hoc

477 1593 788 1662 simpliciter
813 1602 868 1647 et
909 1592 1109 1660 absque
1150 1603 1307 1643 causa
1340 1590 1525 1643 beatus
1554 1586 1726 1641 Moses
1751 1584 2067 1652 assignavit,

477 1684 571 1738 sed
603 1694 661 1737 ut
689 1684 960 1739 discamus
981 1683 1141 1737 etiam
1168 1682 1312 1735 illinc
1334 1689 1570 1735 mentem
1596 1675 1915 1747 patriarclne
1955 1673 2073 1743 phi-

478 1774 805 1844 losophicam
834 1791 845 1827 :
871 1775 994 1843 quia
1026 1789 1146 1827 cum
1193 1773 1307 1826 loca
1349 1772 1435 1825 illa
1479 1778 1848 1840 praeoccupata
1889 1775 2073 1821 essent

478 1881 506 1916 a
533 1863 872 1929 Chananmis,
893 1866 1180 1933 cogebatur
1206 1863 1356 1933 quasi
1378 1878 1542 1931 vagus
1563 1870 1618 1914 ct
1644 1860 1956 1929 peregrinus
1975 1898 1989 1920 ,
2020 1866 2073 1910 et

476 1958 626 2027 quasi
654 1958 893 2027 abjeetus
917 1968 969 2011 et
997 1958 1117 2011 vilis
1144 1958 1305 2011 homo
1336 1956 1593 2010 diversari
1615 1997 1630 2019 ,
1654 1953 1771 2008 sine
1801 1952 1911 2006 ullo
1938 1952 2073 2005 forte

477 2049 726 2118 h05pitio.
756 2050 1001 2102 Attamen
1045 2064 1215 2117 neque
1241 2047 1367 2101 illud
1392 2048 1613 2101 moleste
1636 2044 1837 2099 frrebat
1860 2083 1874 2105 ,
1900 2056 2072 2111 neque

473 2142 682 2196 dicel-at
713 2160 725 2195 :
750 2141 883 2208 Quid
916 2142 1012 2194 hoc
1039 2142 1155 2195 est?
1181 2156 1349 2211 egone
1379 2142 1467 2211 qui
1514 2149 1662 2193 tanto
1692 2152 1815 2193 cum
1842 2136 2069 2201 honore,

471 2241 529 2289 ct
554 2242 696 2289 tanta
719 2248 840 2288 cum
870 2232 1068 2287 familia
1103 2234 1322 2303 agebam
1354 2234 1403 2286 in
1431 2232 1668 2285 Charran
1696 2272 1708 2292 ,
1744 2244 1884 2283 nunc
1909 2243 2070 2297 cogor

473 2326 611 2378 sicut
636 2326 849 2379 civitate
868 2340 1058 2379 carens
1082 2366 1095 2389 ,
1128 2336 1182 2379 et
1204 2326 1536 2394 peregrinus,
1574 2332 1627 2377 et
1649 2322 1853 2377 advena
1884 2321 2070 2375 obam-

480 2415 683 2477 bulare,
716 2414 873 2486 idque
925 2416 1110 2485 gratia:
1140 2416 1259 2469 loco
1294 2417 1515 2480 ducere,
1548 2424 1599 2469 et
1637 2415 1869 2484 quietem
1903 2414 1954 2467 in
1984 2412 2070 2466 vili

476 2520 720 2574 quan-ere
768 2506 1099 2572 diversnrio;
1127 2517 1179 2561 et
1206 2523 1377 2575 neque
1412 2508 1513 2561 hoc
1550 2507 1786 2561 invenire
1829 2521 2068 2574 possunt,

471 2598 565 2651 scd
594 2599 644 2650 in
668 2597 1024 2652 tabernaculis
1046 2609 1099 2652 et
1128 2599 1408 2667 tnguriolis
1436 2599 1637 2652 versari
1666 2639 1678 2661 ,
1706 2598 1945 2665 aliasque
1974 2596 2071 2648 iiii-

470 2690 640 2743 serias
684 2689 823 2743 ferre
863 2692 1002 2759 cogit
1046 2705 1129 2743 me
1158 2690 1473 2745 necessitas.
1514 2690 1747 2743 Hoccine
1773 2698 1891 2753 est,
1924 2686 2069 2754 quod

472 2780 682 2835 dicebat
709 2797 724 2835 :
764 2780 903 2841 Veni,
926 2792 970 2833 et
990 2782 1176 2851 faciam
1195 2792 1241 2834 te
1267 2782 1316 2833 in
1336 2792 1531 2850 gentem
1551 2780 1823 2849 magnam?
1845 2780 2070 2833 Pulchra

474 2872 677 2927 scilicet
705 2874 959 2941 prteludia
983 2891 995 2938 ;
1026 2874 1152 2944 quid
1179 2888 1343 2928 suave
1369 2873 1589 2942 posthac
1617 2873 2071 2940 exspectandum?

474 2965 541 3017 At
567 2964 696 3018 nihil
722 2964 823 3017 tali:
844 2964 1055 3019 dicebat
1076 2967 1251 3033 justus
1282 3006 1295 3027 ,
1324 2981 1498 3033 neque
1521 2964 1839 3026 fluctuahat;
1868 2965 1960 3017 sed
1985 2966 2069 3016 in-

475 3067 617 3125 tegra
651 3065 835 3110 mente
864 3064 919 3109 et
944 3056 1176 3125 perfecta
1211 3056 1335 3120 fide,
1364 3056 1499 3111 bene
1527 3056 1696 3109 fidens
1718 3056 1811 3108 Dei
1843 3055 2073 3123 promis-

475 3147 569 3213 sis,
606 3146 830 3200 immoto
879 3148 1110 3215 perstitit
1148 3148 1361 3209 animo;
1407 3147 1549 3201 unde
1579 3148 1757 3201 statim
1785 3157 1839 3201 et
1879 3161 2068 3217 super-

478 3253 603 3292 nam
624 3239 1047 3293 consolationem
1080 3241 1323 3309 accipcre
1351 3241 1567 3294 meruit.

546 3328 601 3383 7.
625 3329 836 3384 Marciis
860 3331 1437 3385 annuatim—Verum
1465 3347 1528 3384 ne.
1559 3347 1863 3386 sermonem
1886 3332 2072 3401 produ-

472 3436 657 3475 camus
685 3422 897 3490 longius
924 3464 937 3486 ,
970 3422 1057 3477 hic
1082 3424 1131 3478 ei
1164 3425 1319 3477 linem
1350 3425 1719 3493 imponamus;
1750 3426 1877 3479 illud
1909 3442 2069 3479 unum

472 3522 688 3567 orantes
716 3514 992 3569 caritatem
1039 3524 1315 3581 vestram,
1371 3526 1429 3570 ut
1478 3529 1713 3572 mentem
1755 3518 1882 3585 justi
1930 3519 2072 3573 illius

473 3607 773 3662 imitemini.
829 3608 1039 3663 Etenim
1086 3609 1527 3664 absurdissimum
1555 3620 1735 3675 esset,
1766 3612 1810 3665 si
1838 3628 1956 3665 cum
1985 3613 2069 3681 ju-

472 3708 588 3753 stus
613 3700 719 3765 ille,
750 3701 816 3754 de
839 3710 982 3756 terra
1032 3703 1086 3756 in
1124 3711 1321 3757 terram
1352 3716 1592 3770 vocatus,
1636 3713 1833 3758 tantam
1875 3721 1984 3774 pra:
2012 3721 2071 3760 se

472 3792 657 3845 tulerit
695 3792 1079 3859 obedientiam,
1111 3804 1166 3849 et
1213 3810 1387 3865 neque
1435 3806 1708 3862 senectus,
1752 3811 1926 3866 neque
1968 3799 2071 3852 alia

472 3899 592 3950 qum
620 3886 1057 3940 enumeravimus
1096 3888 1513 3956 pra‘pedimenta
1534 3929 1548 3949 ,
1573 3904 1744 3958 neque
1772 3898 2069 3958 temporum

472 3976 778 4042 difficultas,
805 3994 978 4048 neque
1010 3979 1113 4033 ulla
1146 3980 1271 4046 alia,
1294 3996 1413 4049 qua:
1437 3984 1693 4036 remorari
1726 3982 1897 4053 ipsum
1918 3998 2073 4051 posse

474 4068 814 4135 videbantur,
865 4070 931 4123 ad
982 4072 1338 4126 obediendum
1389 4073 1679 4127 tardiorem
1726 4090 1848 4127 eum
1896 4074 2073 4129 facere

475 4161 781 4227 potuerint;
811 4162 902 4215 sed
929 4163 1177 4217 omnibus
1206 4165 1435 4217 vinculis
1466 4166 1658 4232 ruptis,
1689 4167 1986 4219 cucurrerit
2017 4176 2074 4220 et

473 4247 808 4304 festinaverit
834 4265 1022 4318 senex,
1054 4254 1203 4321 quasi
1249 4254 1461 4322 juvenis
1509 4256 1793 4323 resumptis
1847 4256 2070 4320 viribus,

473 4354 594 4392 eum
617 4355 802 4405 uxore,
822 4349 875 4395 et
922 4341 1099 4397 fratris
1148 4343 1280 4409 filio,
1308 4352 1364 4399 et
1407 4345 1617 4399 famulis
1642 4387 1655 4399 .
1688 4357 1745 4400 ut
1794 4347 2075 4414 perficiens

472 4445 636 4498 opere
672 4431 811 4499 quod
842 4432 943 4485 sibi
972 4448 999 4486 a
1043 4434 1154 4489 Deo
1174 4434 1551 4490 demandatum
1578 4446 1695 4491 erat
1731 4456 1743 4489 :
1774 4452 1873 4490 nos
1894 4447 2071 4493 autem

472 4524 563 4591 qui
591 4538 697 4578 non
728 4522 796 4579 de
826 4533 967 4579 terra
994 4526 1047 4579 in
1094 4536 1293 4581 terram
1321 4544 1577 4583 vocamur
1597 4571 1611 4593 ,
1644 4530 1738 4584 sed
1766 4531 1831 4584 de
1860 4541 1998 4585 terra
2022 4533 2073 4586 in

472 4617 687 4682 caelum,
722 4633 826 4672 non
877 4620 1121 4675 eamdem
1175 4636 1333 4689 quam
1380 4622 1470 4676 ille
1513 4623 1691 4689 justus
1744 4624 2073 4678 alacritatem

474 4707 777 4763 obeilicndo
820 4710 1210 4777 exhibeamus,
1255 4712 1351 4766 sed
1398 4712 1615 4781 frigidas
1662 4714 1977 4783 plerumque.
2021 4726 2076 4769 et

475 4799 690 4854 inutiles
710 4810 1064 4871 praatcxamus
1100 4816 1326 4865 causas;
1358 4813 1410 4855 et
1438 4819 1610 4872 neque
1650 4820 1747 4859 nos
1783 4805 2075 4873 promisso-

477 4904 593 4941 rum
624 4890 953 4959 magnitudo,
986 4908 1159 4959 neque
1210 4893 1494 4946 visibilium
1540 4911 1718 4947 rerum
1748 4896 1953 4961 vilitas,
1981 4912 2075 4950 ne-

476 4997 581 5049 que
623 4983 763 5050 quod
814 4993 1042 5037 terrena:
1075 4985 1176 5038 illae
1215 4986 1322 5038 sint
1360 4994 1414 5037 et
1456 4996 1864 5049 momentaneae,
1900 5003 2075 5056 nequc

477 5074 718 5126 vocantis
746 5072 976 5143 dignitas
998 5075 1134 5128 adeo
1178 5076 1408 5129 attrahat
1439 5094 1450 5127 :
1480 5076 1573 5128 sed
1600 5077 1735 5130 adeo
1780 5077 1947 5130 simus
1984 5094 2076 5131 ne-

477 5164 763 5233 gligentes,
798 5175 855 5218 ut
903 5166 1252 5235 praeferamus
1302 5176 1674 5220 momentanca
1719 5184 1932 5235 semper
1965 5185 2073 5222 ma-

475 5255 750 5320 nentibus,
806 5265 1003 5310 terram
1053 5260 1207 5323 caelo,
1255 5275 1315 5312 ea
1358 5274 1480 5328 qua:
1533 5258 1750 5312 avolant
1792 5270 2074 5329 antequam

478 5346 806 5414 habeantur,
838 5349 902 5402 iis
932 5365 1051 5419 quae
1076 5366 1362 5419 numquam
1395 5351 1553 5406 finem
1573 5352 1812 5421 accipere
1836 5365 2072 5421 possunt.

475 5440 765 5508 Quousque
790 5440 932 5494 enim
961 5482 976 5505 ,
1004 5441 1090 5495 dic
1111 5484 1126 5506 ,
1157 5458 1360 5510 quaso,
1392 5444 1461 5496 ita
1492 5444 1817 5498 insanicmns
1844 5446 1893 5498 in
1920 5448 2074 5499 colli-

477 5532 666 5593 geudis
713 5533 995 5601 pecuniis?
1042 5550 1163 5603 quae
1212 5536 1385 5589 rahies
1424 5537 1567 5604 cogit
1605 5538 1842 5605 quotidie
1886 5554 1913 5589 a
1971 5549 2075 5591 tam

484 5620 707 5674 molesta
737 5626 1171 5693 concupiscentia
1202 5626 1460 5691 infestari,
1488 5638 1541 5680 et
1562 5644 1849 5693 numquam
1871 5629 2074 5690 satiari,

484 5706 574 5760 sed
597 5708 835 5767 deterius
861 5714 1057 5770 habere
1083 5732 1240 5785 quam
1268 5717 1355 5785 qui
1388 5728 1507 5769 sunt
1556 5718 1732 5772 ebrii?
1769 5719 1902 5773 Nam
1942 5719 2078 5774 sicut

482 5791 558 5847 iili
590 5808 799 5863 quanto
831 5807 998 5875 magis
1028 5821 1176 5861 mero
1218 5823 1275 5861 se
1327 5807 1661 5877 distendunt,
1715 5819 1862 5863 tanto
1906 5812 2073 5881 magis

2185 477 2407 549 flagrant
2444 482 2553 547 Siti,
2576 493 2626 536 et
2653 485 2920 539 caminum
2960 486 3292 541 succendunt
3334 489 3627 554 graviorem
3660 508 3669 539 :
3704 495 3779 543 ita

2186 570 2436 624 nimirum
2479 583 2534 626 et
2567 574 2651 627 isti
2693 575 2783 643 qui
2814 590 2931 629 sese.
2976 578 3236 645 tyrannidi
3268 578 3504 633 avaritia:
3529 580 3778 646 subjecc—

2183 673 2349 727 runt,
2412 664 2615 717 nullum
2672 667 3080 735 concupiscendi
3146 668 3303 721 finem
3356 668 3551 722 faciunt
3610 689 3623 723 :
3681 670 3779 725 sed

2181 765 2379 823 quanto
2417 757 2566 824 plura
2595 756 2837 823 affluunt,
2865 769 3012 812 tanto
3046 761 3211 829 magis
3241 761 3452 814 flamma
3480 764 3691 825 crescit,
3724 773 3781 816 et

2181 849 2423 899 caminus
2448 848 2599 902 ardet
2631 849 2876 903 validius.
2918 850 3031 905 Non
3061 853 3302 906 videmus
3317 854 3456 921 quod
3492 855 3521 907 ii
3546 854 3779 923 quiante

2182 953 2279 989 nos
2309 938 2476 1002 fuere,
2503 940 2744 1007 quamvis
2778 942 3158 1009 propemodum
3210 945 3372 997 totius
3401 944 3547 998 orbis
3574 944 3776 997 domini

2181 1039 2384 1094 essent,
2416 1030 2541 1083 nudi
2569 1040 2623 1085 et
2651 1032 2872 1086 solitarii
2902 1048 2967 1087 ex
3000 1034 3098 1088 hac
3130 1035 3234 1088 vita
3262 1036 3467 1105 abrepti
3498 1048 3640 1102 sunt,
3675 1039 3777 1094 hoc

2181 1121 2351 1172 Sttilllll
2403 1121 2527 1175 inde
2564 1125 2879 1191 consequuti
2917 1126 3057 1194 quod
3106 1127 3343 1180 rationes
3388 1140 3441 1181 et
3479 1144 3651 1197 prima:
3683 1146 3776 1200 pro

2182 1215 2429 1266 omnibus
2458 1214 2564 1275 illic
2597 1215 2665 1269 ab
2688 1217 2767 1270 eis
2792 1216 3066 1285 exigenda:
3094 1220 3239 1271 sint?
3275 1220 3340 1273 Et
3363 1220 3573 1290 quidem
3603 1238 3801 1291 saepe-7

2182 1320 2405 1358 numero
2441 1304 2636 1361 diversi
2685 1306 2966 1361 facultates
3006 1324 3191 1363 eorum
3234 1312 3370 1365 inter
3405 1328 3463 1365 se
3492 1312 3777 1368 distribue~

2182 1405 2343 1447 runt:
2377 1406 2590 1463 peccata
2620 1406 2796 1451 autem
2846 1414 2911 1452 ex
2962 1399 3064 1452 illis
3102 1410 3376 1455 contracta
3431 1404 3543 1471 ipse
3599 1406 3775 1459 solum

2181 1502 2363 1539 secum
2393 1486 2663 1556 auferens,
2704 1490 2962 1557 abscedit,
2994 1502 3047 1546 ct
3075 1509 3170 1560 pro
3197 1494 3260 1547 iis
3290 1510 3494 1563 magum
3538 1496 3775 1565 indigna-

2182 1578 2339 1631 tionis
2368 1580 2625 1648 supplicia
2651 1583 2939 1643 sustinens,
2968 1584 3332 1639 eoos«ilatioue
3361 1587 3594 1655 undique
3615 1590 3778 1643 desti-

2182 1674 2365 1723 tuLtur.
2396 1672 2569 1737 Quare
2603 1672 2777 1739 igitur,
2797 1673 2901 1738 die,
2931 1689 3027 1727 oro
3056 1715 3070 1739 ,
3101 1684 3205 1727 tam
3236 1676 3562 1745 negligentes
3583 1680 3775 1733 salutis

2182 1774 2399 1827 nostrze,
2430 1765 2500 1818 ita
2529 1768 2764 1835 segniter
2790 1768 2981 1819 animae
3007 1778 3205 1821 nostrae
3233 1770 3564 1825 consulimus
3582 1814 3596 1837 ,
3622 1773 3776 1840 quasi

2179 1858 2353 1910 aliena
2383 1870 2523 1911 esset
2546 1900 2559 1919 ,
2589 1868 2642 1911 et
2671 1875 2775 1911 non
2801 1861 3026 1913 nostra?
3056 1860 3169 1913 Non
3199 1862 3352 1915 audis
3382 1847 3653 1925 Christum
3681 1864 3768 1915 di-

2179 1961 2387 2002 centem
2421 1968 2432 2001 :
2463 1949 2626 2014 Quam
2656 1951 2794 2003 dabit
2847 1952 2997 2003 homo
3038 1954 3476 2006 commutationem
3528 1971 3619 2022 pro
3663 1956 3777 2008 ani-

2180 2058 2263 2091 ma
2310 2057 2401 2093 sua
2434 2040 2646 2111 (Matth.
2700 2043 2789 2096 16.
2836 2043 2965 2113 26)?
3000 2044 3065 2097 Et
3113 2045 3304 2097 iterum
3339 2062 3351 2096 :
3389 2047 3525 2112 Quid
3572 2049 3776 2115 prodest

2179 2130 2430 2183 Itominisi
2462 2142 2619 2184 totum
2650 2134 2895 2185 mundum
2922 2134 3165 2201 lucretur,
3217 2138 3399 2189 anima:
3453 2148 3622 2191 autem
3670 2156 3778 2192 sua;

2180 2221 2529 2274 detrimentum
2579 2224 2805 2289 patiatur
2848 2224 2873 2277 Ρ
2925 2224 3059 2278 Num
3116 2228 3385 2296 quidpiam
3438 2228 3600 2282 hach
3655 2231 3778 2284 huic

2179 2312 2645 2381 mquiparandum?
2675 2314 2893 2369 Etiamsi
2941 2324 3107 2370 totuu
3151 2320 3336 2372 orbem
3368 2320 3607 2384 dixeris,
3645 2323 3777 2377 nihil

2179 2405 2344 2461 dices.
2374 2407 2503 2472 Qua:
2531 2408 2673 2461 enim
2722 2409 2953 2474 utilitas,
2992 2411 3130 2463 sicut
3157 2410 3571 2478 dixitChristus,
3606 2424 3777 2467 totum

2180 2498 2434 2552 mundum
2458 2500 2793 2564 lucrifacere,
2822 2504 3015 2555 animm
3043 2514 3220 2557 autent
3242 2504 3617 2559 detrimentum
3644 2509 3775 2577 pati,

2177 2606 2279 2658 qua
2328 2590 2458 2645 nihil
2492 2593 2646 2646 nobis
2689 2595 2855 2662 magis
2903 2595 3219 2663 proprium?
3251 2597 3442 2650 Verum
3494 2614 3609 2651 eam
3657 2616 3777 2668 qiue

2179 2691 2283 2737 tam
2306 2686 2535 2753 pretiosa
2558 2696 2658 2751 est,
2678 2687 2830 2755 cujus
2869 2697 3067 2741 tantam
3095 2704 3276 2743 curam
3307 2706 3464 2759 agere
3493 2692 3774 2758 debemus,

2178 2787 2236 2831 ut
2259 2777 2388 2832 nihil
2418 2779 2490 2832 illi
2520 2780 2754 2849 prmferri
2779 2780 2990 2844 debeat,
3022 2782 3101 2835 sic
3126 2782 3450 2851 despicimus
3472 2826 3484 2843 ,
3518 2797 3575 2836 nt
3596 2789 3777 2855 quoti-

2177 2868 2263 2922 die
2289 2868 2653 2937 disccrpatur,
2687 2880 2740 2923 ct
2767 2870 3033 2924 interdum
3060 2871 3130 2924 ab
3162 2875 3381 2926 avaritia
3427 2875 3736 2929 obsideatur
3759 2919 3775 2939 ,

2176 2959 2461 3029 aliquando
2488 2978 2518 3015 a
2544 2963 2755 3017 luxuria
2785 2965 3082 3029 laceretur,
3124 2964 3390 3018 interdum
3423 2967 3488 3019 ab
3535 2968 3607 3019 ira
3641 2986 3775 3021 con-

2176 3050 2446 3118 fundatur,
2471 3063 2523 3108 et
2542 3069 2573 3108 a
2602 3053 2825 3124 singulis
2854 3056 3139 3111 affectibus
3159 3058 3498 3113 multifariam
3522 3072 3770 3128 vexetur,

2176 3154 2231 3198 et
2269 3145 2467 3197 nullam
2497 3146 2576 3199 vel
2617 3160 2738 3199 sero
2788 3146 2999 3200 tandem
3044 3148 3186 3202 illius
3214 3164 3463 3217 geramus
3510 3153 3773 3206 Sollicitu-

2177 3235 2355 3290 dinem
2378 3239 2399 3290 ?
2427 3237 2555 3304 Quis
2580 3252 2679 3291 nos
2703 3238 2927 3307 posthac
2952 3239 3260 3309 dignabitur
3286 3244 3458 3305 venia,
3486 3254 3539 3298 et
3568 3246 3636 3299 ah
3669 3246 3772 3297 iiu-

2179 3331 2414 3384 niineute
2456 3331 2719 3399 supplicio
2746 3332 2977 3401 eripiet?
3009 3332 3244 3399 Idcirco,
3278 3335 3537 3400 obsecro,
3569 3347 3624 3389 ut
3650 3338 3775 3391 dum

2178 3433 2389 3492 tempus
2411 3422 2688 3487 habemus,
2721 3422 3061 3493 detergamus
3082 3426 3196 3494 ejus
3224 3428 3415 3480 sordes
3442 3428 3603 3496 largis
3629 3431 3775 3483 elec-

2181 3516 2454 3584 inosynis,
2512 3524 2566 3567 et
2614 3514 2719 3568 illis
2767 3524 3105 3583 peccatorum
3151 3528 3453 3571 nostrorum
3509 3520 3776 3573 flammam

2178 3606 2597 3675 cxstinguamus.
2646 3605 2827 3675 Ignem
2861 3609 3003 3661 enim
3027 3650 3041 3675 ,
3075 3609 3277 3678 inquit,
3306 3610 3561 3662 ardentem
3589 3614 3778 3663 crstin-

2177 3708 2292 3767 guct
2336 3715 2485 3768 aqua,
2517 3710 2777 3766 peccatum
2803 3715 2917 3752 vero
2948 3700 3276 3769 eleemosynis
3303 3712 3551 3770 purgatur
3583 3700 3775 3769 (Eccli.

2178 3790 2231 3843 5.
2261 3788 2372 3859 55).
2401 3789 2542 3843 Nihil
2574 3789 2716 3844 enim
2748 3805 2967 3859 prorsus
2998 3792 3218 3860 perinde
3259 3808 3355 3844 nos
3401 3792 3635 3846 eximi-re
3684 3810 3780 3861 po-

2180 3890 2284 3934 tcst
2331 3897 2358 3934 a
2405 3882 2650 3951 gehenna
2704 3882 2862 3952 ignis,
2913 3892 3073 3951 atque
3130 3884 3345 3953 largitas
3397 3886 3777 3955 cleemttsynze.

2179 3972 2336 4027 Istam
2358 3974 2401 4028 si
2425 3973 2828 4042 praestiterimus
2852 3974 3143 4029 secundum
3178 3975 3320 4044 leges
3349 3990 3379 4028 a
3411 3976 3634 4029 Domino
3667 3986 3777 4029 tra—

2179 4066 2338 4129 ditas,
2362 4081 2554 4134 nempe
2577 4065 2710 4119 nihil
2737 4064 2801 4119 ad
2841 4067 3252 4121 ostentationem
3285 4068 3555 4133 facientes,
3589 4067 3680 4121 sed
3708 4068 3780 4122 ob

2180 4176 2419 4215 amorem
2448 4160 2500 4214 in
2532 4160 2698 4213 Deum
2718 4200 2732 4223 ,
2768 4160 3061 4228 poterimus
3091 4170 3145 4213 et
3173 4170 3513 4229 peccatorum
3562 4172 3780 4214 nostro-

2180 4268 2297 4306 rum
2319 4251 2555 4305 maculas
2573 4251 2811 4316 abluere,
2841 4260 2896 4304 et
2919 4250 3151 4305 divinam
3181 4252 3599 4305 miscricordiam
3626 4266 3781 4306 assc-

2180 4344 2290 4413 qni,
2318 4344 2485 4413 gratia
2511 4351 2566 4396 et
2592 4342 3023 4397 miserationibus
3064 4343 3321 4412 unigeniti
3346 4342 3467 4397 Filii
3494 4343 3611 4412 ejus
3642 4386 3657 4409 ,
3691 4344 3777 4398 cui

2180 4451 2302 4489 eum
2342 4436 2499 4491 Patre
2529 4443 2585 4490 et
2620 4444 2807 4489 sancto
2851 4434 3051 4504 Spiritu
3079 4435 3150 4489 sit
3192 4436 3383 4505 gloria,
3415 4436 3694 4503 imperium
3727 4445 3781 4492 et

2183 4529 2378 4591 honor,
2420 4542 2563 4583 nunc
2612 4537 2668 4582 et
2720 4543 2954 4597 semper,
2994 4536 3049 4582 et
3090 4528 3142 4581 in
3189 4531 3382 4583 srecula
3433 4530 3779 4584 sa-culorum.

2181 4619 2374 4674 Amen.

2712 4706 2993 4762 HOMlLlA
3032 4706 3248 4761 XXXII.

2184 4845 2251 4899 Et
2280 4846 2413 4899 visus
2458 4854 2527 4899 est
2571 4844 2822 4899 Dominus
2862 4844 3047 4910 Abrm,
3078 4854 3124 4898 ct
3166 4845 3295 4899 dixit
3335 4846 3380 4899 ei
3410 4862 3428 4899 :
3455 4845 3652 4899 Semini
3694 4855 3783 4900 tuo

2254 4940 2383 4991 dabo
2410 4950 2594 4991 terram
2632 4939 2800 5002 hanc;
2837 4946 2883 4991 et
2920 4939 3166 4991 exstruxit
3204 4939 3270 4991 ibi
3309 4940 3471 4992 altare
3508 4938 3733 4992 Domino
3758 4981 3775 5006 ,

2256 5031 2341 5098 qui
2366 5030 2499 5095 visus
2529 5038 2602 5081 est
2630 5030 2676 5081 ei
2701 5028 2849 5097 (Gen.
2886 5029 2971 5082 12.
3002 5029 3079 5097 7).

2257 5163 2307 5214 1.
2350 5160 2453 5213 Cur
2496 5161 2709 5214 noluerit
2752 5160 2890 5214 Deus
2935 5161 3125 5213 claram
3171 5178 3276 5215 esse
3321 5163 3663 5232 Srripturam.
3708 5196 3783 5209 -

2183 5254 2376 5307 Multus
2398 5264 2450 5307 et
2473 5253 2763 5308 immensus
2791 5254 2841 5307 in
2865 5254 2928 5307 iis
2949 5296 2961 5317 ,
2986 5270 3103 5324 qua:
3128 5257 3283 5324 paulo
3305 5266 3427 5309 ante
3448 5268 3571 5310 sunt
3603 5260 3741 5313 lecta
3765 5303 3781 5325 ,

2184 5349 2467 5401 thesaurus
2485 5347 2633 5413 latet,
2652 5348 3001 5409 dilectissimi,
3021 5358 3075 5402 et
3094 5364 3229 5416 opus
3249 5356 3329 5401 est
3351 5350 3550 5403 intenta
3574 5359 3781 5415 mente,

2182 5441 2468 5508 sohriaque
2492 5450 2547 5493 et
2572 5440 2804 5508 vigilanti
2835 5440 3063 5504 ratione,
3098 5440 3164 5492 ita
3198 5449 3253 5493 ut
3282 5440 3412 5493 nihil
3440 5455 3627 5494 eorum
3658 5459 3782 5512 qua!

2184 5533 2233 5583 in
2265 5531 2511 5584 brevibus
2535 5530 2711 5583 verbis
2742 5530 2927 5596 latent,
2954 5545 3051 5583 nos
3074 5540 3373 5598 pnetereat.
3401 5530 3532 5584 Nam
3557 5544 3781 5601 propter

2183 5623 2284 5675 hoc
2309 5631 2363 5676 et
2391 5622 2697 5675 misericors
2730 5622 2868 5675 Deus
2898 5637 3002 5675 non
3041 5621 3183 5676 facili
3213 5634 3265 5676 et
3305 5625 3664 5692 perfunctoria
3699 5626 3782 5679 le-

2182 5714 2360 5767 ctione
2377 5714 2541 5767 voluit
2569 5712 2721 5767 nobis
2747 5714 2924 5767 omnia
2947 5729 3066 5783 quae
3096 5716 3148 5766 in
3180 5714 3468 5782 Seripturis
3496 5717 3779 5769 continen-

2186 5820 2271 5864 tur
2296 5850 2313 5878 ,
2346 5808 2625 5864 manifesta
2651 5818 2704 5864 et
2734 5808 3009 5879 perspicua
3040 5821 3159 5862 esse
3186 5849 3200 5873 ,
3230 5816 3287 5862 ut
3311 5822 3532 5863 excussa
3557 5824 3777 5865 somno-
