4062 6396
283 377 384 432 291
1389 375 1456 432 ΙΝ
1487 375 1638 433 CAP.
1681 373 1774 432 XII
1813 375 2058 432 GENES.
2093 377 2331 434 HOMIL.
2375 375 2589 434 XXXII;
3460 373 3570 427 ’Ξθῖ

1395 491 1438 510 1‘,
1451 491 1470 510 ⁸.
1483 491 1498 510 ἱ

279 575 466 630 καίτοι
489 571 586 624 τοῦ
610 571 845 641 ἀδελφοῦ
877 573 1014 643 πρὸς
1039 571 1204 625 τοσαύ
1221 591 1308 642 την
1331 573 1540 645 ἀρετὴν
1556 575 1878 642 φθάσαντος,

281 661 366 714 ἔτι
389 661 458 730 τῇ
501 656 681 730 πλάνῃ
711 656 1154 728 προκατείληπτο
1174 673 1188 686 ⁸
1220 651 1376 720 οὗτος
1405 659 1463 710 δὲ
1494 658 1615 711 καθ’
1645 657 1884 725 ἑκάστην

281 744 500 814 ἡμέραν
535 740 748 794 ἐδείκνυ
780 739 848 792 δι’
879 739 1058 793 αὐτῶν
1081 739 1189 792 τῶν
1224 741 1566 811 πραγμάτων
1585 741 1764 794 ἅπασι
1785 739 1884 809 τῆς

281 829 431 880 κατά
478 825 613 878 956v
656 823 822 877 αὐτοῦ
862 825 1066 896 ἀρετῆς
1102 826 1202 896 τὴν
1249 823 1512 878 ἐπίδοσιν.
1557 823 1669 878 Kal
1711 819 1881 892 ἦλθε,

284 912 476 984 φησιν,
509 913 596 974 είς
627 908 744 978 γῆν
765 909 1029 970 Χαναὰν,
1055 909 1154 962 καὶ
1177 907 1507 962 διώδευσεν
1532 909 1746 976 Ἄϐραμ
1769 905 1886 974 τὴν

283 995 405 1065 γῆν
427 997 517 1060 είς
541 993 609 1046 τὸ
639 991 834 1060 μῆκος
867 989 1082 1060 αὐτῆς.
1121 991 1224 1057 ἕως
1267 992 1372 1046 τοῦ
1405 993 1595 1046 τόπου
1633 989 1740 1046 τοῦ
1777 993 1888 1043 Συ-

284 1078 420 1147 χὲμ,
455 1077 556 1130 ἐπὶ
595 1073 710 1143 τὴν
740 1075 892 1144 δρῦν
929 1073 1045 1140 τὴν
1072 1071 1343 1142 ὑψηλήν.
1372 1074 1622 1128 Διδάσκει
1662 1074 1808 1144 ἡμᾶς
1848 1073 1884 1144 ἡ

284 1161 480 1233 Γραφὴ
515 1159 575 1214 τὸ
606 1160 769 1230 μέρος
801 1157 902 1228 τῆς
934 1157 1140 1230 χώρας,
1163 1159 1243 1221 εἰς
1270 1155 1298 1210 ὃ
1326 1157 1421 1211 νῦν
1444 1157 1542 1228 τὴν
1566 1157 1886 1226 κατοίκησιν

285 1247 522 1298 ποιεῖται
551 1243 579 1295 6
604 1243 832 1304 δίκαιος.
863 1237 1018 1306 Εἶτα,
1052 1241 1140 1294 ἵνα
1173 1240 1436 1310 μάθωμεν
1475 1242 1623 1304 ὅπως
1655 1239 1887 1294 διέκειτο

283 1331 368 1381 ἔτι
399 1328 478 1381 1:}!
516 1325 724 1388 αὐτόθι,
757 1325 944 1396 φησὶν,
992 1327 1058 1378 Ol
1103 1323 1173 1378 δὲ
1211 1323 1530 1378 Χαναναῖοι
1567 1323 1700 1377 τότε
1747 1341 1884 1377 κατ-

281 1412 486 1476 ῴκουν
511 1410 628 1478 τὴν
657 1407 794 1479 γῆν.
815 1409 928 1479 Οὐχ
952 1405 1140 1471 ἀπλῶς
1169 1406 1326 1461 τοῦτο
1357 1409 1744 1478 ἐπεσημήνατο
1773 1407 1883 1462 πά·-

285 1495 370 1548 λιν
385 1497 414 1548 6
437 1495 707 1566 μακάριος
721 1492 986 1562 Μωῦσῆς,
1001 1489 1222 1544 ἀλλ’ἵνα
1241 1489 1502 1561 μάθωμεν
1522 1491 1614 1544 καὶ
1635 1489 1882 1544 ἐντεῦθεν

283 1580 388 1650 τὴν
403 1577 696 1646 φιλόσοφον
719 1573 946 1645 γνώμην
973 1573 1064 1626 τοῦ
1089 1575 1452 1645 πατριάρχου,
1471 1575 1552 1628 ὅτι
1570 1575 1682 1628 τῶν
1702 1575 1884 1629 τόπων

287 1663 370 1715 ἔτι
401 1659 970 1731 προκατειλημμένων
997 1655 1104 1708 ὐπὸ
1135 1656 1244 1710 τῶν
1276 1657 1620 1723 Χαναναίων,
1646 1657 1887 1728 ἡναγκά-

287 1747 416 1810 ζετο
441 1743 698 1814 καθάπερ
731 1743 936 1812 ἀλήτης
963 1741 1061 1793 καὶ
1097 1739 1266 1806 ξένος,
1299 1741 1394 1794 καὶ
1432 1741 1508 1805 ὼς
1540 1735 1620 1806 εἷς
1659 1743 1767 1796 τῶν
1799 1743 1889 1796 εὐ-

287 1827 461 1898 τελῶν
492 1829 586 1880 καὶ
617 1824 1068 1898 ἀπερριμμένων,
1105 1825 1180 1888 ὼς
1216 1824 1372 1895 ἔτυχε
1417 1825 1729 1892 καταλύειν,
1770 1825 1891 1878 οὐδέ

289 1910 641 1980 καταγωγίου
664 1909 792 1971 ἴσως
816 1907 1085 1978 εὐπορῶν.
1113 1907 1225 1960 Καὶ
1246 1907 1394 1979 ὅμως
1413 1907 1532 1962 οὐδέ
1548 1906 1721 1971 οὓτως
1739 1907 1890 1960 ἐδυσ-

289 1993 544 2066 χέρανεν,
582 1993 702 2046 οὐδέ
727 1987 870 2044 εἶπε·
912 1991 976 2042 Τί
1010 1989 1199 2056 τοῦτο;
1221 1991 1248 2043 ό
1273 1990 1411 2060 μετά
1433 1993 1700 2062 τοσαύτης
1723 1993 1890 2062 τιμῆς

289 2081 388 2133 καὶ
422 2077 718 2149 θεραπείας
748 2075 954 2144 διάγων
1000 2076 1058 2127 ἐν
1095 2077 1161 2144 τῇ
1193 2075 1441 2149 Χαρράν,
1469 2073 1563 2128 νῦν
1589 2077 1894 2144 ἀναγκάζο-

293 2180 419 2232 μαι,
459 2163 534 2224 ώς
565 2159 754 2222 ἄπολις
775 2199 789 2222 ,
822 2160 916 2212 καὶ
953 2157 1123 2222 ξένος,
1175 2157 1270 2210 καὶ
1297 2157 1544 2226 ἔπηλυς,
1580 2161 1637 2212 ἐν
1666 2159 1890 2231 χάριτος

295 2247 450 2318 μέρει
483 2245 772 2314 περιιέναι,
809 2243 905 2296 καὶ
953 2240 1298 2310 καταγωγίου
1333 2239 1580 2304 εὐτελοῦς
1616 2242 1890 2312 ἐπιζητεῖν

289 2332 622 2384 ἀνάπαυσιν·
663 2329 754 2382 καὶ
778 2327 898 2380 οὐδὲ
923 2325 1096 2390 οὕτως
1135 2327 1413 2396 ἐπιτυχεῖν
1439 2325 1673 2406 δύναμριι
1701 2325 1888 2390 αὐτοῦ,

293 2415 407 2468 ἀλλ’
437 2417 497 2466 ἐν
521 2415 752 2483 σκηναῖς
793 2411 886 2463 καὶ
923 2409 1187 2472 καλύϐαις
1213 2427 1280 2480 με
1305 2409 1510 2477 διάγειν
1535 2411 1770 2481 ἀνάγκη,
1797 2413 1891 2464 καὶ

291 2499 392 2561 τάς
425 2497 590 2560 ἄλλας
631 2495 850 2557 ἁπάσας
879 2493 1066 2566 φέρειν
1096 2493 1496 2564 ταλαιπωρίας.
1531 2495 1702 2547 τοῦτό
1743 2497 1890 2548 ἐστιν

289 2581 412 2634 ὅλον
445 2579 474 2632 ὃ
503 2580 676 2648 έλεγε,
693 2579 894 2646 Δεῦρο,
915 2577 1015 2632 καὶ
1040 2577 1274 2644 ποιήσω
1296 2593 1370 2631 σε
1393 2579 1482 2642 είς
1499 2577 1673 2644 ἔθνος
1699 2578 1889 2648 μέγ-ιη

295 2664 447 2726 Τέως
485 2679 576 2733 μοι
607 2661 748 2716 καλά
771 2663 839 2714 τά
882 2661 1176 2732 προοίμια·
1210 2661 1262 2712 τί
1297 2661 1536 2732 χρηστόν
1567 2663 1682 2714 ἐστι
1719 2677 1890 2732 προσ-

295 2747 527 2816 δοκῆσαι
548 2746 765 2812 λοιπόν;
795 2745 934 2798 Ἀλλ’
960 2745 1082 2797 οὐδέ
1107 2743 1280 2806 οὕτως
1303 2745 1561 2815 ἠνέσχετό
1583 2763 1634 2796 τι
1656 2745 1890 2818 τοιοῦτον

293 2833 470 2883 εἰπεῖν
511 2833 540 2884 6
571 2829 800 2895 δίκαιος,
832 2829 953 2882 οὐδέ
1011 2828 1285 2881 ἐνδοιάσαι
1311 2843 1324 2856 ’
1369 2827 1482 2880 ἀλλ’
1508 2827 1789 2899 ὁλοκλήρῳ
1823 2831 1888 2898 τῇ

294 2915 525 2986 διανοίᾳ,
554 2916 649 2969 καὶ
677 2913 860 2984 τελείᾳ
881 2917 948 2985 τῇ
981 2914 1162 2966 πίστει
1187 2912 1471 2985 θαρρήσας
1497 2915 1616 2976 ταῖς
1639 2913 1730 2966 τοῦ
1758 2913 1892 2966 Θεοῦ

297 2999 675 3068 ὑποσχέσεσιν,
697 2998 889 3069 ἀκλινῆ
916 2996 1179 3068 διηνεκῶς
1207 2997 1331 3067 ἔσχε
1351 2996 1442 3049 16v
1467 2996 1745 3068 λογισμόν·
1773 2997 1840 3052 δι’
1865 2997 1894 3051 ὃ

301 3085 398 3139 καὶ
423 3083 636 3154 ταχέως
657 3083 860 3154 ἠξιώθη
892 3086 990 3155 τῆς
1024 3081 1230 3136 ἀνωθεν
1268 3083 1641 3153 παραμυθίας.

367 3165 434 3231 ζ’.
466 3167 606 3219 Ἀλλ’
639 3166 726 3220 ἵνα
755 3166 830 3238 μὴ
861 3168 941 3231 εἰς
969 3165 1102 3219 πολὺ
1131 3167 1304 3236 μῆκος
1334 3167 1663 3236 ἐκτείνωμεν
1686 3165 1786 3236 τὴν
1812 3165 1893 3219 δι·

292 3249 614 3314 δασκαλίαν,
643 3250 878 3304 ἐνταῦθα
899 3251 1198 3321 στήσαντες
1229 3249 1674 3319 καταπαύσωμεν
1695 3250 1785 3302 τὸν
1810 3249 1896 3302 λό-

297 3355 416 3406 γον,
444 3337 622 3388 ἐκεῖνο
659 3335 1144 3406 παρακαλέσαντες
1185 3335 1340 3405 ὐμῶν
1381 3335 1482 3405 τὴν
1515 3334 1756 3403 ἀγάπην,
1801 3351 1894 3404 μι-

301 3423 582 3492 μήσασθαι
611 3417 704 3472 τοῦ
749 3418 958 3472 δικαίου
1001 3418 1190 3472 τούτου
1234 3417 1332 3488 τὴν
1357 3416 1602 3488 γνώμην.
1647 3419 1756 3470 Καὶ
1785 3417 1894 3488 γὰρ

299 3507 368 3558 ἂν
394 3505 479 3575 εἴη
509 3503 618 3557 τῶν
669 3505 1056 3568 ἀτοπωτάτων,
1083 3503 1133 3556 εί
1155 3503 1183 3554 ό
1215 3503 1312 3572 μέν
1345 3502 1552 3565 δίκαιος
1587 3496 1758 3563 οὗτος.
1787 3502 1896 3554 ἀπὸ

297 3589 406 3660 γῆς
448 3591 532 3653 είς
578 3590 682 3659 γῆν
715 3587 1086 3658 καλούμενος,
1135 3586 1402 3655 τοσαύτην
1451 3585 1766 3650 ἐπεδείξατο
1797 3585 1897 3655 τὴν

303 3671 588 3744 ὑπακοὴν,
635 3673 731 3724 καὶ
764 3669 887 3724 οὐτε
911 3672 971 3723 τὸ
1012 3673 1209 3742 γῆρας,
1262 3669 1386 3723 οὐτε
1425 3668 1494 3722 τὰ
1533 3669 1704 3732 ἀλλα,
1753 3670 1898 3740 άπερ

299 3754 834 3826 ἀπηριθμησάμεθα,
870 3753 1191 3824 κωλύματα,
1217 3751 1339 3806 οὐτε
1358 3755 1392 3824 ἡ
1417 3752 1524 3806 τῶν
1545 3751 1756 3822 καιρῶν
1773 3752 1898 3804 δυσο

301 3840 480 3904 κολία,
515 3837 638 3892 οὐτε
671 3839 800 3892 ἀλλο
836 3856 888 3891 τι
939 3837 1047 3890 τῶν
1095 3837 1340 3906 ἐπισχεῖν
1381 3837 1544 3888 αὐτὸν
1584 3835 1898 3906 δυναμένων

301 3923 526 3993 ἰσχυσεν
555 3923 913 3993 ὀκνηρότερον
948 3921 1110 3974 αὐτὸν
1153 3921 1280 3991 περὶ
1309 3920 1410 3990 τὴν
1449 3919 1694 3989 ὑπακοὴν
1728 3935 1898 3972 κατα-

303 4009 524 4077 στῆσαι,
557 4005 693 4058 ἀλλά
724 4006 900 4058 πάντα
929 4003 1228 4075 διαρρήξας
1256 4003 1326 4056 τά
1359 4003 1534 4073 δεσμά
1564 4001 1774 4074 ἔτρεχε,
1805 4003 1900 4054 καὶ

303 4091 566 4162 ἠπείγετο
597 4091 625 4143 6
664 4089 864 4161 γέρων,
893 4087 1146 4158 καθάπερ
1185 4089 1300 4151 νέος
1336 4086 1604 4157 σφριγῶν,
1636 4087 1774 4156 μετά
1801 4087 1899 4156 τῆς

303 4173 586 4244 γυναικὸς,
621 4175 716 4226 καὶ
767 4173 862 4226 τοῦ
915 4173 1226 4242 ἀδελφιδοῦ,
1259 4173 1350 4225 καὶ
1387 4171 1496 4224 τῶν
1542 4171 1788 4236 οἰκετῶν,
1820 4175 1900 4234 εἰς

305 4260 470 4330 ἔργον
504 4257 736 4326 ἀγαγεῖν
777 4257 836 4310 16
869 4258 1020 4328 παρά
1069 4255 1164 4308 τοῦ
1196 4255 1332 4308 Θεοῦ
1373 4255 1662 4324 ἐπιταχθέν
1685 4272 1696 4284 ·
1740 4255 1900 4326 ἡμεῖς

305 4343 364 4395 δὲ
390 4343 491 4396 οὐκ
513 4341 620 4393 ἀπὸ
645 4341 750 4411 γῆς
777 4343 856 4404 είς
888 4341 992 4410 γῆν
1021 4339 1366 4410 καλούμενοι,
1407 4339 1522 4392 ἀλλ’
1551 4337 1658 4391 ἀπὸ
1686 4340 1785 4408 γῆς
1819 4341 1898 4403 εἰς

305 4428 400 4479 τὸν
429 4425 680 4497 οὐρανὸν,
722 4425 844 4478 οὐδέ
889 4425 989 4495 τὴν
1032 4425 1202 4494 αὐτὴν
1231 4423 1308 4494 τῷ
1352 4425 1545 4494 δικαίῳ
1593 4423 1900 4494 προθυμίαν

307 4509 441 4578 περὶ
465 4511 563 4578 τὴν
588 4507 834 4578 ὑπακοὴν
863 4507 1264 4576 ἐπιδειξόμεθα,
1294 4505 1430 4560 ἀλλά
1462 4507 1675 4578 ψυχρὰς
1705 4505 1901 4560 πολλά-

307 4612 396 4656 κις
424 4595 518 4646 καὶ
545 4595 837 4664 ἀνονήτους
863 4593 1276 4664 προϐαλλόμεθα
1302 4594 1480 4656 αἰτίας
1503 4603 1544 4658 ⁸,
1577 4594 1670 4646 καὶ
1691 4591 1813 4645 οὔτε
1839 4592 1900 4646 16

310 4677 545 4748 μέγεθος
569 4677 722 4748 15151
752 4679 861 4730 τῶν
901 4675 1264 4744 ἐπαγγελιῶν,
1289 4674 1412 4728 οὔτε
1440 4676 1502 4729 τὸ
1543 4676 1756 4739 εὐτελὲς
1791 4676 1902 4728 τῶν

305 4761 626 4833 ὁρωμένων,
661 4761 748 4813 ὅτι
800 4762 966 4831 γήϊνα
1013 4761 1108 4813 καὶ
1144 4761 1494 4830 πρόσκαιρα,
1534 4759 1657 4812 οὐτε
1700 4759 1762 4812 τὸ
1804 4757 1899 4811 τοῦ

307 4846 607 4908 καλοῦντος
640 4843 862 4914 ἀξίωμα
903 4844 1192 4910 ἐφέλκεται
1241 4847 1386 4914 ἡμᾶς
1411 4861 1422 4872 ·
1455 4845 1592 4898 ἀλλά
1636 4842 1900 4914 τοσαύτην

309 4927 737 4998 ἐπιδεικνύμεθα
773 4927 873 4998 τὴν
913 4927 1208 4998 ρᾳθυμίαν,
1247 4928 1320 4991 ὡς
1349 4929 1622 4998 προτιμᾷν
1668 4928 1776 4979 τῶν
1813 4927 1902 4980 ἀεὶ

312 5013 588 5082 μενόντων
627 5011 696 5064 τά
729 5013 1061 5084 πρόσκαιρα,
1099 5013 1191 5064 καὶ
1215 5011 1314 5081 τὴν
1357 5012 1462 5082 γῆν
1501 5011 1595 5064 τοῦ
1647 5009 1898 5080 οὐρανοῦ,

311 5097 407 5148 καὶ
431 5095 504 5148 τὰ
533 5093 805 5166 μηδέποτε
846 5095 1000 5158 τέλος
1037 5093 1220 5148 λαϐεῖν
1258 5093 1530 5164 δυνάμενα
1561 5093 1670 5146 τῶν
1703 5095 1832 5166 πρὶν
1865 5095 1900 5166 ἡ

310 5178 552 5248 φανῆναι
589 5177 982 5248 ἀφιπταμένων
1007 5178 1056 5230 1³.
1089 5178 1268 5252 Μέχρι
1295 5177 1404 5250 γὰρ
1435 5179 1586 5240 πότε,
1624 5179 1744 5232 εἰπέ
1788 5195 1900 5248 μοι,

309 5263 488 5325 οὕτως
517 5259 583 5316 ἀν
617 5264 944 5334 μεμήναμεν
973 5263 1099 5332 περὶ
1122 5263 1220 5333 τὴν
1252 5263 1360 5316 τῶν
1389 5263 1686 5334 χρημάτων
1717 5263 1902 5316 συλλο-

309 5349 454 5416 γήν;
485 5345 568 5409 τίς
609 5349 644 5415 ἡ
671 5346 843 5398 λύσσα
871 5346 933 5397 16
977 5346 1097 5399 καθ’
1131 5347 1369 5416 ἐκάστην
1399 5348 1613 5417 ἡμέραν
1663 5347 1768 5399 ὑπὸ
1803 5351 1903 5416 τῆς

309 5431 562 5502 χαλεπῆς
599 5429 898 5500 ἐπιθυμίας
928 5429 1358 5498 πολιορκεῖσθαι,
1381 5433 1478 5485 καὶ
1513 5431 1785 5501 μηδέποτε
1811 5431 1902 5483 κό-

312 5532 408 5586 ρον
431 5513 752 5583 λαμῦάνειν,
781 5513 918 5566 ἀλλά
947 5513 1167 5568 καὶτῶν
1195 5515 1500 5584 μεθυόντων
1523 5514 1904 5586 χαλεπώτερον

309 5597 660 5666 διακεῖσθαι;
709 5599 980 5670 Καθάπερ
1028 5599 1138 5670 γὰρ
1167 5601 1398 5666 ἐκεῖνοι,
1433 5601 1543 5670 ὅσῳ
1581 5599 1648 5654 ἂν
1683 5599 1904 5654 πλείονα

373 5719 402 5780 9
433 5717 814 5780 Προϐαλλὸμιεθα
831 5717 1109 5780 ἀπολογίας.
1136 5717 1222 5766 Sic
1239 5717 1438 5778 quidam
1455 5729 1573 5766 mss.

381 5779 406 5816 Ιι
433 5777 516 5828 Sil:
534 5777 709 5829 omnes
731 5779 932 5828 omnino
955 5777 1068 5828 niss.
1105 5785 1160 5827 et
1181 5777 1302 5828 edili
1333 5799 1344 5826 :
1371 5780 1438 5828 ila
1462 5787 1516 5828 ul.
1542 5777 1814 5828 verisimile
1838 5781 1904 5828 sit

313 5843 382 5891 ita
404 5841 804 5902 Chrysoﬂomum
824 5841 1030 5902 dixisse,
1055 5846 1108 5888 et
1140 5841 1228 5888 hac
1247 5839 1486 5901 stupenda
1509 5842 1738 5900 ἐναλλαγῇ
1759 5855 1898 5889 usum

315 5904 468 5950 ῆιὶςσιρ
487 5901 768 5960 {debuerat
800 5901 934 5956 enim
958 5902 1148 5956 dicere.
1169 5905 1251 5948 καὶ
1271 5905 1366 5948 τῶν
1391 5903 1628 5960 μηδέποτε
1661 5905 1794 5958 τέλος
1817 5906 1898 5951 λαι

313 5973 411 6020 δεῖν
435 5966 704 6026 δυναμένων
731 5967 788 6012 τὰ
810 5966 965 6028 τιρὶνῆ
991 5969 1186 6026 φανῆναι
1213 5963 1528 6026 ἀφιπτάμενα.

1989 491 2184 545 πίνωσι
2210 493 2301 545 τὸν
2329 493 2585 566 ἄκρατον,
2607 488 2846 560 τοσούτῳ
2875 488 3074 559 μᾶλλον
3096 485 3404 541 ἐκκαίονται
3435 485 3570 556 πρὸς

1985 578 2044 628 τὸ
2068 577 2239 645 δίψος,
2265 577 2359 629 καὶ
2397 573 2788 646 χαλεπωτέραν
2815 571 2916 642 τὴν
2943 572 3176 642 κάμινον
3201 570 3533 623 ἀνάπτουσιν
3553 583 3567 598 ο

1984 659 2128 713 οὕτω
2165 660 2230 730 δὴ
2269 662 2363 713 καλ⁸
2391 657 2536 714 οὗτοι
2683 655 2962 727 τυραννίδι
2989 655 3092 724 τῆς
3120 655 3230 707 τῶν
3274 653 3574 726 χρημάτων

1985 743 2280 814 ἐπιθυμίας
2331 745 2558 804 ἑαυτοὺς
2605 739 2962 802 ἐκδεδωκότες
3015 737 3270 791 οὐδέποτε
3327 737 3576 790 ἵστανται

1984 829 2084 899 τῆς
2119 827 2412 899 ἐπιθυμίας
2433 843 2446 858 ·
2473 827 2588 881 ἀλλ’
2619 827 2730 896 ὅσῳ
2767 825 2836 878 ἂν
2861 823 3084 878 πλείονα
3115 821 3572 894 περιϐάλλωνται,

1986 911 2224 982 τοσούτῳ
2259 912 2460 982 μᾶλλον
2507 911 2720 982 αἴρεται
2765 909 2799 980 ἡ
2837 907 2990 978 φλὸξ,
3031 908 3126 960 καὶ
3174 904 3506 976 σφοδροτέρα
3540 905 3573 974 ἡ

1988 995 2217 1066 κάμινος
2243 995 2562 1048 ἀνάπτεται.
2597 995 2709 1063 Οὐχ
2745 991 2961 1064 ὁρῶμεν
2987 991 3116 1053 τοὺς
3143 989 3250 1060 πρὸ
3281 988 3460 1058 ήμῶν,
3493 988 3576 1039 ὅτι

1991 1079 2132 1150 μετά
2167 1079 2228 1132 τὸ
2263 1079 2498 1144 ἅπασαν,
2527 1079 2602 1142 ώς
2631 1079 2826 1140 εἰπεῖν,
2854 1077 2955 1148 τὴν
2991 1075 3315 1146 οἰκουμένην
3347 1072 3576 1144 περιδα-

1987 1163 2196 1224 λέσθαι.
2229 1163 2427 1234 γυμνοὶ
2460 1164 2554 1216 καὶ
2587 1161 2784 1234 ἔρημοι
2818 1159 3069 1215 ἐντεῦθεν
3119 1156 3573 1230 ἀνηρπάσθησαν,

1988 1247 2240 1300 τοσοῦτον
2269 1247 2428 1317 μόνον
2484 1244 2930 1308 ἀπολαύσαντες,
2974 1243 3098 1296 ὅσον
3121 1241 3290 1304 δίκας
3322 1241 3436 1292 ἐκεῖ
3480 1239 3576 1291 καὶ

1991 1329 2219 1394 εὐθύνας
2250 1329 2389 1400 ὑπὲρ
2421 1331 2672 1383 ἀπάντων
2695 1325 3077 1390 ἀπαιτεῖσθαι;
3107 1325 3217 1378 Καὶ
3245 1323 3314 1376 τά
3347 1322 3444 1393 μὲν
3473 1321 3574 1390 τῆς

1991 1413 2180 1477 οὐσίας
2223 1412 2485 1475 πολλάκις
2525 1411 2863 1482 διενείμαντο
2912 1409 3186 1478 διάφοροι·
3227 1407 3298 1460 τά
3332 1405 3388 1458 δὲ
3433 1403 3576 1472 ὐπέρ

1991 1497 2196 1550 τούτων
2214 1497 2431 1567 ἀμαρτή
2442 1511 2588 1566 ματα
2603 1497 2764 1556 αὐτὸς
2783 1493 2942 1564 μόνος
2959 1490 3352 1560 ἐπιφερόμενος
3368 1487 3574 1552 ἄπεισι,

1991 1581 2090 1641 τὰς
2127 1581 2268 1651 ὑπὲρ
2297 1579 2502 1633 τούτων
2534 1577 2784 1640 κολάσεις
2832 1575 2970 1646 μετὰ
3007 1573 3208 1642 πολλῆς
3241 1572 3339 1643 τῆς
3367 1573 3578 1638 ἀγανα-

1991 1665 2236 1734 κτήσεως
2259 1663 2496 1734 ὐπέχων,
2515 1663 2610 1715 καὶ
2625 1659 2882 1731 οὐδεμίαν
2903 1657 3205 1728 οὐδαμόθεν
3223 1651 3576 1728 παραμυθίαν

1991 1749 2172 1820 εὑρεῖν
2205 1748 2526 1818 δυνάμενος.
2552 1745 2710 1807 Τίνος
2731 1741 2826 1798 οὐν
2859 1743 3067 1805 ἕνεκεν,
3103 1739 3224 1794 εἰπέ
3259 1755 3371 1811 μοι,
3403 1735 3577 1799 οὕτως

1991 1833 2209 1903 ἀμελῶς
2242 1833 2378 1904 πρὸς
2411 1832 2510 1900 τήν
2552 1828 2764 1883 ἑαυτῶν
2792 1825 3066 1898 σωτηρίαν
3100 1821 3442 1893 διακείμεθα,
3479 1821 3576 1904 καὶ

1989 1915 2066 1980 ὡς
2091 1917 2218 1987 περὶ
2239 1903 2525 1986 ἀλλοτρίας
2547 1911 2690 1966 οὓτω
2715 1909 3080 1982 βουλευόμεθα
3101 1907 3344 1978 περὶτῆς
3369 1903 3576 1987 ἑαυτῶν

1989 1985 2202 2069 ψυχῆςς
2236 1998 2350 2050 Οὐκ
2379 1985 2594 2058 ἀκούεις
2617 1993 2712 2048 τοῦ
2737 1993 2974 2066 Χριστοῦ
3001 1991 3270 2061 λέγοντος·
3310 1989 3370 2058 Τί
3397 1985 3579 2040 δώσει

1991 2083 2301 2150 ἅνθρωπος
2346 2079 2742 2149 ἀντάλλαγμα
2789 2077 2900 2147 τῆς
2936 2074 3145 2146 ψυχῆς
3191 2072 3415 2137 αὐτοῦ;
3471 2072 3578 2122 Καὶ

1992 2168 2173 2220 πάλινο
2215 2167 2276 2219 Τί
2319 2163 2632 2234 ὠφελεῖται
2681 2163 3027 2232 ἅνθρωπος,
3057 2158 3166 2213 ἐὰν
3195 2157 3304 2210 τὸν
3345 2159 3579 2221 κόσμον

1991 2251 2138 2304 ὅλον
2187 2250 2452 2318 κερδήσῃ
2480 2288 2494 2314 ,
2541 2247 2656 2317 τὴν
2702 2246 2770 2300 δὲ
2801 2246 3016 2316 ψυχὴν
3068 2243 3255 2299 αὑτοῦ
3285 2238 3578 2308 ζημιωθῇ;

1991 2333 2084 2404 Μὴ
2112 2331 2222 2404 γὰρ
2249 2333 2394 2402 ἔχεις
2422 2349 2473 2386 τι
2497 2331 2701 2402 ταύτης
2729 2329 3016 2396 ἀντάξιον;
3048 2325 3169 2382 Κάν
3199 2324 3296 2396 τὴν
3322 2323 3579 2390 οίκουμέ-

1992 2434 2090 2488 νην
2112 2417 2242 2487 ὃλην
2269 2417 2452 2488 εἴπῃς,
2476 2415 2632 2468 οὐδὲν
2665 2415 2831 2486 ἐρεῖς.
2859 2413 2924 2465 Τί
2954 2411 3064 2484 γὰρ
3087 2409 3298 2480 ὕφελος,
3325 2407 3579 2476 καθάπερ

1991 2503 2020 2552 ὁ
2055 2499 2292 2571 Χριστὸς
2325 2495 2469 2564 εἷπε,
2497 2499 2676 2552 πάντα
2711 2498 2804 2551 τὸν
2847 2499 3052 2568 κόσμον
3085 2494 3365 2566 κερδᾶναι,
3391 2491 3489 2562 τὴν
3521 2489 3579 2542 δέ

1992 2586 2166 2656 ψυχὴν
2201 2583 2564 2656 ζημιωθῆναι,
2593 2578 2660 2654 ἦς
2693 2583 2825 2654 ἡμῖν
2851 2581 3178 2652 οἰκειότερον
3211 2577 3404 2642 οὐδέν;
3435 2574 3582 2628 Ταύ-

1991 2687 2092 2740 την
2115 2665 2210 2722 οὖν
2235 2671 2335 2740 τὴν
2355 2667 2500 2722 οὕτω
2523 2667 2737 2737 τιμίαν,
2772 2667 2871 2738 τὴν
2897 2665 3070 2728 οὕτως
3103 2663 3423 2732 ὀφείλουσαν
3451 2661 3581 2729 ἡμῖν

1994 2750 2132 2806 εἶναι
2167 2753 2658 2825 περισπούδαστον,
2683 2751 2889 2820 ταύτην
2916 2749 3059 2802 οὕτω
3089 2745 3436 2818 περιορῶμεν
3457 2743 3579 2796 καθ’

1995 2837 2230 2908 έκάστην
2280 2837 2494 2908 ἡμέραν
2525 2833 3004 2906 σπαραττομένην,
3045 2833 3140 2885 καὶ
3176 2831 3306 2884 ποτὲ
3346 2828 3444 2900 μὲν
3476 2827 3582 2880 ὑπὸ

1993 2923 2094 2993 τῆς
2122 2922 2230 2974 τῶν
2265 2922 2563 2994 χρημάτων
2594 2919 2890 2988 ἐπιθυμίας
2933 2913 3420 2986 πολιορκουμένην,
3451 2911 3582 2964 ποτὲ

1993 3008 2050 3061 δέ
2077 3007 2181 3060 ὐπὸ
2204 3005 2496 3076 ἀσελγείας
2523 3003 3017 3073 καταξαινομένην.
3050 3000 3239 3054 ἄλλοτε
3263 2998 3320 3050 δέ
3359 2995 3463 3049 ὑπὸ
3489 2995 3584 3048 θυ-

1999 3089 2101 3162 μοῦ
2135 3087 2660 3160 καταισχυνομένην,
2681 3089 2777 3141 καὶ
2801 3085 3073 3157 διαφόρως
3100 3085 3186 3154 ὐφ’
3216 3083 3446 3137 ἐκάστου
3473 3079 3582 3132 τῶν

1997 3175 2188 3230 παθῶν
2223 3173 2706 3245 κατατεινομένην,
2738 3172 2834 3225 καὶ
2867 3169 3127 3240 οὐδεμίαν
3161 3167 3258 3238 ὀψὲ
3289 3167 3419 3236 γοῦν
3451 3181 3582 3218 ποτε

1997 3263 2126 3334 περὶ
2174 3261 2346 3329 αὐτὴν
2387 3259 2645 3330 πρόνοιαν
2689 3253 3060 3325 ποιησόμεθα;
3101 3252 3211 3304 Καὶ
3247 3251 3330 3314 τίς
3362 3248 3583 3314 ἀξιώσει

1996 3345 2144 3417 ἡμᾶς
2175 3343 2362 3396 λοιπὸν
2393 3340 2746 3412 συγγνώμης,
2773 3339 2807 3409 ἢ
2840 3337 3194 3407 ἐξαιρήσεται
3233 3335 3332 3404 τῆς
3372 3333 3583 3417 ἐπικει-

2000 3415 2166 3500 μένης
2193 3427 2496 3491 κολάσεως;
2522 3426 2598 3478 Δι’
2617 3425 2666 3484 ὃ.
2698 3420 3021 3495 παρακαλῶ,
3049 3418 3124 3483 ὼς
3145 3417 3225 3470 ἐτι
3249 3416 3438 3486 καιρὸν
3461 3415 3584 3500 έχο-

2000 3498 2130 3584 μεν,
2168 3511 2586 3582 ἀποσμήχωμεν
2628 3507 2794 3576 αὐτῆς
2849 3505 2944 3558 τὸν
2987 3505 3158 3576 ῥύπον
3207 3500 3294 3554 διά
3331 3498 3586 3584 δαψιλοῦς

1997 3581 2392 3666 ἐλεημοσύνης,
2431 3593 2526 3646 καὶ
2575 3590 2858 3659 σϐέσωμεν
2903 3587 2994 3640 διὰ
3036 3585 3240 3655 ταύτης
3276 3583 3376 3654 τὴν
3405 3581 3584 3653 πυράν

1997 3679 2106 3732 τῶν
2135 3677 2422 3750 ἡμετέρων
2457 3673 2890 3746 ἁμαρτημάτων.
2929 3669 3056 3738 Πῦρ
3089 3668 3218 3739 γὰρ,
3253 3667 3404 3738 φησὶ,
3434 3669 3586 3734 φλο-

1998 3763 2313 3834 γιζόμενον
2361 3757 2693 3814 ἀποσϐέσει
2740 3755 2900 3823 ὕδωρ
2924 3795 2940 3819 ,
2986 3753 3086 3808 καί
3149 3751 3586 3834 ἐλεημοσύναις

1999 3844 2506 3912 ἀποκαθαίρονται
2532 3841 2832 3910 ἁμαρτίαι.
2871 3836 3036 3891 Οὐδὲν
3063 3835 3192 3906 γὰρ,
3218 3833 3368 3886 οὐδὲν
3401 3833 3587 3904 ἕτερον

1999 3929 2170 3994 οὕτως
2199 3925 2475 3993 ἐξελέσθαι
2497 3927 2644 3996 ἡμᾶς
2670 3923 2957 3994 δυνήσεται
2984 3921 3082 3992 τῆς
3108 3917 3204 3971 τοῦ
3233 3917 3404 3990 πυρὸς
3431 3916 3586 3986 γεέν-

1999 4031 2118 4085 νης,
2155 4013 2284 4084 ώςὴ
2320 4011 2450 4082 περὶ
2482 4008 2688 4078 ταύτην
2717 4005 2985 4076 δαψίλεια.
3019 4005 3115 4057 Ἂν
3146 4002 3348 4074 ταύτην
3387 4001 3588 4054 ἐπιδει-

2003 4097 2222 4168 ξὼμεθα
2257 4095 2399 4149 κατά
2426 4095 2554 4155 τοὺς
2590 4089 2862 4144 ὑπἀὐτοῦ
2895 4088 3144 4151 δοθέντας
3168 4087 3384 4157 νόμους,
3422 4085 3588 4156 μηδὲν

2003 4167 2138 4252 πρὸς
2172 4175 2429 4242 ἐπίδειξιν
2459 4174 2936 4246 διαπραττόμενοι,
2959 4172 3093 4226 ἀλλά
3115 4171 3202 4224 διὰ
3233 4171 3324 4223 τὸν
3344 4185 3414 4222 πε
3425 4169 3476 4238 pi.
3496 4167 3590 4220 τὸν

2001 4264 2134 4316 Θεὸν
2157 4260 2308 4334 [516]
2335 4259 2520 4322 πόθον,
2559 4256 2899 4327 δυνησόμεθα
2927 4256 3021 4310 καὶ
3057 4255 3162 4308 τῶν
3183 4253 3588 4334 ἡμαρτημένων

2001 4350 2134 4419 ἡμῖν
2157 4333 2249 4398 τὸν
2273 4343 2446 4416 ῥύπον
2478 4341 2868 4411 ἀπονίψασθαι,
2909 4339 3126 4410 καὶτῆς
3155 4338 3307 4408 παρά
3329 4337 3424 4389 τοῦ
3451 4333 3588 4419 Θεοῦ

2003 4417 2414 4502 φιλανθρωπίας
2451 4425 2770 4496 ἀξιωθῆναι,
2804 4425 2988 4502 χάριτι
3028 4423 3124 4476 καὶ
3155 4423 3458 4492 οἱκτιρμοῖς
3491 4417 3588 4470 τοῦ

2007 4501 2326 4586 μονογενοῦς
2346 4509 2511 4564 αὐτοῦ
2537 4509 2690 4574 Υίοῦ,
2729 4507 2850 4578 μεθ’
2877 4501 2939 4560 οὐ
2969 4506 3119 4577 αὐτῷ
3142 4504 3222 4577 τῷ
3246 4505 3446 4574 Πατρὶ,
3472 4502 3588 4570 ἅμα

2001 4599 2080 4668 τῷ
2117 4597 2258 4667 ἀγίῳ
2287 4595 2589 4664 Πνεύματι,
2619 4591 2764 4660 δόξα,
2802 4590 3026 4662 κράτος,
3054 4587 3210 4659 τιμὴ,
3239 4587 3336 4643 νῦν
3365 4589 3458 4641 καὶ
3479 4587 3588 4648 ἀεὶ,

2006 4682 2100 4736 καὶ
2127 4682 2206 4746 εἰς
2232 4681 2356 4743 τοὺς
2385 4678 2592 4740 αἰῶνας
2621 4677 2729 4732 τῶν
2759 4675 2994 4731 αἰώνων.
3037 4675 3230 4745 Ἀμήν.

2593 4859 2834 4914 OMIAIA
2871 4860 2994 4913 AB'.

2003 4967 2110 5022 Kal
2145 4965 2314 5035 ὤφθη
2339 4967 2554 5034 Κύριος
2585 4965 2666 5030 τῷ
2697 4967 2944 5035 Ἀϐραμ,
2963 4964 3062 5018 καί
3089 4961 3260 5018 εἶπεν
3289 4962 3470 5028 αὐτῷ’
3505 4963 3588 5028 Τῷ

2073 5033 2372 5106 σπέρματί
2393 5033 2510 5106 σου
2534 5035 2706 5089 δώσω
2735 5035 2849 5106 τὴν
2879 5033 3270 5106 γῆνᾼταύττιν.
3305 5035 3414 5106 Καὶ
3439 5037 3588 5106 ᾠκο-

2073 5103 2342 5196 δόμησε]-
2362 5105 2484 5160 ἐκεῖ
2501 5103 2931 5174 θυσιαστήριον
2957 5103 3036 5170 τῷ
3053 5105 3248 5172 Κυρίῳ
3271 5105 3349 5170 τῷ
3375 5105 3588 5174 ὀφθέν-

2077 5195 2132 5230 τι
2166 5194 2346 5242 αυτῳ.

2074 5283 2144 5335 α’.
2163 5282 2336 5346 Πολὺς
2356 5283 2384 5333 ὁ
2405 5277 2676 5351 θησαυρὸς
2704 5279 2798 5332 καὶ
2827 5278 3051 5348 ἄφατος,
3076 5281 3370 5352 ἀγαπητοὶ,
3398 5281 3455 5334 ἐν
3477 5283 3588 5344 τοῖς

2007 5369 2317 5441 πρόσφατον
2349 5365 2765 5434 ἀναγνωσθεῖσι,
2791 5365 2887 5417 καὶ
2924 5365 3005 5418 δεῖ
3040 5367 3438 5438 συντεταμένης
3471 5367 3587 5419 δια-

2004 5455 2150 5517 νοίας
2173 5451 2264 5506 καὶ
2282 5449 2542 5520 λογισμοῦ
2561 5451 2824 5520 νήφοντος
2853 5451 2946 5503 καὶ
2978 5450 3427 5522 διεγηγερμένου,
3444 5449 3586 5503 ὥστε

2007 5537 2174 5609 μηδὲν
2215 5535 2362 5606 ἡμᾶς
2409 5533 2790 5605 παραδραμεῖν
2819 5533 2930 5586 τῶν
2979 5534 3446 5604 ἐγκεκρυμμένων
3477 5537 3586 5597 τοῖς

2006 5620 2230 5692 βραχέσι
2254 5618 2462 5681 τούτοις
2489 5619 2717 5689 ῥήμασι.
2755 5617 2856 5672 Διά
2879 5617 2990 5690 γάρ
3021 5618 3177 5671 τοῦτο
3208 5618 3302 5672 καὶ
3333 5620 3362 5671 6
3397 5618 3588 5686 φιλάνο

2005 5705 2222 5776 θρωπος
2251 5703 2384 5766 Θεὸς
2419 5703 2521 5755 οὐκ
2561 5701 2787 5756 αὐτόθεν
2817 5701 2912 5754 καὶ
2945 5703 3010 5755 ἐκ
3041 5701 3200 5772 ψιλῆς
3225 5701 3587 5770 ἀναγνώσεως

2005 5791 2185 5844 πάντα
2229 5790 2300 5844 τά
2331 5790 2390 5842 ἐν
2439 5790 2560 5851 ταῖς
2593 5787 2838 5856 Γραφαῖς
2870 5786 3098 5858 κείμενα
3145 5785 3451 5840 εὐσύνοπτα
3491 5785 3588 5840 καὶ

2009 5873 2142 5942 δῆλα
2175 5875 2305 5942 ἡμῖν
2343 5870 2632 5942 τυγχάνειν
2673 5870 3070 5942 συνεχώρησεν,
3101 5870 3189 5923 ἵνα
3228 5869 3324 5940 τὴν
3356 5870 3586 5921 νωθείαν

2013 5957 2168 6028 ήμῶν
2195 5957 2454 6029 διεγείρῃ,
2493 5955 2584 6010 καὶ
2621 5954 2818 6025 πολλὴν
2855 5955 2952 6028 τὴν
2981 5955 3285 6026 ἀγρυπνίαν
3317 5953 3584 6014 ἐπιδειξά-

2765 6101 2806 6114 υ
