4062 6396
482 348 590 406 £93
1203 352 1260 408 S.
1301 351 1588 410 JOANNIS
1625 353 2128 411 CHRYSOSTOMI'
2156 351 2470 410 ARCHIEP.
2511 350 3058 408 CONSTANTINOP.

481 480 651 531 μενοι,
688 460 831 516 οὕτω
871 463 970 534 τὴν
1002 463 1060 529 ἐξ
1107 465 1285 520 αὑτῶν
1314 467 1579 536 ὠφέλειαν
1613 467 2054 538 καρπωσῶμεθα.

478 545 649 600 Ιερίωθε
678 545 787 616 γάρ
815 564 928 608 πως
961 547 1029 598 τὰ
1061 550 1157 618 μὲν
1191 549 1327 618 μετά
1349 551 1509 603 πόνου
1541 551 1633 604 καὶ
1652 550 1930 622 ζητήσεως
1964 550 2058 602 εὑ-

475 629 773 699 ρισκόμενα
806 629 1004 700 μᾶλλον
1031 631 1414 702 ἐμπήγνυσθαι
1439 633 1593 702 ήμῶν
1620 635 1686 702 τῇ
1723 633 1930 703 διανοίᾳ
1952 650 1964 662 ·
1991 631 2060 684 τά

474 710 530 762 δὲ
559 712 674 780 μετ’
696 711 964 774 εὑκολίας,
998 711 1191 766 θᾶττον
1213 715 1554 783 ἀφίπτασθαι
1582 716 1680 785 τῆς
1710 715 1930 786 καρδίας
1961 715 2059 784 τῆς

474 793 765 864 ἡμετέρας.
787 794 877 863 Μὴ
905 795 1082 848 τοίνυν
1106 796 1458 867 ρᾳθυμῶμεν,
1487 797 1806 867 παρακαλῶ,
1830 796 2062 850 ἀλλάδι-

477 878 776 948 ἐγείρωμεν
799 879 955 949 ήμῶν
978 879 1068 932 τὸν
1089 880 1366 950 λογισμὸν,
1389 881 1637 952 καὶπρὸς
1658 881 1717 933 τὸ
1743 881 1903 951 βάθος
1928 879 2060 932 αὑτὸ

475 960 582 1011 τῶν
613 960 1013 1030 γεγραμμένων
1038 963 1338 1034 ὁλοσχερῶς
1362 963 1839 1034 κατοπτεύσωμεν,
1865 963 1950 1016 ἵνα
1970 963 2060 1014 δυσ

476 1043 726 1113 νηθῶμεν
751 1061 810 1096 κε
821 1044 1103 1114 ρδάναντές
1123 1063 1175 1098 τι
1201 1046 1361 1099 πλέον
1389 1047 1657 1111 ἐντεῦθεν,
1677 1047 1848 1110 οὕτως
1876 1046 2056 1099 οἴκαδε

478 1127 814 1181 ἐπανελθεῖν.
843 1128 952 1181 Καὶ
975 1129 1083 1200 γάρ
1114 1131 1420 1200 πανήγυρίς
1444 1132 1557 1182 ἐστι
1590 1130 1934 1201 πνευματικὴ
1965 1128 2058 1182 τοῦ

477 1211 612 1264 Θεοῦ
654 1214 687 1282 ή
723 1212 1005 1283 ἐκκλησία.
1040 1213 1132 1265 καὶ
1179 1214 1410 1285 ίατρεῖόν
1449 1216 1563 1267 ἐστι
1591 1215 1799 1284 ψυχῶν,
1835 1213 1927 1267 καὶ
1957 1214 2057 1278 δεῖ,

478 1295 728 1366 καθάπερ
761 1297 840 1358 είς
871 1298 1176 1366 πανήγυριν
1210 1299 1712 1370 παραγενομένους,
1737 1297 1938 1368 πολλὴν
1961 1296 2059 1368 τὴν

480 1379 739 1449 εὐπορίαν
761 1378 1010 1431 ἐντεῦθεν
1034 1379 1414 1444 συλλέξαντας,
1437 1381 1608 1445 οῦτως
1637 1381 1940 1443 ἐπανιέναι,
1965 1380 2060 1432 καὶ

478 1462 728 1531 καθάπερ
756 1464 838 1527 είς
869 1463 1101 1532 ἰατρεῖον
1130 1465 1504 1529 ἀπαντῶντας,
1526 1464 1595 1517 τά
1622 1465 1930 1534 κατάλληλα
1947 1466 2060 1525 τοῖς

478 1546 860 1615 ὑποκειμένοις
895 1546 1089 1600 πάθεσι
1129 1547 1398 1618 φάρμακα
1430 1548 1693 1612 λαϐόντας
1733 1549 1955 1614 ἐξιέναι.
1981 1547 2056 1600 Οὑ

477 1627 586 1697 γάρ
622 1628 710 1680 διὰ
755 1629 912 1681 τοῦτο
954 1630 1074 1682 καθ’
1113 1631 1350 1702 ἑκάστην
1397 1631 1608 1702 ἡμέραν
1649 1630 2056 1703 συνεδρεύομεν,

480 1711 567 1764 ἵνα
588 1713 688 1775 τὸς
715 1713 851 1784 πρὸς
873 1713 1134 1784 ἀλλήλους
1161 1716 1447 1786 συντυχίας
1471 1715 1655 1780 ἁπλῶς
1676 1715 2058 1785 ποιησάμενοι,

476 1795 651 1858 οὕτως
682 1793 918 1858 ἅπαντες
943 1796 1285 1868 διαλυθῶμεν
1308 1815 1320 1828 ⁸
1351 1799 1464 1852 ἀλλ’
1492 1800 1579 1852 ἵνα
1615 1799 1846 1851 ἕκαστόν
1873 1815 1926 1850 τι
1950 1797 2058 1849 τῶν

477 1879 765 1950 χρησίμων
809 1879 1022 1950 μαθὼν,
1057 1883 1151 1934 καὶ
1194 1883 1330 1953 πρὸς
1365 1883 1425 1935 16
1464 1883 1715 1952 ἐνοχλοῦν
1758 1883 1929 1945 πάθος
1959 1881 2058 1950 τὴν

480 1963 721 2034 ἰατρείαν
749 1965 1059 2032 δεξάμενος,
1091 1965 1264 2030 οὑτως
1295 1967 1538 2021 ἐντεῦθεν
1561 1968 1909 2038 ἀναχωρήσῃ.
1934 1965 2058 2028 Πῶς

479 2045 588 2117 γὰρ
610 2047 710 2099 οὑκ
745 2048 810 2100 ἂν
847 2047 930 2117 εἴη
973 2049 1081 2100 τῶν
1116 2050 1500 2114 ἀτοπωτάτων,
1529 2048 1599 2102 τά
1632 2050 1728 2119 μὲν
1756 2049 1945 2100 παιδία
1991 2047 2059 2100 τὰ

475 2131 508 2198 ἡ
519 2129 721 2200 μέτερα
737 2133 816 2193 είς
832 2131 1198 2185 διδασκαλεῖον
1215 2132 1661 2195 ἀποστέλλοντας,
1689 2132 1807 2184 καθ’
1821 2131 2057 2200 ἐκάστην

480 2212 692 2282 ἡμέραν
719 2214 969 2266 ἀπαιτεῖν
993 2217 1120 2284 παρ’
1143 2215 1323 2268 αὑτῶν
1349 2216 1661 2286 προσθήκην
1687 2215 1807 2268 τινὰ
1827 2213 1934 2266 τῶν
1957 2229 2059 2283 μα-

477 2295 758 2364 θημάτων,
777 2298 868 2348 καὶ
885 2298 982 2350 οὑκ
1007 2298 1071 2351 ἄν
1089 2316 1217 2350 ποτε
1234 2299 1605 2369 ἀνασχοίμεθα
1626 2297 1809 2360 ἁπλῶς
1827 2298 1918 2349 καὶ
1933 2297 2056 2366 εἰκῆ
2096 2338 2104 2344 .

475 2378 648 2430 ταῦτα
695 2377 930 2446 βαδίζειν
966 2383 1167 2448 ἐκεῖσε,
1192 2385 1240 2434 εί
1275 2382 1350 2452 μὴ
1382 2381 1576 2452 ἴδωμεν
1607 2379 1965 2450 καρπούμενά
2003 2395 2057 2431 τι

473 2462 638 2515 πλέον
658 2481 669 2493 ·
691 2464 835 2534 ἡμᾶς
848 2463 904 2516 δέ
921 2464 1045 2527 τοὺς
1066 2467 1144 2527 εἰς
1168 2464 1362 2536 μέτρον
1378 2465 1590 2534 ήλικίας
1614 2464 1943 2533 φθάσαντας,
1965 2462 2057 2514 καὶ

473 2565 498 2598 ε
509 2549 522 2598 ἰ
533 2566 552 2609 ς
565 2548 625 2600 τὸ
638 2549 1005 2619 πνευματικὸν
1017 2549 1170 2601 τοῦτο
1184 2548 1546 2601 διδασκαλεῖον
1560 2546 2054 2618 παραγενομένους,

477 2634 550 2704 μὴ
569 2633 664 2702 τὴν
689 2634 808 2702 ἴσην
829 2635 1056 2697 ἐκείνοις
1080 2633 1314 2704 σπουδὴν
1330 2634 1755 2702 ἐπιδείκνυσθαι,
1770 2633 1863 2683 καὶ
1883 2629 2056 2683 ταῦτα

473 2719 602 2771 ἔνθα
626 2722 705 2778 είς
729 2718 824 2787 τὴν
846 2719 944 2786 τῆς
963 2719 1139 2786 ψυχῆς
1167 2719 1440 2789 σωτηρίαν
1460 2717 1519 2768 τὸ
1549 2717 1736 2788 κέρδος
1758 2715 2054 2783 διαϐαίνει;

476 2803 744 2866 Ἕκαστος
759 2802 935 2854 τοίνυν
952 2805 983 2871 ἡ
994 2802 1128 2870 μῶν,
1142 2800 1465 2872 παρακαλῶ,
1483 2800 1670 2852 ἐαυτὸν
1688 2798 1807 2852 καθ’
1819 2799 2055 2867 ἑκάστην

473 2887 686 2955 ἡμέραν
709 2885 1092 2956 διερευνάσθω,
1111 2884 1161 2936 τί
1187 2885 1283 2952 μὲν
1309 2886 1373 2936 ἐκ
1394 2884 1491 2952 τῆς
1518 2883 1779 2954 ἡμερινῆς
1801 2881 2055 2952 ἐκέρδανε

472 2967 779 3032 διαλέξεως,
810 2969 860 3020 τί
883 2969 938 3020 δέ
963 2970 1026 3019 ἐκ
1049 2970 1145 3038 τῆς
1171 2967 1450 3036 ἐπιούσης,
1481 2966 1567 3018 ἵνα
1594 2967 1666 3035 μὴ
1697 2964 1935 3034 δόξωμεν
1964 2964 2058 3015 καὶ

473 3054 635 3119 ἡμεῖς
663 3051 785 3119 εἰκῆ
811 3051 904 3102 καὶ
936 3048 1122 3112 ἁπλῶς
1153 3047 1385 3101 ἐνταῦθα
1415 3048 1831 3118 παραγίνεσθαι.
1854 3046 1976 3097 Ὅτι
1999 3045 2056 3097 δέ

416 3138 417 3142 “
473 3133 632 3186 τοῦτο
657 3135 804 3203 ἡμᾶς
841 3133 940 3202 μὲν
966 3133 1146 3202 πάσης
1183 3131 1361 3192 αἰτίας
1400 3131 1592 3199 ἀφίησι
1621 3134 1639 3200 (
1665 3130 1732 3182 τά
1759 3129 1868 3200 γάρ
1903 3126 2054 3199 [317]

474 3217 595 3268 καθ’
633 3217 859 3278 ἐαυτοὺς
906 3215 1121 3268 ἅπαντα
1149 3215 1494 3285 εἰσφέρομεν,
1528 3215 1621 3266 καὶ
1647 3213 1795 3266 οὐδὲν
1833 3212 1942 3266 τῶν
1976 3214 2057 3275 εἰς

474 3300 702 3368 δύναμιν
725 3297 1223 3368 παραλιμπάνομεν
1245 3301 1287 3366 ),
1323 3300 1431 3358 τοῖς
1453 3297 1509 3348 δὲ
1540 3295 1930 3363 ἀγανακτοῦσι,
1964 3298 2057 3350 καὶ

478 3383 615 3452 μετά
649 3381 933 3452 ἀκριϐείας
989 3379 1063 3450 μὴ
1112 3381 1461 3451 προσέχουσι,
1504 3380 1597 3431 καὶ
1627 3379 1966 3450 καρποῦσθαί
2005 3397 2056 3433 τι

477 3466 638 3517 πλέον
689 3466 764 3535 μὴ
808 3464 1148 3534 βουλομένοις
1182 3463 1428 3533 μείζονος
1471 3464 1641 3515 αἴτιον
1683 3463 2058 3533 κατακρίσεως

475 3553 704 3620 γίνεται,
732 3551 959 3603 ἄκουσον
997 3547 1089 3600 τοῦ
1130 3548 1368 3618 Χριστοῦ
1392 3548 1640 3615 λέγοντος
1675 3549 1810 3618 πρὸς
1842 3549 1940 3617 μὲν
1967 3548 2058 3602 τὸν

478 3632 874 3703 καταχώσαντα
897 3631 956 3684 16
972 3632 1232 3684 τάλαντον
1253 3650 1264 3662 ·
1287 3623 1743 3698 Πονηρὲδοῦλε,
1758 3631 1878 3683 ἔδει
1899 3645 1972 3684 σε
1991 3629 2058 3683 τὸ

474 3716 759 3785 ἀργύριόν
771 3732 890 3784 μου
914 3715 1274 3767 καταϐαλεῖν
1294 3713 1391 3766 ἐπὶ
1413 3713 1555 3778 τοὺς
1575 3712 1940 3780 τραπεζῖτας,
1960 3711 2059 3766 καὶ

475 3800 588 3870 ἐγὼ
609 3799 685 3852 ἂν
705 3798 897 3852 ἐλθὼν
921 3797 1207 3865 ἀπῄτησα
1227 3797 1372 3849 αὐτὸ
1402 3801 1553 3865 μετὰ
1587 3799 1800 3849 τόκου·
1832 3797 1962 3868 περὶ
1999 3796 2058 3848 δέ

475 3901 506 3935 1
530 3901 585 3936 σιν
629 3883 917 3935 Ἰουδαίων*
952 3883 1020 3932 El
1045 3880 1131 3948 μὴ
1166 3876 1359 3949 ἦλθον
1384 3879 1483 3931 καὶ
1525 3880 1799 3946 ἐλάλησα
1829 3880 2055 3946 αὐτοῖς,

475 3965 770 4034 ἁμαρτίαν
784 3966 897 4033 οὐχ
914 3960 1100 4032 εἶχον·
1120 3963 1238 4016 νῦν
1257 3961 1324 4013 δὲ
1340 3962 1645 4030 πρόφασιν
1657 3965 1766 4015 οὐκ
1783 3962 2055 4031 ἔχουσιν.

476 4049 638 4102 Ἀλλά
654 4048 747 4102 νῦν
769 4049 929 4118 ἡμεῖς
950 4049 1009 4100 οὑ
1027 4046 1183 4100 τοῦτο
1207 4047 1537 4116 σκοποῦμεν,
1555 4048 1602 4097 εί
1620 4046 1722 4110 ἔξω
1741 4047 1848 4098 τῶν
1869 4047 2060 4117 ἐγκλη-

483 4137 666 4204 μάτων
690 4134 877 4204 ἐσμέν,
892 4133 1028 4186 ἀλλά
1047 4132 1142 4202 τὴν
1167 4131 1439 4203 ὑμετέραν
1461 4130 1834 4202 ἐπιθυμοῦμεν
1862 4150 2060 4202 προκοο

479 4218 606 4286 πὴν,
640 4218 731 4269 καὶ
764 4214 1275 4286 ἀκρωτηριάζεσθαι
1295 4218 1426 4286 ἡμῖν
1451 4215 1818 4285 ἡγούμεθατά
1841 4218 1938 4287 τῆς
1969 4217 2059 4268 εὑ-

479 4300 772 4371 φροσύνης,
809 4299 912 4352 κᾶν
941 4299 1195 4368 μυριάκις
1216 4299 1369 4351 αὑτοὶ
1401 4292 1552 4367 ὦμεν
1575 4299 1878 4365 ἀνεύθυνοι,
1907 4302 1955 4352 εί
1985 4301 2060 4373 μὴ

478 4387 571 4438 καὶ
593 4386 750 4454 ὑμεῖς
770 4382 924 4447 ἀξίαν
946 4382 1051 4434 τῶν
1075 4383 1252 4434 πόνων
1270 4382 1378 4434 τῶν
1396 4382 1680 4452 ἡμετέρων
1695 4383 1795 4454 τὴν
1824 4385 2059 4454 σπουδὴν

478 4467 840 4537 ἐπιδείξησθε.
861 4465 1008 4536 Αὕτη
1029 4465 1136 4534 γάρ
1159 4465 1316 4535 ήμῶν
1338 4465 1438 4534 τῆς
1456 4464 1792 4536 εὐφροσύνης
1816 4468 1847 4538 ἡ
1873 4467 2060 4520 ὑπόθε-

481 4571 584 4614 σις,
613 4553 672 4602 τὸ
699 4550 832 4618 ὁρᾷν
866 4548 1016 4618 ὑμῶν
1041 4549 1140 4616 τὴν
1162 4550 1219 4600 ἐν
1242 4550 1354 4610 τοῖς
1381 4552 1769 4618 πνευματικοῖς
1800 4549 2058 4602 ἐπίδοσιν.

478 4634 587 4688 Καὶ
611 4629 724 4685 οἶδα
749 4632 848 4702 μὲν
871 4631 953 4683 ὅτι
981 4631 1069 4684 διὰ
1095 4629 1192 4701 τὴν
1215 4629 1306 4682 τοῦ
1330 4629 1462 4682 Θεοῦ
1493 4632 1653 4699 χάριν
1685 4631 1949 4694 συνέσεως
1971 4649 2061 4684 πε-

480 4716 828 4787 πληρωμένοι
874 4713 1045 4778 ὄντες,
1075 4712 1370 4784 δυνήσεσθε
1402 4714 1496 4765 καὶ
1531 4713 1722 4776 ἄλλους
1747 4713 2020 4767 νουθετεῖν
2040 4730 2054 4744 ⁶

479 4801 617 4853 ἀλλά
652 4800 794 4854 κατὰ
831 4799 924 4851 τὸν
962 4797 1232 4869 μακάριον
1280 4797 1521 4864 Παῦλον,
1554 4799 2059 4870 ἐπαναμιμνήσκων

478 4886 644 4955 ὑμᾶς,
671 4883 768 4936 καὶ
791 4882 1074 4953 διεγείρων
1103 4880 1258 4951 ὑμῶν
1282 4881 1374 4932 τὸν
1405 4880 1566 4951 ζῆλον
1607 4883 1699 4935 καὶ
1724 4882 1823 4953 τὴν
1853 4883 2059 4954 προθυ-

481 4971 630 5041 μίαν,
669 4967 844 5021 ταῦτα
873 4966 1108 5035 συνεχῶς
1136 4965 1404 5034 παραινῶ,
1445 4966 1767 5037 βουλόμενος
1797 4967 1940 5037 ὑμᾶς
1965 4985 2060 5020 τε-

475 5055 651 5116 λείους
679 5052 774 5105 καὶ
799 5051 1238 5120 ἀπηρτισμένους
1281 5049 1556 5117 γενέσθαι.
1593 5050 1670 5103 Οὑ
1716 5051 1912 5122 μικρὸν
1949 5051 2059 5122 γὰρ

476 5137 572 5190 καὶ
598 5134 758 5188 τοῦτο
777 5133 910 5185 αὑτὸ
935 5131 1133 5201 δεῖγμα
1154 5130 1415 5202 ποιοῦμαι
1439 5132 1541 5202 τῆς
1571 5131 1716 5185 κατά
1747 5133 1880 5184 Θεὸν
1905 5133 2058 5203 ὑμῶν

475 5215 866 5290 προκοπῆς,τδ
909 5215 1050 5284 μετά
1099 5214 1368 5284 τοσαύτης
1401 5215 1710 5286 προθυμίας
1759 5216 1882 5268 καθ’
1924 5218 2055 5270 ἐκά-

475 5320 606 5372 στην
637 5301 848 5372 ἡμέραν
878 5297 1112 5352 ἐνταῦθα
1141 5300 1557 5369 παραγίνεσθαι,
1611 5302 1706 5354 καὶ
1745 5301 2056 5372 ἀκορέστως

474 5386 617 5454 ἔχειν
644 5385 774 5451 περὶ
795 5383 893 5452 τὴν
919 5383 1295 5452 πνευματικὴν
1325 5382 1696 5440 διδασκαλίαν.
1719 5385 1929 5456 ’Ὠσπερ
1946 5387 2056 5454 γάρ

474 5471 506 5539 ἡ
539 5468 667 5540 περὶ
698 5467 795 5538 τὴν
817 5466 1134 5536 σωματικὴν
1171 5467 1379 5538 τροφὴν
1417 5468 1594 5538 ὄρεξις
1630 5469 1840 5538 ὑγιείας
1872 5471 1937 5524 ἂν
1968 5474 2053 5542 εἴη

479 5551 740 5618 μεγίστης
777 5547 1228 5619 σημεῖον·οὑτως
1279 5552 1311 5619 ή
1355 5552 1482 5620 περὶ
1529 5551 1627 5621 τὴν
1676 5554 2054 5624 πνευματικὴν

473 5632 822 5686 διδασκαλίαν
849 5631 1113 5700 ἐπιθυμία
1130 5631 1232 5700 τῆς
1255 5632 1395 5684 κατὰ
1422 5632 1587 5702 ψυχὴν
1617 5635 1824 5702 ὑγιείας
1847 5639 2055 5707 τεκμή·

481 5731 592 5783 ριον
629 5712 694 5767 ἂν
724 5713 810 5782 εἴη
833 5715 1244 5784 ἐναργέστατον.
1281 5712 1381 5766 Διά
1411 5731 1492 5767 τοι
1523 5715 1677 5768 τοῦτο
1711 5717 1866 5784 κάγὼ
1897 5717 2053 5781 εἰδὼς

480 5796 631 5862 ὑμῶν
660 5796 751 5847 τὸν
774 5795 954 5858 πόθον,
983 5797 1078 5848 καὶ
1109 5797 1188 5848 ὅτι
1213 5795 1315 5849 κᾶν
1349 5799 1608 5868 μυριάκις
1628 5802 1938 5869 παρατείνω
1952 5802 2052 5872 τὴν

478 5878 843 5941 διδασκαλίαν,
879 5880 997 5932 οὑδέ
1023 5879 1194 5945 οὑτως
1219 5881 1490 5952 ἐμπλῆσαι
1522 5883 1674 5954 ὑμῶν
1701 5883 1933 5956 δύναμαι
1952 5885 2050 5955 τὴν

3636 349 3746 406 294

2162 463 2473 535 ἐπιθυμίαν,
2505 464 2599 516 καὶ
2625 465 2784 535 κόρον
2831 463 3125 535 ἐμποιῆσαι
3161 460 3260 530 τῆς
3297 458 3497 530 τροφῆς
3548 459 3743 532 ιαύτης

2158 549 2258 618 τῆς
2296 548 2695 618 πνευματικῆς,
2743 549 2802 600 οὑ
2858 547 3138 616 παύσομαι
3189 545 3332 597 κατὰ
3375 543 3602 615 δύναμιν
3645 546 3743 614 τὴν

2161 631 2321 700 ἐμὴν,
2357 631 2499 698 ἆπερ
2528 631 2592 684 ἂν
2630 632 2662 700 ή
2693 629 2787 683 τοῦ
2820 629 2954 682 Θεοῦ
2999 629 3157 700 χάρις
3197 626 3432 698 παρέχῃ,
3478 629 3558 690 εἰς
3595 627 3741 695 ῶφέ⁴

2161 714 2308 766 λειαν
2326 714 2596 784 ὑμετέραν
2631 712 2803 766 ταῦτα
2831 714 2917 780 ἐφ’
2953 713 3189 781 ἑκάστης
3221 711 3348 781 ὑμῖν
3396 710 3739 780 παρατιθεὶς,

2161 797 2256 848 καὶ
2282 797 2350 848 τά
2381 796 2487 848 ἀπὸ
2515 795 2623 848 τῶν
2654 795 2811 849 θείων
2840 795 3071 866 Γραφῶν
3094 794 3400 864 διδάγματα
3433 792 3743 846 ἐναποτιθέ-

2165 897 2324 949 μενος
2344 881 2464 942 ταῖς
2481 880 2774 951 ὑμετέραις
2794 880 3074 944 διανοίαις.

2235 960 2300 1030 β’.
2318 962 2454 1033 Φέρε
2471 957 2563 1014 οῦν
2581 964 2674 1014 καὶ
2696 963 2761 1032 σή
2771 979 2835 1032 με
2844 981 2936 1033 ρον
2957 962 3046 1014 τὸν
3065 958 3442 1030 φιλάνθρωπον
3465 957 3748 1028 Δεσπότην

2163 1045 2643 1114 παρακαλέσαντες
2683 1044 2946 1115 ὁδηγῆσαι
2972 1043 3130 1115 ἡμῶν
3175 1043 3274 1113 τὴν
3319 1041 3566 1109 γλῶσσαν
3607 1041 3747 1111 πρὸς

2161 1126 2259 1197 τὴν
2289 1128 2397 1180 τῶν
2426 1128 2773 1198 ζητουμένων
2795 1128 3033 1197 εὕρεσιν,
3059 1128 3156 1198 τὴν
3180 1125 3382 1196 συνήθη
3405 1124 3744 1196 παραϐῶμεν

2163 1210 2291 1280 ὑμῖν
2319 1210 2688 1272 διδασκαλίαν,
2725 1210 2875 1270 ,αὑτά
2909 1210 3170 1281 πρότερον
3201 1208 3269 1261 τά
3322 1207 3744 1275 ἀναγνωσθέντα

2163 1293 2456 1365 προθέντες
2478 1295 2568 1345 ἐπὶ
2580 1293 2677 1363 τῆς
2697 1294 2969 1364 ὑμετέρας
2985 1294 3225 1362 ἀγάπης.
3244 1291 3354 1344 Καὶ
3371 1291 3561 1360 ὤφθη,
3585 1291 3739 1358 φησὶ,

2162 1377 2374 1444 Κύριος
2392 1381 2422 1430 o'
2444 1377 2586 1442 Θεὸς
2597 1376 2678 1442 τῷ
2697 1378 2942 1445 Ἀϐραμ,
2959 1376 3057 1429 καὶ
3073 1371 3242 1428 εἶπεν
3265 1373 3444 1438 αὐτῷ.
3470 1373 3544 1424 Οὑ
3562 1372 3742 1434 καλῶς

2161 1459 2344 1526 ἔλεγον
2373 1459 2431 1524 ἐξ
2460 1460 2658 1530 ἀρχῆς,
2687 1459 2769 1512 ὅτι
2815 1460 2980 1522 πολὺς
3014 1460 3042 1511 6
3079 1458 3350 1528 θησαυρὸς
3394 1455 3742 1508 ἐναπόκειται

2159 1545 2271 1604 τοῖς
2294 1542 2518 1612 βραχέσι
2546 1542 2754 1605 τούτοις
2788 1542 3057 1612 ῥήμασιν;
3093 1540 3222 1593 Ἰδοὺ
3253 1540 3361 1610 γὰρ
3377 1537 3579 1600 εὑθέως
3594 1536 3744 1600 ξένον

2161 1625 2254 1678 καὶ
2275 1625 2458 1679 καινὸν
2491 1625 2551 1678 τὸ
2585 1624 2867 1696 προοίμιον
2902 1623 3010 1677 τῶν
3035 1623 3367 1694 εἰρημένωνο
3411 1621 3520 1675 Καὶ
3551 1621 3744 1689 ὤφθη,

2161 1709 2315 1778 φησι,
2344 1709 2559 1776 Κύριος
2587 1711 2620 1762 ὀ
2644 1708 2787 1773 Θεὸς
2819 1706 2899 1772 τῷ
2949 1708 3185 1776 Ἄϐραμ.
3225 1705 3448 1776 Πρῶτον
3465 1705 3622 1758 τοῦτο
3649 1705 3744 1756 εὑ-

2165 1791 2421 1863 ρίσκομεν
2451 1794 2508 1844 ἐν
2537 1793 2602 1862 τῇ
2635 1792 2823 1862 Γραφῇ
2851 1791 2944 1844 νῦν
2972 1791 3033 1844 τὸ
3064 1792 3247 1863 ῥηθὲν,
3275 1792 3357 1843 ὅτι
3385 1791 3591 1858 Ὠφθψ
3611 1786 3746 1840 οὔτε

2160 1874 2268 1944 γάρ
2293 1875 2385 1926 ἐπὶ
2404 1873 2496 1926 τοῦ
2535 1874 2724 1944 Ἀδὰμ,
2754 1873 2877 1928 οὔτε
2907 1876 3002 1927 ἐπὶ
3033 1874 3127 1928 τοῦ
3149 1874 3337 1939 Ἀϐελ,
3361 1872 3484 1925 οὑτε
3519 1873 3610 1924 ἐπὶ
3649 1871 3743 1924 τοῦ

2159 1957 2306 2021 Νῶε,
2338 1956 2460 2010 οὔτε
2484 1958 2570 2010 ἐπ’
2599 1957 2761 2010 ἄλλου
2795 1958 2943 2021 τινὸς
2972 1958 3146 2030 ταύτῃ
3182 1960 3452 2028 ἐχρήσατο
3491 1959 3556 2026 τῇ
3601 1956 3746 2022 λέξει

2158 2041 2192 2110 ὴ
2226 2041 2344 2093 θεία
2375 2041 2414 2092 Γ
2420 2042 2590 2112 ραφή.
2617 2042 2682 2094 Τί
2713 2036 2806 2095 οῦν
2835 2042 2953 2094 ἐστι
2980 2041 3039 2095 τὸ
3070 2043 3379 2113 εἰρημένον,
3408 2040 3518 2093 Καὶ
3550 2039 3744 2108 ὤφθη,

2160 2124 2327 2193 φησί;
2362 2126 2472 2178 Καὶ
2503 2125 2620 2188 πῶς
2649 2124 2878 2194 ἐτέρωθι
2923 2125 3095 2193 λέγει,
3144 2124 3355 2190 Οὐδείς
3400 2123 3611 2192 ὄψεται
3639 2122 3748 2174 τὸν

2161 2207 2330 2270 Θεὸν,
2345 2209 2444 2261 καί
2460 2207 2696 2274 ζήσεται
2715 2225 2734 2272 ;
2758 2209 2820 2260 Τί
2837 2204 2931 2262 οῦν
2945 2208 3010 2262 ἀν
3025 2209 3274 2278 εἴποιμεν
3291 2207 3384 2260 νῦν
3403 2207 3503 2276 τῆς
3522 2205 3748 2277 Γραφῆς

2158 2290 2441 2360 λεγούσης,
2457 2292 2539 2344 ὅτι
2555 2294 2743 2360 Ὠφθη
2764 2309 2782 2357 ;
2804 2293 2927 2356 Πῶς
2953 2291 3109 2364 ῶφθη
3129 2291 3207 2362 τῷ
3229 2290 3422 2360 δικαίῳ
3442 2306 3457 2354 ;
3478 2285 3624 2358 ΊΓΑρα
3649 2289 3750 2339 αὑ-

2157 2375 2256 2445 τὴν
2283 2375 2381 2446 τὴν
2413 2377 2601 2430 οὐσίαν
2632 2372 2806 2442 εἷδενς
2844 2378 3012 2448 Οὑχί·
3067 2377 3144 2448 μὴ
3181 2377 3409 2445 γένοιτο.
3455 2374 3617 2426 Ἀλλά
3654 2374 3747 2437 τίς

2158 2459 2345 2523 Οὕτως
2373 2459 2550 2530 ῶφθη,
2589 2460 2664 2524 ὼς
2697 2461 2857 2525 αὑτὸς
2916 2457 3024 2514 οἶδε
3079 2463 3259 2531 μόνος,
3314 2460 3407 2512 καὶ
3440 2458 3515 2520 ῶς
3550 2458 3748 2526 ἐκείνῳ

2160 2544 2310 2616 [518]
2336 2545 2558 2598 δυνατὸν
2581 2541 2649 2617 ἧν
2684 2545 2829 2600 ίδεῖν.
2855 2547 3178 2616 Εὑμήχανος
3197 2544 3306 2616 γὰρ
3331 2542 3405 2596 ῶν
3427 2544 3454 2594 6
3474 2542 3634 2608 σοφὸς
3651 2541 3750 2592 καὶ

2159 2627 2536 2699 φιλάνθρωπος
2586 2629 2744 2698 ἡμῶν
2789 2630 3104 2700 Δεσπότης,
3155 2630 3249 2681 καὶ
3298 2626 3750 2696 συγκαταϐαίνων

2156 2713 2222 2780 τῇ
2250 2710 2566 2783 ἀνθρωπίνῃ
2597 2711 2778 2779 φύσει,
2825 2715 2937 2774 τοῖς
2969 2712 3134 2776 ἀξίως
3181 2707 3747 2782 προπαρεσκευασμέ-

2159 2811 2269 2856 νοις
2302 2795 2494 2847 ἐαυτὸν
2536 2795 2848 2864 ἐμφανίζει.
2892 2795 3002 2846 Καὶ
3037 2795 3194 2848 τοῦτο
3233 2793 3473 2847 δείκνυσι
3527 2790 3614 2843 διὰ
3647 2789 3748 2842 τοῦ

2158 2879 2438 2948 προφήτου
2455 2918 2469 2942 ,
2495 2878 2699 2946 λέγων,
2752 2876 2898 2948 Ἐγὼ
2917 2877 3160 2946 ὁράσεις
3180 2875 3515 2942 ἐπνῑὴθυνα,
3555 2873 3655 2927 καὶ
3675 2874 3750 2924 ἐν

2158 2966 2332 3033 χερσί
2361 2964 2684 3034 προφητῶν
2699 2965 3025 3034 ὠμοτῶθην.
3062 2965 3213 3017 Ἐπεὶ
3235 2965 3329 3017 καὶ
3362 2962 3586 3023 Ἡσαΐας
3606 2956 3748 3012 εἶδεν

2158 3049 2319 3101 αὑτὸν
2355 3048 2693 3119 καθήμενον·
2727 3049 2885 3101 τοῦτο
2919 3048 2976 3100 δέ
3008 3048 3224 3114 ἀνάξιον
3249 3046 3417 3099 Θεοῦ·
3460 3044 3591 3105 Θεὸς
3635 3042 3749 3111 γάρ

2158 3131 2218 3182 οὑ
2248 3130 2484 3200 κάθηται
2514 3147 2528 3162 ·
2565 3131 2682 3194 πῶς
2711 3131 2820 3200 γάρ
2854 3132 2886 3199 ἡ
2915 3129 3204 3200 ἀσώματος
3235 3129 3416 3198 ἐκείνη
3443 3124 3749 3179 καὶάνῶλε-

2160 3211 2286 3282 θρος
2316 3213 2512 3281 φύσις;
2540 3215 2633 3266 καὶ
2661 3215 2689 3265 6
2715 3212 2912 3283 Δανιὴλ
2948 3213 3111 3265 πάλιν
3143 3207 3281 3263 εἶδεν
3311 3211 3495 3273 αὑτὸν,
3531 3210 3604 3271 ῶς
3636 3226 3747 3260 πα-

2158 3301 2306 3354 λαιὸν
2325 3302 2550 3373 ἡμερῶν
2571 3318 2584 3331 ·
2605 3303 2699 3355 καὶ
2719 3304 2745 3354 6
2764 3300 3039 3372 Ζαχαρίας
3060 3301 3260 3370 ἐτέρως
3279 3299 3440 3352 αὑτὸν
3461 3297 3743 3358 ἐθεάσατο,

2159 3386 2252 3437 καὶ
2293 3385 2550 3455 Ἰεζεκιὴλ
2606 3385 2766 3439 πάλιν
2809 3386 3005 3447 άλλως.
3047 3384 3146 3437 Διά
3198 3383 3358 3435 τοῦτο
3402 3379 3495 3434 οὖν
3537 3381 3745 3447 ἔλεγεν,

2158 3469 2308 3539 Ἐγὼ
2336 3469 2579 3536 ὁράσεις
2597 3469 2936 3537 ἐπλήθυνα,
2957 3467 3076 3520 ἀντὶ
3097 3466 3211 3530 τοῦ,
3235 3467 3377 3536 Πρὸς
3397 3465 3492 3535 τὴν
3513 3464 3747 3516 ἑκάστου

2158 3551 2317 3616 ἀξίαν
2345 3552 2516 3614 οὕτως
2544 3549 2751 3622 ῶφθην.
2800 3553 2910 3605 Καὶ
2955 3551 3050 3605 νῦν
3096 3546 3218 3615 οὖν,
3258 3549 3447 3620 ἐπειδὴ
3481 3548 3747 3616 ἀνέστησε

2157 3638 2249 3689 τὸν
2276 3636 2480 3689 δίκαιον
2507 3635 2737 3702 οἴκοθεν,
2766 3636 2861 3688 καὶ
2882 3635 3213 3707 προσέταξεν
3235 3636 3312 3698 εἰς
3339 3635 3439 3704 τὴν
3459 3631 3747 3701 ἀλλοτρίαν

2159 3721 2354 3784 ἐλθεῖν,
2390 3720 2835 3791 παραγενόμενος
2869 3719 2947 3783 δέ,
2972 3718 3218 3788 καθάπερ
3237 3719 3442 3787 ἀλήτης
3462 3716 3552 3768 καὶ
3573 3715 3744 3780 ξένος,

2159 3803 2302 3856 οὑτω
2334 3803 2592 3874 περιῄει,
2634 3803 2744 3857 τῶν
2799 3802 3119 3856 Χαναναίων
3177 3801 3258 3853 ἑτι
3302 3798 3702 3853 κατοικούντων
3727 3835 3743 3859 ,

2159 3885 2432 3956 ἐπιζητῶν
2452 3887 2585 3938 ὅπου
2607 3885 2705 3957 τὴν
2727 3886 3043 3957 κατοίκησιν
3059 3884 3220 3937 αὑτὸν
3234 3882 3562 3953 ποιήσασθαι
3579 3897 3748 3951 προσ-

2158 3971 2325 4040 ῆκενο
2363 3970 2391 4020 ὁ
2442 3969 2646 4036 ἀγαθὸς
2703 3969 2981 4040 Δεσπότης
3025 3966 3524 4038 παραμυθήσασθαι
3581 3963 3747 4017 αὑτὸν

2161 4051 2506 4122 βουλόμενος,
2571 4051 2666 4104 καὶ
2713 4051 2985 4122 νευρῶσαι
3039 4049 3204 4103 αὑτοῦ
3259 4049 3356 4120 τὴν
3394 4047 3742 4118 προθυμίαν,

2158 4135 2297 4189 ὥστε
2326 4136 2401 4207 μὴ
2425 4136 2716 4206 ναρκῆσαι,
2748 4135 2882 4206 μηδέ
2915 4135 3186 4190 ἐνδοιάσαι
3206 4135 3344 4205 πρὸς
3371 4133 3468 4204 τὴν
3500 4135 3745 4200 ἐπαγγε-

2159 4219 2278 4272 λίαν
2321 4219 2418 4290 τὴν
2457 4219 2558 4290 ’ήδη
2602 4219 2977 4288 γεγενημένην
3019 4218 3155 4288 πρὸς
3200 4216 3392 4282 αὑτὸν,
3421 4217 3504 4268 ὅτι
3537 4216 3744 4284 Δεῦρο,

2160 4303 2259 4358 καὶ
2282 4304 2517 4371 ποιήσω
2539 4317 2613 4356 σε
2636 4305 2723 4368 εὶς
2752 4303 2929 4369 ἔθνος
2952 4303 3109 4372 μέγα
3133 4301 3248 4372 (καὶ
3282 4300 3390 4371 γάρ
3424 4300 3642 4352 ἐναντία
3674 4303 3744 4370 τῇ

2161 4385 2465 4456 ἐπαγγελία
2488 4384 2636 4457 ἐώρα
2666 4383 2735 4437 τά
2768 4385 3027 4456 γινόμενα
3074 4387 3102 4438 6
3141 4384 3368 4447 δίκαιος,
3405 4384 3498 4436 καὶ
3535 4382 3611 4445 ὡς
3645 4383 3746 4436 ἐνα

2161 4468 2267 4521 τῶν
2287 4468 2519 4522 εὐτελῶν
2540 4468 2634 4520 καὶ
2656 4467 3111 4538 ἀπερριμμένων,
3154 4467 3247 4523 καὶ
3287 4465 3747 4537 ἀπροστατεύτων

2161 4552 2354 4604 ἐαυτὸν
2383 4552 2688 4622 περιιόντα,
2711 4552 2806 4604 καὶ
2835 4551 2954 4602 οὑδέ
2985 4551 3119 4602 ὅπου
3144 4550 3478 4619 καταχθῆναι
3504 4548 3744 4617 ἔχοντα),

2161 4637 2228 4689 ἵν’
2250 4631 2341 4689 οῦν
2371 4635 2611 4706 διεγείρῃ
2638 4633 2799 4688 αὑτοῦ
2821 4634 2911 4686 τὸν
2940 4633 3217 4704 λογισμὸν,
3241 4633 3372 4704 φησί
3391 4651 3403 4665 ·
3434 4634 3540 4684 Καὶ
3575 4633 3744 4699 ὤφθη

2159 4721 2374 4788 Κύριος
2402 4717 2482 4784 τῷ
2507 4720 2751 4786 Ἀϐραμ,
2788 4715 2888 4770 καὶ
2905 4713 3074 4770 εἶπεν
3098 4716 3258 4782 αὐτῷ
3283 4734 3294 4746 -
3333 4716 3416 4780 Τῷ
3445 4714 3747 4783 σπέρματί

2158 4820 2278 4858 σου
2292 4801 2464 4856 δώσω
2477 4801 2591 4870 τὴν
2607 4801 2725 4872 γῆν
2740 4802 2991 4869 ταύτην.
3011 4801 3207 4870 Τέωςή
3223 4801 3515 4871 ὑπόσχεσις
3531 4799 3744 4870 μεγάλη

2159 4887 2256 4940 καὶ
2288 4885 2579 4948 ἀκόλουθος
2633 4887 2698 4955 τῇ
2739 4883 3073 4954 ἐπαγγελίᾳ,
3118 4884 3183 4936 δι’
3221 4879 3290 4956 ἦς
3328 4883 3538 4936 οἴκοθεν
3579 4883 3744 4936 αὑτὸν

2159 4970 2477 5040 ἀνέστησεν.
2498 4965 2634 5022 Εἷπε
2653 4969 2780 5039 γάρ·
2807 4968 3140 5037 Μεγαλυνῶ
3165 4969 3232 5023 τὸ
3265 4969 3452 5037 ὄνομὰ
3477 4985 3594 5021 σου
3620 4985 3632 4996 ·
3653 4968 3745 5020 διὰ

2157 5052 2316 5107 τοῦτο
2347 5053 2442 5106 νῦν
2463 5070 2594 5124 φησι
2616 5053 2797 5106 πάλιν⁶
2832 5051 2921 5117 Τῷ
2953 5051 3252 5121 σπέρματί
3283 5067 3402 5106 σου
3431 5050 3604 5105 δώσω
3627 5051 3744 5119 τὴν

2156 5135 2273 5206 γῆν
2301 5137 2546 5203 ταύτην.
2577 5134 2791 5203 Ἐπειδὴ
2810 5134 2916 5205 γὰρ
2940 5137 2996 5186 ἐν
3017 5136 3164 5205 γήρα
3183 5135 3464 5204 τυγχάνων
3484 5137 3512 5187 6
3529 5134 3742 5197 δίκαιος

2157 5223 2324 5284 ἄπαις
2346 5216 2434 5291 ἧν,
2464 5218 2554 5271 διά
2580 5219 2679 5290 τὴν
2698 5218 2798 5288 τῆς
2818 5219 2996 5290 Σάρας
3015 5219 3318 5291 στείρωσιν,
3342 5221 3741 5288 ἐπαγγέλλεται

2156 5303 2306 5373 αὑτῷ
2329 5301 2407 5373 τῷ
2428 5301 2487 5367 ἐξ
2507 5301 2672 5354 αὑτοῦ
2694 5303 2998 5373 τικτομένῳ
3027 5303 3124 5373 τὴν
3145 5304 3248 5373 γῆν
3276 5308 3598 5374 παρασχεῖν.
3626 5306 3741 5357 Καὶ

2157 5388 2347 5441 σκόπει
2402 5403 2492 5456 μοι
2527 5384 2661 5438 Θεοῦ
2715 5384 3144 5456 φιλανθρωπίαν,
3187 5386 3304 5449 πῶς
3345 5386 3610 5457 προειδὼς
3642 5391 3739 5441 τοῦ

2153 5470 2362 5523 δικαίου
2391 5470 2488 5539 τὴν
2514 5467 2736 5539 ἀρετὴν,
2785 5467 3031 5537 βούλεται
3063 5470 3195 5521 πᾶσι
3230 5469 3534 5540 κατάδηλον
3575 5471 3740 5524 αὑτὸν

2155 5557 2399 5626 ποιῆσαι,
2424 5552 2518 5605 καὶ
2534 5550 2784 5620 καθάπερ
2817 5550 3162 5621 μαργαρίτην
3181 5550 3302 5604 τινὰ
3333 5555 3736 5623 κρυπτόμενον,

2153 5637 2296 5689 οὕτω
2315 5634 2546 5704 φανερὸν
2573 5634 3012 5704 ἀπεργάσασθαι.
3050 5635 3158 5687 Καὶ
3189 5634 3523 5703 ἐπαγγελίας
3557 5637 3734 5703 ἐπαγοη

2156 5720 2363 5788 γελίαις
2389 5718 2653 5787 συνάψας,
2681 5718 2777 5770 καὶ
2805 5717 3047 5787 μεγάλας
3077 5717 3177 5780 τὰς
3209 5718 3532 5789 ὑποσχέσεις
3575 5737 3738 5791 ποιη-

2160 5805 2413 5872 σάμενος,
2465 5800 2626 5854 πάλιν
2673 5802 2868 5871 μικρὸν
2918 5801 3364 5867 διαναὸάλλεται,
3426 5803 3512 5855 ἵνα
3555 5802 3733 5875 ταύτῃ

2163 5886 2396 5959 μάλιστα
2426 5883 2608 5955 δειχθῇ
2632 5884 2723 5938 τοῦ
2753 5885 3088 5957 πατριάρχου
3127 5887 3187 5939 τὸ
3215 5885 3478 5955 φιλόθεον,
3519 5886 3603 5940 ὅτι
3637 5886 3736 5942 καὶ
