4062 6396
369 451 475 504 293

382 562 542 618 lentia
599 567 780 612 nostra
832 554 1101 624 vigilantia
1151 551 1310 606 multa
1359 559 1566 604 utentes
1612 547 1957 614 decernamus

378 654 675 708 utilitatem.
705 647 896 702 Solent
923 647 1062 700 enim
1093 660 1155 698 ea
1183 659 1301 711 qu:e
1331 641 1512 695 labore
1541 651 1594 693 et
1620 636 1957 706 inquisitione

375 743 552 810 aliqua
597 739 968 799 inveniuntur,
1003 734 1170 802 magis
1213 731 1356 802 infigi
1401 739 1595 783 nonne
1638 728 1801 780 menti
1843 744 1856 777 :
1896 739 1956 778 ea

372 845 505 884 vero
548 844 668 898 qum
713 827 863 880 facile
909 825 1286 888 inveniuntur,
1317 821 1472 876 citius
1519 835 1549 872 e
1586 817 1747 872 corde
1775 824 1958 869 nostro

374 920 614 978 evolare.
643 917 881 973 Obsecro
909 916 1065 985 igitur
1091 929 1157 968 ne
1183 914 1348 966 simus
1372 911 1718 980 negligentes,
1750 905 1842 960 sed
1867 921 1960 958 ex-

377 1013 610 1066 citemus
640 1021 871 1062 mentem
902 1015 1136 1059 nostram
1163 1045 1179 1069 ,
1210 1013 1265 1057 et
1301 1003 1508 1072 penitus
1536 1002 1587 1054 in
1617 1001 1783 1068 ipsam
1816 997 1961 1052 Scri-

379 1113 657 1171 pturarum
691 1097 1101 1169 profunditatem
1139 1097 1474 1158 intueamur,
1513 1101 1570 1146 ut
1607 1090 1794 1160 majori
1838 1088 1961 1142 inde

379 1193 534 1246 lucro
559 1199 780 1261 accepto
798 1229 814 1255 ,
845 1187 1064 1242 domum
1093 1186 1267 1240 redire
1296 1185 1468 1238 liceat.
1505 1183 1595 1236 Est
1625 1182 1764 1236 enim
1786 1180 1959 1233 eccle-

379 1283 458 1336 sia
503 1281 597 1335 Dei
637 1289 903 1336 mercatus
942 1277 1156 1348 quidam
1200 1274 1490 1344 spiritualis
1533 1273 1962 1340 medicorumque

380 1373 595 1427 officina
627 1370 904 1425 animabus
938 1388 952 1424 :
981 1377 1035 1422 et
1065 1382 1158 1438 par
1185 1375 1297 1432 est,
1324 1375 1381 1418 ut
1404 1365 1537 1418 sicut
1564 1363 1653 1432 qui
1681 1362 1746 1416 ad
1772 1363 1964 1416 nundi-

387 1478 486 1516 nas
513 1463 750 1524 veniunt,
771 1459 894 1514 inde
916 1458 1093 1512 multis
1115 1456 1374 1510 mercibus
1396 1453 1634 1508 collectis
1651 1452 1958 1510 redeamus:

383 1553 471 1606 vel
495 1552 648 1622 quasi
673 1567 702 1604 e
723 1549 912 1604 medici
943 1548 1122 1612 domo,
1152 1547 1382 1614 receptis
1405 1559 1522 1614 quae
1547 1543 1746 1598 morbis
1767 1541 1963 1596 nostris

381 1649 688 1711 congruunt
729 1639 1130 1694 medicamentis
1153 1677 1168 1702 ,
1208 1649 1478 1690 exeamus.
1523 1633 1636 1686 Non
1667 1632 1808 1686 enim
1839 1631 1960 1686 ideo

383 1733 630 1804 quotidie
673 1729 1028 1795 conﬂuimus,
1077 1737 1134 1782 ut
1180 1725 1453 1782 dumtaxat
1497 1732 1787 1778 conventus
1839 1722 1966 1774 tiant

381 1821 701 1892 simpliciter
744 1839 757 1876 :
797 1819 892 1875 sed
935 1828 1209 1889 propterea
1247 1829 1632 1886 congregemur
1656 1853 1671 1878 ,
1702 1821 1762 1867 ut
1799 1827 1964 1866 unus-

381 1915 608 1982 quisque
632 1911 916 1981 pharmaco
937 1910 1047 1964 suis
1067 1907 1339 1962 affectibus
1359 1903 1668 1974 congruenti
1693 1909 1961 1970 suscepto,

385 2002 606 2056 domum
637 1999 914 2055 concedat.
955 1996 1232 2066 Quomodo
1271 1996 1410 2050 enim
1449 2009 1552 2048 non
1583 1993 1743 2047 fuerit
1777 1992 1966 2046 absur-

386 2091 667 2144 dissimum
689 2131 703 2154 ,
729 2105 826 2143 nos
853 2104 882 2142 a
909 2087 1138 2157 puerulis
1159 2085 1355 2140 nostris
1377 2083 1442 2138 ad
1475 2083 1654 2137 ludum
1677 2081 1963 2135 literarium

309 2247 314 2252 ,
385 2184 566 2238 missis
588 2183 820 2253 quotidie
849 2192 1028 2250 petere
1051 2220 1066 2246 ,
1093 2179 1216 2247 quid
1246 2177 1498 2232 discendo
1527 2175 1846 2246 profecerint
1866 2213 1883 2241 ,
1913 2183 1968 2227 et

384 2275 714 2343 adjecerint;
764 2289 936 2341 neque
978 2272 1120 2326 enim
1170 2270 1466 2324 sineremus
1518 2279 1610 2321 eos
1652 2266 1880 2330 frustra,
1913 2273 1967 2318 et

385 2367 588 2435 absque
613 2365 834 2418 utilitate
860 2364 912 2417 in
941 2363 1118 2416 ludum
1145 2361 1243 2426 ire,
1271 2359 1371 2412 nisi
1397 2357 1623 2411 fructum
1651 2356 1963 2425 ampliorem

387 2455 513 2510 inde
540 2463 898 2524 consequutos
925 2452 1264 2514 videremus;
1307 2463 1404 2502 nos
1443 2456 1620 2501 autem
1648 2445 1735 2515 qui
1772 2445 1967 2514 justam

388 2555 600 2602 mtatem
623 2545 901 2610 habemus,
924 2552 976 2598 et
1007 2543 1056 2595 in
1079 2539 1380 2610 spiritualcs
1399 2537 1609 2592 scholas
1630 2536 1965 2598 ventitamus,

391 2653 496 2690 non
523 2652 619 2706 par
647 2636 753 2690 illis
782 2634 1011 2688 studium
1043 2631 1295 2686 exhibere
1317 2670 1334 2694 ,
1365 2628 1594 2682 maxime
1622 2641 1742 2681 cum
1773 2625 1885 2679 hazc
1915 2625 1966 2678 in

393 2730 544 2784 lncru
553 2745 600 2782 ιιι
621 2737 676 2783 et
689 2727 912 2780 salutem
934 2725 1228 2779 animarum
1250 2719 1528 2790 spectent?
1549 2719 1709 2789 Igitur
1723 2717 1966 2782 obsecro,

394 2831 451 2874 nt
489 2821 724 2887 seipsutn
768 2817 1004 2887 quotidie
1032 2823 1296 2868 scrutetur
1323 2811 1680 2880 unusquisque
1701 2851 1717 2877 ,
1752 2809 1876 2878 quid
1904 2823 1970 2862 ex

395 2913 679 2974 hodierna,
705 2911 828 2980 quid
852 2923 914 2963 ex
939 2907 1176 2978 proxima
1199 2904 1424 2959 lectione
1445 2901 1684 2956 utilitatis
1705 2900 1968 2966 retulerit,

396 3014 454 3058 ut
485 3020 552 3058 ne
587 3003 860 3056 videamur
887 3009 942 3055 et
982 3013 1078 3052 nos
1111 3007 1308 3052 temere
1346 3005 1504 3064 atque
1539 2993 1733 3047 frustra
1761 2993 1965 3046 adesse.

394 3095 546 3160 Quod
593 3104 768 3148 autem
809 3093 911 3145 hoc
947 3105 1044 3144 nos
1073 3090 1224 3157 culpa
1266 3088 1528 3140 immunes
1553 3083 1740 3138 reddat
1770 3083 1971 3155 (oﬂ‘eri-

397 3201 514 3240 mus
538 3185 680 3238 enim
708 3182 961 3252 quidquid
990 3181 1154 3234 nostri
1183 3189 1261 3232 est
1292 3176 1452 3231 officii
1471 3217 1488 3242 ,
1515 3184 1567 3230 et
1597 3173 1726 3227 nihil
1756 3185 1972 3243 prorsus

399 3278 540 3348 quod
571 3285 768 3330 nostra:
794 3276 862 3328 sit
886 3272 1144 3327 facultatis
1171 3269 1560 3340 prazterimus);
1591 3266 1732 3338 quod
1755 3281 1882 3321 vero
1907 3265 1971 3319 iis

399 3370 488 3438 qui
519 3368 677 3422 nobis
715 3371 1060 3428 succensent,
1097 3377 1193 3415 nec
1220 3367 1537 3424 occurrunt,
1568 3373 1666 3410 nec
1689 3357 1827 3410 dicta
1855 3353 1973 3409 diii-

397 3472 582 3530 genter
603 3457 918 3520 auscultant,
939 3451 1154 3522 majoris
1176 3448 1631 3506 condemnationis
1651 3447 1719 3500 sit
1737 3445 1968 3509 occasio,

397 3551 517 3604 audi
557 3549 824 3604 Christum
862 3546 1125 3600 dicentem
1161 3544 1208 3597 ei
1236 3542 1325 3610 qui
1368 3542 1622 3595 talentum
1649 3538 1924 3594 defodcrat
1955 3554 1970 3591 :

399 3642 556 3696 Serve
588 3655 800 3708 nequam
819 3679 834 3703 ,
867 3633 1119 3704 oportebat
1149 3643 1194 3686 te
1217 3633 1478 3704 pecuniam
1513 3647 1672 3683 meam
1708 3629 1846 3698 apud
1875 3643 1970 3680 nu-

398 3731 644 3784 mularios
673 3729 978 3798 deposuisse,
1005 3736 1049 3779 et
1077 3725 1275 3778 veniens
1295 3739 1387 3792 ego
1407 3722 1712 3792 repetiissem
1731 3735 1840 3772 eam
1861 3734 1973 3771 cum

397 3839 552 3875 usura
583 3820 790 3892 (Matth.
820 3819 910 3873 25.
939 3818 1028 3872 26.
1057 3816 1181 3887 27);
1209 3815 1276 3869 de
1301 3815 1501 3868 Juda-is
1531 3822 1708 3866 autem
1739 3829 1752 3865 :
1787 3811 1845 3865 Si
1873 3827 1974 3864 non

400 3915 662 3977 venissem,
693 3922 736 3964 et
767 3913 1001 3978 loquutus
1021 3909 1227 3980 fuissem
1252 3907 1341 3968 eis,
1375 3914 1630 3974 peccatum
1650 3920 1748 3956 non
1775 3901 1976 3956 habuis-

399 4015 504 4057 sent
529 4021 548 4068 ;
577 4018 707 4054 nunc
733 4011 900 4053 autent
927 3999 1298 4052 excusationem
1325 4012 1424 4048 non
1451 3993 1630 4046 habent
1659 3994 1676 4062 (
1699 3992 1852 4044 Joan.
1884 3992 1969 4046 I5.

398 4095 516 4162 2'2).
547 4094 807 4146 Cancrum
835 4106 932 4144 nos
958 4103 1097 4142 nunc
1125 4103 1231 4140 non
1255 4087 1354 4139 hoc
1382 4098 1646 4149 eurzunus,
1679 4093 1734 4137 ut
1760 4097 1974 4150 prorsus

402 4187 628 4241 crimine
654 4197 947 4244 careamus,
977 4191 1031 4235 et
1058 4182 1108 4233 in
1137 4180 1280 4233 nullo
1301 4192 1601 4246 arguamur,
1625 4175 1719 4230 sed
1744 4184 1974 4228 vestrum

401 4279 695 4347 profectum
722 4275 901 4328 videre
921 4271 1183 4342 cupimus,
1207 4278 1261 4324 et
1284 4277 1516 4322 nostram
1545 4267 1777 4320 laetitiam
1805 4265 1977 4317 immi-

400 4371 492 4424 nui
521 4369 860 4432 arbitramur,
887 4365 1043 4419 etiam
1067 4362 1402 4428 quantumvis
1431 4359 1628 4414 innoxii
1659 4358 1758 4426 ipsi
1785 4359 1972 4422 simus,

401 4461 504 4514 nisi
546 4468 602 4514 et
645 4473 738 4512 vos
781 4456 1012 4511 studium
1053 4453 1319 4508 laboribus
1349 4451 1542 4505 nostris
1581 4450 1794 4519 dignum
1826 4448 1978 4502 exhi-

403 4549 648 4606 bueritis.
681 4547 804 4601 Hzec
831 4547 972 4601 enim
999 4553 1194 4598 nostrae
1221 4543 1414 4596 laetitia:
1439 4541 1654 4594 materia
1684 4548 1785 4604 est,
1817 4539 1861 4592 si
1887 4555 1978 4591 ve-

402 4652 513 4694 stra
547 4639 600 4693 in
647 4636 1005 4706 Spiritualibus
1046 4634 1370 4688 incrementa
1413 4630 1704 4684 videamus.
1754 4628 1823 4682 Et
1865 4627 1976 4682 scio

401 4729 616 4798 quidem
639 4743 732 4780 vos
755 4741 846 4795 per
869 4725 1090 4794 gratiam
1118 4725 1206 4777 Dei
1238 4733 1438 4775 tantum
1461 4721 1659 4789 pollere
1685 4721 1970 4782 intellectu,

407 4830 465 4874 nt
491 4829 545 4874 et
573 4819 704 4872 alios
731 4819 949 4871 valeatis
985 4816 1284 4878 exhortari;
1315 4813 1408 4866 sed
1438 4811 1722 4865 secundum
1763 4811 1974 4864 beatum

401 4914 658 4978 Paulum,
689 4909 1000 4964 memoriam
1029 4915 1256 4960 vestram
1288 4903 1479 4958 refrico
1497 4942 1514 4969 ,
1543 4911 1597 4957 et
1627 4917 1852 4971 provoco
1878 4917 1976 4956 ve-

399 5015 573 5057 strum
604 5001 774 5054 zelum
807 4997 1073 5065 animique
1099 4995 1328 5048 studium
1353 5035 1366 5056 ,
1397 4993 1620 5046 subinde
1646 4992 1761 5046 [nec
1787 4992 1976 5046 admo-

402 5109 579 5154 nens.
619 5102 673 5145 et
719 5089 938 5158 cupiens
989 5101 1084 5139 vos
1129 5083 1392 5154 perfectos
1438 5092 1492 5135 et
1541 5081 1810 5135 absolutos
1858 5095 1976 5135 esse

401 5185 600 5254 (Rom.
643 5183 732 5237 15.
776 5179 905 5250 15).
947 5177 1064 5232 Non
1109 5178 1252 5228 enim
1295 5173 1562 5228 mediocre
1608 5179 1974 5241 argumentum

407 5277 532 5330 mihi
563 5284 646 5329 est
685 5275 787 5326 hoc
815 5271 972 5325 vestri
1011 5271 1064 5324 in
1094 5269 1284 5322 divinis
1323 5269 1588 5336 profectus
1609 5306 1624 5330 ,
1651 5264 1789 5333 quod
1829 5273 1975 5317 tanta

405 5369 680 5421 alacritate
710 5363 946 5434 quotidie
977 5363 1078 5416 huc
1103 5359 1425 5414 conveniatis
1445 5399 1460 5424 ,
1493 5367 1548 5412 et
1584 5355 1844 5425 spirituali
1877 5355 1976 5408 do-

403 5459 575 5512 ctrina
607 5457 808 5524 expleri
837 5469 941 5508 non
969 5453 1200 5522 possitis.
1231 5450 1360 5504 Nam
1385 5447 1826 5518 quemadmodum
1850 5461 1981 5501 cor-

406 5549 602 5618 poralis
618 5547 722 5602 cibi
739 5545 1018 5614 appetitus,
1036 5543 1286 5596 indicium
1302 5551 1383 5593 est
1403 5539 1614 5608 Optima:
1631 5537 1974 5591 valetudinis:

406 5647 475 5693 ita
504 5638 825 5694 desiderium
856 5633 1142 5704 spiritualis
1169 5633 1458 5697 doctrinae,
1490 5630 1974 5683 manifestissimum

403 5739 772 5800 argumentum
799 5735 882 5781 est
909 5726 1100 5778 animae
1127 5723 1262 5777 bene
1287 5720 1528 5774 valentis.
1561 5720 1894 5788 Quapropter
1921 5729 1978 5774 et

405 5835 504 5892 ego
533 5822 668 5875 bene
695 5819 937 5874 conscius
957 5816 1114 5873 vestri
1139 5813 1406 5882 desiderii,
1430 5812 1566 5883 quod
1585 5813 1784 5867 scilicet
1806 5829 1970 5883 quan-

647 6053 677 6074 ο

1396 437 1462 492 ΙΝ
1497 435 1649 492 CAP.
1692 431 1804 488 XII.
1845 431 2088 488 GENES.
2131 427 2362 484 IIOIIIL.
2399 425 2614 483 XXXII.

3533 425 3634 483 2M

2063 541 2258 596 tumvis
2287 541 2570 610 producam
2601 553 2898 592 sermonem
2921 579 2936 604 ,
2967 553 3072 592 non
3101 539 3299 608 possim
3327 540 3408 593 vel
3441 543 3516 594 sic
3541 559 3637 596 es-

2063 631 2208 700 plcre
2236 629 2556 683 desiderium
2585 669 2598 690 ,
2630 637 2683 682 ct
2710 628 2960 682 alimento
2987 629 3246 696 spirituali
3277 644 3370 683 vos
3400 632 3594 684 satiare
3616 671 3632 696 ,

2061 737 2166 774 non
2192 721 2390 774 desisto
2418 735 2514 790 pro
2540 734 2654 774 mea
2687 720 2823 772 virili
2848 761 2862 786 ,
2889 735 2949 774 ea
2977 737 3094 788 quae
3126 720 3218 775 Dei
3247 724 3414 791 gratia
3443 738 3630 792 suppe-

2061 811 2213 876 ditat,
2246 811 2297 865 in
2324 819 2554 864 vestram
2587 810 2860 864 utilitatem
2887 811 3124 880 quotidie
3145 812 3296 868 vobis
3317 828 3634 883 proponere,

2062 909 2118 956 et
2155 902 2348 956 divinae
2377 901 2664 970 Scriptura:
2702 901 2998 956 doctrinam
3029 903 3294 958 mentibus
3321 905 3512 958 vestris
3552 904 3636 958 in-

2063 1007 2262 1048 serere.

2131 1083 2188 1137 2.
2229 1083 2366 1138 Deus
2393 1083 2640 1155 quomoda
2669 1083 2914 1137 videatur.
2958 1112 3030 1124 -ο
3067 1085 3178 1155 Age
3204 1085 3364 1154 igitur
3389 1095 3444 1141 et
3479 1087 3638 1143 hodie

2063 1175 2457 1229 misericordem
2487 1175 2650 1229 Deum
2677 1175 3037 1242 Obsecremus,
3065 1187 3121 1230 ut
3146 1177 3375 1247 linguam
3402 1189 3637 1235 nostram

2065 1263 2259 1333 dirigat
2287 1264 2353 1317 ad
2387 1263 2759 1320 inveniendum
2785 1263 2926 1333 quod
2953 1266 3255 1334 quaerimus,
3287 1275 3338 1320 et
3367 1283 3468 1336 pro
3490 1285 3640 1324 more

2067 1363 2250 1409 nostro
2277 1355 2427 1409 vobis
2454 1355 2736 1410 aderamus
2760 1347 3076 1420 doctrinam,
3102 1358 3384 1425 propositis
3413 1360 3636 1427 primum

2067 1445 2151 1500 his
2175 1461 2292 1514 quae
2319 1447 2452 1501 lecta
2481 1456 2602 1500 sunt
2628 1447 2835 1501 caritati
2868 1457 3077 1502 vestrae.
3105 1449 3158 1503 7.
3186 1449 3254 1502 Et
3277 1451 3412 1505 visus
3437 1462 3528 1518 est,
3561 1454 3642 1506 in-

2065 1539 2196 1608 quit,
2226 1539 2474 1595 Dominus
2499 1540 2664 1594 Abrce.
2694 1539 2761 1593 Et
2791 1541 2918 1594 dixit
2940 1543 3003 1594 ei.
3031 1541 3216 1596 Nonne
3240 1543 3373 1598 bene
3401 1545 3638 1600 dicebam

2065 1629 2133 1683 ab
2164 1630 2331 1696 initio,
2361 1632 2524 1686 latere
2546 1631 2596 1686 in
2623 1632 2803 1700 paucis
2831 1633 2933 1686 illis
2957 1634 3131 1688 verbis
3158 1650 3400 1705 magnum
3429 1636 3640 1692 theSauv

2066 1722 2224 1775 rum?
2267 1723 2406 1777 Ecce
2447 1723 2587 1776 enim
2625 1725 2803 1777 statim
2853 1740 3029 1778 rarum
3073 1734 3127 1779 et
3161 1727 3470 1782 admirabile
3516 1745 3640 1798 pro-

2065 1814 2282 1870 (nmium
2301 1832 2315 1868 :
2335 1814 2401 1868 Et
2421 1815 2554 1868 visus
2582 1824 2675 1883 est,
2707 1815 2892 1884 inquit,
2917 1815 3162 1869 Dominus
3181 1815 3318 1871 Deus
3343 1818 3506 1873 Abra’.
3529 1820 3641 1875 Iloc

2069 1907 2296 1974 primum
2335 1905 2632 1960 invenimus
2661 1906 2712 1958 in
2751 1905 3022 1974 Scriptura
3052 1923 3192 1961 nunc
3230 1884 3427 1962 dictum
3453 1950 3468 1973 ,
3497 1911 3640 1980 quod

2068 1995 2212 2050 visus
2240 1995 2345 2049 sit:
2371 2011 2543 2064 neque
2571 1997 2711 2050 enim
2741 1995 3006 2065 Scriptura
3034 1998 3208 2052 divina
3235 1999 3400 2056 verbo
3421 2001 3522 2056 hoc
3548 2019 3640 2058 usa

2068 2097 2169 2151 est,
2199 2102 2320 2141 cum
2350 2086 2416 2141 de
2445 2087 2650 2152 Adam,
2682 2089 2766 2142 vel
2797 2087 2864 2141 de
2889 2089 3056 2154 Abel,
3084 2090 3168 2144 vel
3197 2089 3264 2145 de
3291 2091 3432 2156 Noe,
3467 2094 3547 2148 vel
3573 2093 3642 2149 de

2069 2179 2173 2232 alio
2196 2180 2441 2248 quopiam
2463 2180 2676 2249 loquuta
2696 2189 2798 2233 est.
2821 2179 2957 2246 Quid
2979 2180 3135 2250 igitur
3154 2193 3234 2236 est
3254 2183 3392 2251 quod
3411 2183 3600 2238 dicitur
3623 2202 3638 2237 :

2070 2269 2138 2322 Et
2179 2270 2314 2323 visus
2351 2269 2472 2323 est?
2500 2271 2566 2324 Et
2598 2270 2864 2338 quomodo
2888 2271 3012 2324 alibi
3049 2272 3176 2325 dicit
3203 2290 3214 2323 :
3248 2271 3438 2328 Nullus
3463 2274 3642 2327 videbit

2070 2360 2234 2413 Deum
2254 2401 2268 2425 ,
2301 2370 2348 2413 et
2377 2361 2504 2413 vivet
2537 2359 2556 2430 (
2581 2360 2747 2415 Exod.
2775 2362 2864 2416 55.
2888 2361 2958 2416 20
2983 2363 3038 2430 )?
3063 2361 3196 2430 Quid
3225 2364 3384 2432 igitur
3409 2365 3642 2420 dicemus

2071 2468 2212 2507 nunc
2235 2451 2504 2520 Scriptura
2531 2451 2738 2506 dicente
2767 2468 2780 2504 :
2811 2452 2880 2506 Et
2905 2453 3036 2507 visus
3063 2453 3178 2507 est?
3200 2454 3474 2522 Quomodo
3500 2457 3642 2511 visus

2070 2551 2151 2595 est
2173 2541 2354 2610 justo?
2382 2541 2514 2595 Num
2543 2543 2708 2612 ipsam
2745 2543 3088 2596 substantiam
3121 2545 3282 2598 vidit?
3307 2544 3422 2599 Non
3441 2586 3455 2612 ,
3480 2548 3636 2600 absit.

2069 2633 2173 2688 Sed
2202 2634 2366 2704 quid?
2402 2634 2489 2690 Sic
2513 2635 2658 2688 visus
2693 2644 2772 2689 est
2797 2676 2810 2700 ,
2844 2645 2898 2689 ut
2927 2637 3040 2704 ipse
3077 2637 3220 2690 solus
3244 2638 3342 2692 scit
3366 2680 3380 2704 ,
3409 2647 3462 2693 et
3488 2649 3545 2693 ut
3571 2641 3643 2694 illi

2072 2726 2323 2794 possibile
2351 2735 2465 2780 erat
2492 2727 2692 2782 videre.
2731 2726 2911 2782 Solers
2936 2728 3076 2782 enim
3107 2745 3225 2784 cum
3256 2731 3323 2783 sit
3349 2732 3557 2799 sapiens
3591 2744 3644 2786 ct

2073 2818 2375 2872 misericors
2414 2818 2667 2872 Dominus
2710 2828 2892 2872 noster
2915 2859 2929 2885 ,
2961 2835 3020 2873 se
3059 2819 3304 2874 humana:
3331 2831 3646 2890 attemperat

2073 2919 2293 2974 naturae,
2325 2918 2377 2962 et
2401 2909 2744 2978 semetipsum
2778 2911 2839 2963 iis
2867 2911 2952 2979 qui
2979 2925 3038 2965 se
3065 2921 3220 2966 antea
3249 2912 3406 2981 digne
3434 2929 3642 2983 praépa'

2075 3007 2346 3061 raveruut,
2371 2999 2624 3053 ostendit.
2656 2999 2818 3069 quue
2841 3000 3168 3054 demonstrat
3197 3017 3287 3070 per
3312 3003 3640 3071 prophetam,

2074 3090 2259 3144 dicens
2289 3108 2302 3144 :
2337 3091 2446 3160 Ego
2485 3093 2694 3144 risiones
2725 3091 3051 3160 multiplican
3073 3135 3086 3156 ,
3121 3105 3166 3145 et
3197 3095 3246 3146 in
3277 3095 3502 3149 manibus
3530 3111 3648 3164 pro-

2071 3179 2337 3248 phetarum
2379 3181 2682 3233 assimilatas
2708 3183 2785 3250 fui
2827 3180 2846 3252 (
2875 3180 3000 3234 Osee
3029 3182 3112 3234 12.
3144 3182 3208 3236 10
3233 3183 3276 3253 ).
3308 3183 3563 3250 Quoniam
3590 3195 3646 3240 et

2071 3267 2232 3326 Isaias
2267 3271 2394 3324 vidit
2431 3287 2550 3325 eutn
2593 3271 2861 3326 sedentem
2893 3273 2908 3340 (
2939 3271 3067 3329 1εαὶ.
3093 3273 3144 3328 6.
3177 3273 3246 3343 1)
3273 3289 3289 3329 :
3321 3275 3420 3328 hoc
3462 3287 3640 3330 autem

2074 3360 2184 3415 Deo
2225 3360 2493 3429 indignum
2522 3377 2536 3414 :
2566 3361 2705 3416 Deus
2733 3361 2873 3415 enim
2911 3377 3017 3417 non
3045 3362 3229 3428 sedet;
3259 3365 3348 3432 qui
3379 3364 3517 3419 enim
3547 3382 3646 3435 po-

2077 3461 2215 3520 test,
2271 3467 2394 3508 cum
2435 3454 2504 3508 sit
2543 3454 2856 3523 incorporea
2895 3464 2950 3508 et
2987 3455 3220 3508 interitui
3260 3472 3364 3510 non
3421 3458 3646 3514 obnoxia

2075 3545 2300 3599 natura?
2343 3552 2398 3600 et
2439 3545 2619 3600 Daniel
2659 3559 2870 3615 quoque
2913 3545 3042 3598 vidit
3079 3561 3200 3599 eum
3226 3587 3241 3613 ,
3283 3555 3338 3600 ut
3373 3548 3644 3617 antiquum

2073 3637 2282 3693 dierum
2314 3637 2490 3710 (Dan.
2523 3638 2576 3690 7.
2605 3637 2677 3691 22
2700 3639 2752 3707 );
2793 3637 3074 3691 Zacharias
3116 3647 3293 3692 autem
3337 3639 3490 3693 aliter
3525 3656 3647 3694 eum

2075 3729 2342 3784 contuitus
2367 3739 2450 3784 est
2471 3732 2488 3798 (
2511 3729 2672 3782 Zach.
2700 3730 2726 3782 1
2747 3729 2802 3798 );
2831 3727 2923 3782 sed
2946 3737 3001 3782 et
3031 3729 3269 3784 Ezechiel
3295 3731 3468 3786 aliter.
3495 3731 3650 3788 Unde

2077 3819 2286 3874 dicebat
2317 3839 2330 3874 :
2359 3819 2469 3889 Ego
2497 3820 2710 3873 visiones
2733 3819 3058 3888 multiplicari
3083 3837 3102 3873 :
3123 3821 3221 3874 hoc
3239 3830 3339 3886 est,
3370 3825 3650 3893 unicuique

2076 3910 2294 3981 apparui
2323 3925 2418 3980 pro
2445 3925 2536 3963 sua
2567 3909 2839 3978 dignitate.
2873 3909 2942 3962 Et
2965 3925 3103 3962 nunc
3129 3925 3337 3980 quoque
3359 3953 3374 3974 ,
3407 3913 3530 3980 quia
3561 3914 3652 3980 ju-

2079 4011 2219 4054 stum
2246 4015 2275 4054 a
2301 3999 2460 4053 domo
2485 3999 2600 4067 ejus
2625 4009 2889 4061 evocarat,
2917 4009 2970 4052 et
2991 4000 3222 4067 jusserat
3247 4001 3296 4054 in
3324 4001 3548 4056 alienam
3570 4003 3651 4058 ire

2079 4099 2294 4156 terram,
2323 4090 2374 4142 in
2396 4105 2551 4159 quam
2573 4105 2693 4144 cum
2717 4090 2970 4153 venisset,
2996 4101 3260 4160 tamquam
3281 4106 3443 4162 vagus
3463 4095 3652 4164 agebat

2079 4190 2132 4233 et
2163 4181 2470 4248 peregrinus
2489 4220 2506 4245 ,
2534 4188 2713 4248 utpote
2739 4179 3051 4234 Chanana‘is
3081 4181 3184 4234 illic
3209 4182 3380 4236 adhuc
3407 4184 3649 4237 habitana

2081 4269 2239 4332 tibus,
2271 4270 2538 4338 inquirens
2567 4269 2653 4322 ubi
2681 4269 3000 4323 domicilium
3027 4271 3290 4325 collocare
3317 4273 3486 4340 ipsum
3517 4289 3648 4328 con-

2077 4364 2282 4415 veniret
2303 4379 2316 4414 :
2337 4362 2507 4416 bonus
2523 4361 2777 4416 Dominus
2792 4363 3050 4416 consolari
3073 4379 3214 4430 eum,
3234 4373 3288 4418 et
3307 4366 3422 4434 ejus
3443 4367 3652 4423 {invitare

2078 4451 2401 4506 alacritatem
2425 4451 2630 4517 volens,
2655 4461 2712 4506 ut
2735 4468 2804 4506 ne
2828 4460 3172 4521 torpesceret,
3199 4469 3368 4524 neque
3391 4455 3656 4510 dubitaret

2079 4542 2146 4596 de
2185 4543 2535 4610 promissione
2559 4543 2670 4612 jam
2697 4543 2799 4598 sibi
2831 4543 2964 4598 facta
2987 4585 3002 4610 ,
3029 4561 3134 4615 qua
3157 4547 3291 4600 dixit
3319 4563 3338 4601 :
3376 4548 3496 4602 Veni
3521 4549 3654 4615 huc,

2079 4646 2126 4687 et
2159 4635 2342 4704 faciant
2365 4645 2411 4687 te
2437 4635 2489 4687 in
2513 4644 2704 4704 gentem
2728 4647 2964 4704 magnam
2989 4635 3447 4705 (quandoquidem
3473 4639 3653 4692 divero

2080 4740 2138 4778 sa
2164 4741 2192 4776 a
2221 4725 2570 4793 promissione
2592 4724 2806 4779 videbat
2824 4724 2936 4779 fieri
2959 4765 2976 4792 ,
3003 4735 3058 4779 et
3095 4740 3154 4779 se
3191 4726 3532 4780 obambulare
3577 4729 3654 4782 uti

2079 4817 2340 4882 abjectum
2371 4824 2424 4868 et
2453 4815 2608 4868 vilem
2627 4856 2642 4880 ,
2668 4825 2722 4870 et
2745 4816 2888 4869 omni
2916 4815 3161 4883 prmsidio
3181 4815 3488 4869 destitutum
3507 4859 3525 4882 ,
3557 4832 3658 4870 ne-

2080 4921 2182 4975 que
2209 4907 2488 4960 habentem
2517 4905 2605 4959 ubi
2633 4907 2915 4961 diverteret
2936 4906 2988 4976 ),
3019 4916 3076 4960 ιιι
3100 4908 3257 4976 igitur
3280 4918 3510 4962 mentem
3541 4910 3660 4977 ejus

2081 4998 2292 5062 excitet,
2319 4997 2488 5066 inquit
2513 5015 2526 5051 :
2555 4997 2621 5050 Et
2647 4999 2778 5050 visus
2797 5007 2866 5051 est
2895 4997 3138 5052 Dominus
3153 4999 3314 5066 Δίῃ-αξ,
3343 5009 3390 5052 et
3417 4999 3544 5053 dixit
3567 5001 3616 5052 ei
3638 5015 3658 5054 :

2081 5087 2276 5142 Semini
2305 5099 2390 5140 tuo
2415 5088 2544 5140 dabo
2575 5097 2758 5140 terram
2785 5088 2936 5140 lianc.
2985 5087 3085 5140 Est
3123 5097 3178 5141 et
3208 5087 3322 5143 hate
3348 5090 3660 5158 pollicitatio

2081 5194 2288 5248 magna,
2316 5187 2372 5232 et
2395 5178 2582 5233 similis
2607 5177 2682 5231 illi
2706 5193 2802 5246 per
2825 5193 2982 5246 quam
3010 5194 3131 5232 eum
3155 5194 3182 5230 a
3205 5178 3362 5232 domo
3385 5191 3656 5236 evocarat.

2083 5274 2296 5327 Dixerat
2332 5271 2473 5325 enim
2517 5288 2532 5321 :
2577 5269 2916 5339 Magni/icabo
2945 5286 3124 5323 nomen
3159 5280 3302 5324 tuum
3329 5287 3347 5324 :
3377 5283 3654 5340 propterea

2081 5377 2220 5416 nunc
2241 5361 2430 5416 iterum
2453 5361 2582 5414 dicit
2611 5379 2624 5412 :
2654 5360 2848 5414 Semini
2876 5370 2960 5413 tuo
2986 5361 3114 5414 dabo
3141 5372 3324 5414 ten-ant
3346 5363 3498 5418 hanc.
3519 5363 3652 5416 Nam

2079 5468 2198 5506 cum
2221 5451 2329 5518 jam
2360 5465 2520 5504 senex
2547 5462 2685 5504 esset
2709 5450 2884 5518 justus
2906 5492 2920 5516 ,
2947 5451 3156 5520 filioque
3185 5461 3391 5507 careret
3413 5453 3482 5507 ob
3507 5455 3652 5508 Sane

2080 5543 2408 5596 sterilitatem
2435 5581 2452 5607 ,
2484 5541 2743 5610 promittit
2782 5557 2842 5596 se
2871 5543 2918 5596 ei
2939 5584 2954 5608 ,
2985 5543 3074 5610 qui
3115 5559 3179 5596 cx
3211 5544 3326 5612 ipso
3353 5545 3650 5602 nasciturus

2081 5631 2170 5694 sit,
2190 5638 2386 5686 terram
2407 5629 2668 5684 daturum.
2703 5630 3116 5686 Misericordiam
3146 5633 3239 5687 Dei
3261 5632 3366 5697 hic,
3393 5649 3508 5698 oro,
3533 5649 3650 5688 con-

2081 5721 2253 5775 sidera
2283 5761 2300 5788 ,
2331 5719 2596 5788 quomodo
2624 5737 2742 5774 cum
2773 5722 3043 5790 prtesciret
3073 5722 3200 5789 justi
3236 5722 3514 5785 virtutem,
3543 5723 3654 5780 vult

2081 5829 2202 5868 eum
2232 5813 2476 5868 omnibus
2504 5813 2838 5868 manifestum
2871 5813 3044 5869 facere
3067 5855 3080 5882 ,
3108 5824 3160 5869 et
3185 5815 3234 5868 in
3263 5813 3431 5868 lucem
3459 5813 3652 5870 etl‘crre
