4062 6396
390 391 492 447 5’95

391 501 537 565 quasi
572 499 910 569 margaritam
943 496 1171 564 aliquam
1203 504 1326 547 ante
1353 490 1635 546 occultam.
1669 487 1824 545 Unde
1852 500 1973 540 cum

394 592 776 661 promissiones
796 587 1238 661 promtssionibus
1263 583 1615 653 adjnnxisset,
1639 581 1830 635 iterum
1857 593 1979 649 par-

393 699 512 737 vam
536 697 737 737 moram
761 681 919 734 trahit
939 688 992 733 et
1012 678 1205 741 differt,
1225 688 1282 729 ut
1307 677 1401 729 hac
1424 673 1757 744 potissimum
1772 671 1977 725 ratione

394 777 705 846 patriarcha:
745 775 912 844 pietas
956 781 1319 835 monstretur,
1352 770 1471 838 quia
1513 782 1598 821 res
1638 779 1792 820 secus
1820 779 1976 833 quam

397 866 838 936 promittebantur
863 863 1075 918 evenire
1102 861 1284 915 videns
1306 860 1490 914 beatus
1514 858 1620 920 ille,
1646 871 1749 911 non
1774 855 1982 925 inquie-

396 972 478 1013 tus
508 968 621 1013 erat
646 999 659 1020 .
690 973 788 1012 nec
818 956 1100 1025 impatiens
1120 996 1133 1016 ,
1162 968 1262 1008 nec
1292 951 1630 1014 turliabatur,
1666 948 1757 1002 sed
1791 949 1981 1002 immo-

398 1061 507 1103 lltllt
536 1047 761 1102 habebat
782 1046 1039 1107 animum,
1062 1051 1239 1098 certus
1262 1057 1322 1095 ea
1350 1056 1466 1109 qum
1494 1041 1657 1093 semel
1688 1054 1717 1091 a
1745 1037 1855 1092 Deo
1880 1036 1979 1091 sibi

400 1143 658 1210 promissa
691 1137 935 1200 fuerant,
967 1144 1080 1188 rata
1114 1141 1169 1187 et
1210 1132 1360 1185 ﬁrma
1401 1129 1535 1184 fore.
1570 1129 1825 1182 Paulatim
1854 1141 1981 1181 vero

398 1240 793 1301 perscrutemur
821 1225 1023 1295 singula
1046 1266 1060 1290 ,
1094 1234 1152 1279 ut
1178 1224 1256 1277 sic
1284 1222 1533 1276 solertem
1561 1219 1744 1288 optimi
1774 1218 1865 1271 Dei
1894 1233 1979 1271 sa-
2003 1288 2008 1291 _

402 1322 648 1393 pientiam
674 1362 688 1385 ,
721 1320 985 1388 simulque
1026 1333 1207 1372 curam
1249 1331 1405 1382 quam
1447 1330 1571 1383 erga
1608 1314 1806 1381 justum
1844 1311 1983 1365 hunc

399 1416 700 1477 declaravit,
732 1422 787 1468 et
826 1409 1138 1480 patriarchae
1179 1410 1229 1462 in
1265 1408 1543 1461 Dominmn
1570 1421 1807 1459 amorem
1833 1404 1984 1459 addi-

398 1522 627 1560 scamus.
660 1502 727 1556 Et
756 1505 889 1557 visus
913 1510 1004 1567 est,
1031 1500 1217 1569 inquit,
1242 1498 1487 1551 Dominus
1516 1498 1678 1549 Abrte.
1703 1494 1981 1561 Quomodo

403 1599 544 1651 visus
574 1595 695 1649 est?
736 1594 886 1648 Sicut
926 1592 1039 1660 ipse
1071 1591 1208 1644 Deus
1250 1589 1395 1644 solus
1438 1591 1538 1642 scit
1564 1630 1576 1651 ,
1605 1595 1660 1641 ct
1689 1587 1776 1641 ille
1804 1587 1984 1641 videre

402 1687 589 1757 potuit.
618 1684 735 1739 Non
761 1686 904 1739 enim
932 1681 1034 1736 hoc
1058 1680 1234 1735 dicere
1260 1680 1498 1734 desinam
1516 1718 1529 1738 ,
1558 1676 1984 1748 quandoquidem

404 1778 619 1833 modum
647 1777 831 1846 ignoro
860 1792 873 1828 :
902 1773 1061 1828 audio
1084 1772 1229 1827 enim
1254 1770 1428 1825 solum
1454 1769 1781 1838 Scripturam
1808 1769 1985 1823 dicen-

402 1878 511 1922 tem
546 1884 561 1920 :
605 1866 669 1919 Et
700 1866 831 1919 risus
874 1874 946 1918 est
992 1864 1234 1917 Dominus
1273 1860 1409 1915 Deus
1438 1861 1619 1928 Abrte,
1649 1870 1694 1915 et
1725 1861 1849 1914 dixit
1887 1860 1932 1913 ei
1968 1874 1986 1913 :

402 1959 598 2014 Semini
627 1969 710 2012 tuo
735 1959 864 2011 dabo
895 1968 1079 2010 terram
1109 1955 1261 2009 hanc.

481 2051 597 2106 Non
624 2052 917 2105 deseruntur
945 2066 976 2101 a
1007 2047 1113 2101 Deo
1132 2048 1169 2100 ii
1194 2063 1315 2114 quos
1340 2046 1457 2100 sinit
1477 2018 2011 2115 afﬂigi—Memores

402 2153 573 2200 estote
606 2143 1016 2213 promissionum
1044 2156 1160 2210 quze
1189 2154 1217 2191 a
1250 2139 1359 2193 Deo
1390 2138 1540 2191 facta:
1571 2145 1726 2203 sunt,
1775 2146 1833 2191 ut
1867 2153 1988 2191 cum

404 2238 677 2294 audieritis
696 2237 894 2305 justum
918 2234 1078 2287 variis
1102 2233 1313 2286 casibus
1329 2231 1536 2299 jactari,
1556 2230 1771 2284 discatis
1792 2240 1988 2299 quanta

406 2333 565 2387 fuerit
593 2328 923 2399 pliiloSOpliia
954 2328 1261 2389 instructus,
1285 2339 1444 2395 quam
1464 2322 1630 2377 solida
1655 2321 1985 2386 fortitudine,

403 2438 563 2493 quam
592 2423 746 2475 ﬁrmo
771 2431 825 2473 et
853 2420 1071 2472 immoto
1096 2415 1147 2470 in
1182 2416 1350 2469 Deum
1375 2429 1578 2480 amore,
1605 2424 1659 2467 et
1684 2429 1749 2467 ex
1780 2413 1843 2466 iis
1872 2428 1989 2482 qua:

404 2515 542 2582 justo
567 2512 637 2565 illi
669 2510 1002 2579 contigerunt
1029 2548 1043 2573 ,
1072 2506 1384 2561 erudiamini
1410 2547 1423 2569 ,
1460 2514 1514 2557 ut
1540 2520 1607 2558 ne
1635 2504 1946 2558 existimetis
1970 2544 1986 2570 ,

407 2620 531 2658 eum
557 2602 868 2657 derelictum
890 2614 1010 2654 esse
1038 2614 1067 2651 a
1112 2598 1221 2651 Deo
1245 2638 1259 2663 ,
1289 2596 1334 2649 si
1360 2595 1573 2665 quando
1600 2595 1835 2649 videritis
1865 2610 1989 2664 pro-

407 2696 533 2749 bum
575 2693 804 2762 aliquem
835 2688 1213 2745 tentationibus
1243 2686 1323 2741 vel
1354 2686 1471 2739 aliis
1519 2686 1673 2754 hujus
1702 2685 1823 2738 vita:
1851 2685 1990 2738 allii-

405 2786 669 2841 ctionibus
696 2784 876 2839 vexari
907 2800 920 2837 :
951 2780 1043 2837 sed
1071 2781 1366 2849 cogitantes
1404 2778 1753 2847 multiplicem
1777 2776 1991 2845 dispen-

406 2880 671 2933 sationum
716 2875 810 2929 Dei
853 2873 1204 2935 varietatem,
1247 2868 1423 2924 omnia
1470 2866 1991 2938 incomprehensibili

408 2974 525 3042 ejus
566 2968 911 3040 providentia:
954 2964 1284 3033 relinquatis.
1336 2962 1469 3016 Nam
1512 2962 1557 3016 si
1601 2962 1802 3030 justum
1844 2961 1992 3014 illum

409 3077 518 3121 tam
546 3066 690 3135 pium
712 3102 726 3127 ,
758 3068 1066 3127 tantamque
1093 3071 1203 3126 prae
1230 3070 1288 3110 se
1316 3054 1571 3109 ferentem
1595 3052 1949 3107 obedientiam
1972 3091 1989 3117 ,

413 3154 672 3228 permittit
714 3153 804 3207 tali
835 3149 994 3206 modo
1034 3146 1225 3203 tentari
1268 3160 1374 3214 quo
1404 3144 1583 3197 statim
1612 3143 1746 3197 bene
1774 3142 1953 3197 scietis
1973 3182 1990 3207 ,

410 3265 518 3304 non
548 3245 847 3315 despiciens
872 3240 1127 3295 famulum
1154 3252 1330 3302 suum,
1361 3236 1455 3289 sed
1485 3236 1604 3289 aliis
1628 3234 1873 3289 omnibus
1896 3250 1995 3289 vo-

415 3356 530 3395 lens
552 3337 692 3391 illius
714 3334 960 3403 detegere
987 3331 1235 3384 virtutem
1257 3326 1416 3400 (solet
1434 3326 1577 3381 enim
1602 3327 1670 3380 ita
1692 3342 1813 3381 cum
1836 3326 1994 3397 justis

413 3434 663 3488 omnibus
678 3447 833 3502 agere
852 3449 867 3497 ;
890 3440 944 3486 et
963 3437 1221 3499 quotquot
1240 3427 1540 3483 divinarum
1562 3426 1846 3481 lectionum
1866 3425 1996 3480 estis

413 3525 654 3588 studiosi,
682 3523 925 3594 poteritis
950 3537 1021 3576 ex
1048 3518 1413 3588 superioribus
1433 3517 1639 3571 discere
1661 3525 1712 3570 et
1736 3515 1993 3579 invenire,

412 3634 533 3672 emn
576 3618 647 3670 ita
677 3616 992 3670 famulorum
1018 3627 1237 3669 suorum
1267 3610 1426 3664 vitam
1447 3607 1831 3676 dispensare),
1860 3621 1989 3675 quo-

413 3707 573 3763 tnodo
615 3708 776 3778 igitur
806 3721 911 3760 non
937 3711 1191 3760 extrema:
1232 3701 1389 3755 fuerit
1431 3698 1782 3767 improbitatis
1811 3696 1994 3751 existi-

414 3816 583 3865 mare,
617 3800 725 3852 Deo
754 3798 868 3852 hrec
898 3795 1221 3850 concedente
1245 3792 1445 3861 justum
1471 3789 1781 3843 derelictum
1804 3786 1992 3850 fuisse,

414 3904 467 3947 et
515 3909 618 3946 non
665 3891 837 3960 pntius
881 3888 1003 3943 inde
1040 3901 1244 3955 magnas
1285 3884 1628 3953 providentia:
1668 3880 1999 3950 ingentisque

414 3983 713 4037 clementia:
743 3981 951 4049 signum
982 3975 1231 4032 sumere?
1254 3973 1551 4029 Ostendens
1580 3972 1737 4041 igitur
1760 3972 2001 4025 eminen-

416 4086 524 4129 tem
549 4075 712 4141 ipsins
738 4075 1010 4135 virtutem,
1043 4070 1158 4123 haec
1187 4070 1291 4123 duo
1318 4074 1550 4137 praistat.
1577 4080 1851 4119 servorum
1876 4079 2001 4117 suo-

416 4181 535 4220 rum
556 4166 862 4233 patientiam
889 4161 1355 4230 fortitudinemque
1384 4159 1557 4227 palam
1583 4156 1709 4212 facit
1728 4156 1995 4221 omnibus,

416 4268 469 4311 ct
499 4254 843 4325 providentia:
868 4269 978 4307 sua:
1002 4252 1321 4321 sapientiam
1349 4250 1509 4304 etiam
1548 4249 1599 4301 in
1631 4247 1821 4302 mediis
1857 4247 2000 4316 peri-

417 4348 553 4401 culis
593 4343 1097 4409 difﬁcultatibusque
1140 4340 1362 4394 summis
1405 4338 1638 4394 ostendit
1669 4354 1682 4390 :
1712 4353 1833 4391 nam
1878 4351 2001 4390 cum

423 4452 586 4507 prope
627 4434 913 4503 deplorata:
953 4433 1060 4485 sint
1093 4446 1180 4485 res
1204 4471 1219 4495 ,
1247 4440 1372 4484 tunc
1399 4444 1655 4498 quorsum
1680 4430 1793 4481 vult
1822 4427 2004 4497 dirigit

419 4530 595 4583 omnia
622 4570 636 4592 ,
670 4542 840 4595 neque
869 4524 1065 4594 aliquid
1093 4523 1423 4578 difﬁcultatis
1453 4522 1505 4575 in
1546 4520 1724 4575 medio
1751 4528 1834 4574 est
1862 4518 2004 4588 quod

424 4620 681 4690 impedire
722 4627 898 4687 queat.
950 4615 1011 4669 Et
1053 4616 1186 4669 visus
1226 4622 1331 4680 est,
1363 4613 1566 4682 inquit,
1598 4611 1843 4665 Dominus
1868 4610 2005 4665 Deus

419 4712 586 4774 Abrte,
611 4719 657 4764 ct
683 4709 810 4763 dixit
834 4711 877 4761 ei
902 4725 919 4761 :
944 4706 1140 4761 Semini
1168 4713 1253 4758 tuo
1278 4705 1406 4758 dabo
1431 4714 1615 4757 terram
1639 4702 1788 4755 hanc.
1820 4700 2003 4770 Magna

424 4812 481 4857 et
529 4800 894 4856 desiderabilis
941 4797 1258 4868 promissio,
1305 4794 1598 4864 praesertim
1639 4792 1801 4862 justo.
1848 4790 2007 4846 Scitis

427 4896 602 4961 enim,
631 4893 897 4964 quomodo
939 4892 1025 4961 qui
1064 4890 1170 4961 jam
1214 4896 1475 4957 provecta:
1517 4886 1804 4940 senectutis
1847 4894 2004 4950 sunt,

429 5000 484 5043 et
512 5003 724 5042 omnem
754 4987 914 5039 vitam
941 4986 1138 5051 absque
1176 4981 1356 5035 liberis
1388 4986 1757 5047 transegerunt
1779 5019 1792 5041 ,
1822 4985 2009 5046 optant

430 5081 645 5135 liberos.
699 5077 878 5145 Itaque
921 5074 1174 5128 Dominus
1217 5070 1533 5126 obedientite
1578 5068 1876 5123 mercedem
1908 5068 2006 5137 ipsi

434 5170 699 5241 pra-,bens,
727 5168 846 5236 quia
875 5182 997 5219 mox
1028 5174 1085 5217 ut
1108 5162 1325 5224 audivit,
1357 5161 1609 5230 Egredere
1631 5159 1694 5212 de
1721 5170 1853 5213 terra
1883 5168 1969 5212 tua
1987 5199 2003 5224 ,

426 5280 530 5316 non
558 5275 738 5315 moras
764 5260 938 5322 traxit,
965 5273 1067 5310 non
1088 5257 1310 5318 distulit,
1335 5254 1427 5309 sed
1448 5254 1683 5307 obedivit
1704 5253 2005 5321 imperanti,

428 5364 480 5407 et
505 5353 645 5421 quod
676 5353 989 5420 imperatum
1017 5359 1129 5403 erat
1151 5364 1271 5401 mox
1300 5347 1442 5411 fecit,
1466 5345 1672 5415 inquit:
1699 5343 1898 5400 Semini
1924 5354 2009 5398 tuo

425 5446 556 5498 dabo
582 5456 765 5497 terram
794 5444 944 5495 Itane.

497 5536 545 5588 3t
592 5535 933 5587 Abraltamtmt
960 5531 1255 5600 migrantem
1281 5529 1563 5589 comitatur,
1593 5525 1794 5597 singula
1816 5526 1877 5579 ab
1898 5525 2009 5596 ipso

429 5628 509 5694 pie
547 5637 660 5679 acta
713 5635 913 5678 notans.
948 5651 1020 5661 —
1046 5621 1179 5675 Vide
1212 5618 1476 5688 quomodo
1520 5634 1613 5686 per
1654 5620 1754 5671 hoc
1791 5617 2010 5671 verbum

429 5726 659 5769 mentem
692 5714 805 5782 ejus
827 5713 997 5779 erigit,
1030 5721 1084 5765 et
1112 5709 1460 5763 Sufﬁcientem
1488 5707 1533 5761 ei
1565 5707 1747 5760 tribuit
1771 5706 2009 5760 lahornm

435 5804 755 5861 mercedem.
788 5803 1014 5859 Proinde
1040 5811 1092 5858 et
1119 5802 1328 5870 justus,
1363 5806 1566 5870 gratum
1606 5797 1865 5853 exhibens
1890 5798 2006 5851 ani-

1094 383 1149 440 S.
1189 379 1463 438 JOANNIS
1497 373 1970 434 CHRYSOSTOMI
2011 371 2326 428 ARCHIEP.
2365 369 2898 425 CONSTAN'iINOP.

3542 368 3648 424 296

2085 499 2228 536 mum
2273 482 2447 535 statim
2494 480 2558 533 ad
2604 482 2889 550 gratiarum
2934 480 3195 535 actionem
3228 482 3571 535 convertitur.
3608 482 3669 534 fit

2092 574 2324 625 rxstrnxit
2348 573 2471 635 illic,
2497 571 2684 640 inquit,
2710 572 2870 624 altare
2888 568 3127 635 Domino,
3154 588 3298 637 quem
3322 572 3671 628 videratNide

2086 666 2183 733 pia:
2223 665 2414 717 mentis
2442 663 2735 731 specimen.
2771 662 2835 716 Et
2859 662 3031 716 locum
3058 662 3250 731 ipsum,
3280 662 3369 717 ubi
3406 663 3673 732 colloquio

2084 772 2204 811 cum
2254 756 2362 809 Deo
2408 756 2652 825 dignatus
2696 756 2904 818 fuerat,
2932 755 3261 808 consecravit
3296 763 3350 808 et
3383 756 3669 823 gratiarum

2084 850 2344 903 actionem
2377 863 2472 917 pro
2493 848 2692 901 viribus
2717 845 3023 901 declaravit.
3053 846 3164 901 Hoc
3183 847 3323 901 enim
3350 847 3492 917 quod
3520 848 3670 914 dicit,

2084 939 2349 992 Exstruxit
2379 940 2557 1006 altare,
2578 938 2714 992 idem
2746 947 2827 992 est
2854 937 3027 1008 quod,
3059 938 3270 993 Gratias
3294 938 3361 993 de
3393 940 3669 1008 promissis

2085 1031 2209 1100 egit.
2244 1030 2312 1083 Et
2355 1029 2492 1082 sicut
2520 1027 2765 1083 homines
2797 1044 3194 1098 nonnumquam
3225 1029 3458 1083 amicitia
3495 1038 3671 1082 movet

2087 1130 2143 1173 ut
2174 1120 2243 1174 ibi
2273 1119 2460 1173 domos
2486 1118 2767 1181 aedificent,
2798 1118 2887 1173 ubi
2929 1134 3049 1172 cum
3075 1119 3342 1189 germanis
3368 1130 3415 1174 et
3448 1119 3673 1173 sinceris

2086 1211 2271 1264 amicis
2314 1220 2592 1264 versantur
2630 1219 2685 1263 et
2737 1210 3142 1279 colloquuntur,
3178 1219 3230 1263 et
3272 1210 3421 1263 multi
3463 1225 3673 1279 quoque

2086 1314 2227 1366 smpe
2255 1298 2494 1352 civitates
2515 1298 2672 1351 etiam
2695 1296 3068 1362 condiderunt,
3092 1296 3282 1365 quibus
3302 1312 3366 1351 ex
3390 1298 3671 1352 occasione

2087 1404 2406 1459 congressus
2445 1404 2564 1443 cum
2595 1389 2779 1444 amicis
2817 1389 3029 1443 nomina
3060 1388 3298 1444 indidere
3329 1406 3343 1443 :
3373 1390 3444 1443 ita
3487 1400 3543 1445 et
3584 1391 3673 1461 ju-

2087 1493 2201 1537 stus
2234 1483 2319 1536 ille
2339 1524 2352 1545 ,
2380 1481 2468 1536 ubi
2504 1482 2759 1535 visionem
2790 1481 2887 1536 Dei
2925 1491 3241 1551 assequutus
3270 1490 3351 1536 est
3370 1524 3385 1544 ,
3412 1481 3673 1536 Exstruxit

2087 1574 2247 1626 altare
2277 1571 2495 1627 Domino
2518 1588 2661 1638 quem
2694 1572 2901 1635 viderat,
2932 1573 2983 1627 8.
3013 1582 3058 1625 et
3096 1572 3321 1625 discessit
3366 1572 3503 1626 inde.
3534 1574 3672 1638 Quid

2088 1676 2190 1727 est,
2226 1665 2290 1719 Et
2317 1667 2541 1719 discessit
2571 1665 2723 1719 inde?
2746 1664 2878 1731 Quia
2907 1665 3017 1719 Deo
3046 1664 3192 1719 locus
3220 1665 3307 1719 ille
3332 1675 3674 1720 consecratus

2088 1767 2139 1811 ct
2170 1757 2278 1811 Deo
2302 1756 2659 1810 sanctiﬁcatus
2690 1765 2804 1810 erat
2829 1798 2842 1819 ,
2872 1754 3107 1809 Discessit
3140 1755 3291 1823 inde,
3322 1766 3367 1809 et
3397 1757 3594 1809 transiit
3623 1758 3675 1809 in

2090 1859 2304 1901 montem
2331 1864 2501 1901 versus
2532 1846 2785 1900 Orientem
2812 1845 3005 1911 Betltel,
3035 1855 3081 1897 et
3107 1846 3262 1899 erexit
3288 1845 3357 1898 ibi
3380 1847 3677 1899 tabernacu-

2090 1940 2194 1992 lunt
2240 1956 2387 1993 suum
2415 1954 2433 1991 :
2464 1939 2897 2003 tumultuarium,
2925 1938 3127 2006 inquit,
3170 1938 3492 1993 domicilium
3530 1938 3674 1993 fecit.

2093 2030 2222 2083 Vide
2244 2030 2511 2100 quomodo
2538 2040 2652 2084 erat
2676 2029 2927 2099 frugalis,
2956 2038 3010 2083 et
3047 2029 3224 2082 luxum
3257 2028 3508 2099 fugiebat,
3540 2046 3677 2099 quo-

2092 2121 2251 2175 modo
2269 2131 2372 2175 tam
2402 2122 2698 2190 expeditus,
2728 2128 2783 2174 ut
2811 2135 2931 2175 cum
2960 2135 3124 2174 uxore
3158 2130 3212 2174 et
3238 2120 3446 2174 famulis
3474 2131 3578 2174 tam
3604 2121 3677 2175 fa-

2092 2215 2192 2268 cile
2230 2214 2499 2283 migraret.
2543 2212 2774 2266 Audiant
2803 2212 2899 2266 viri
2924 2251 2939 2277 ,
2986 2210 3204 2266 audiant
3246 2212 3514 2265 mulieres.
3545 2212 3677 2266 Nam

2092 2319 2232 2371 smpc
2261 2304 2310 2357 in
2334 2305 2507 2357 villam
2528 2312 2732 2357 tantum
2761 2302 2910 2357 exire
2932 2302 3191 2365 volentes,
3215 2302 3377 2355 multa
3409 2304 3676 2367 molimur,

2096 2394 2355 2462 valdeque
2384 2393 2624 2462 occupati
2654 2408 2857 2457 sumus,
2882 2408 2948 2448 eo
2972 2374 3365 2463 quod'plurima
3401 2393 3675 2447 nobiscum

2094 2484 2385 2547 trahemus,
2414 2502 2531 2552 qua:
2560 2501 2663 2537 non
2691 2485 2861 2539 solum
2889 2502 2994 2538 non
3023 2493 3147 2538 sunt
3173 2486 3325 2539 nobis
3348 2485 3484 2546 usui,
3512 2485 3603 2539 sed
3626 2496 3680 2539 ct

2094 2590 2483 2644 supervacanea
2506 2617 2518 2639 ,
2543 2584 2598 2629 et
2627 2576 2828 2629 inutilia
2851 2616 2866 2641 ,
2896 2585 2948 2629 et
2977 2592 3181 2643 pompm
3209 2576 3374 2645 gratia
3404 2587 3679 2645 apparata,

2093 2683 2211 2737 qua:
2239 2668 2509 2720 nobiscum
2541 2666 2783 2720 ducimus
2824 2677 2876 2721 et
2906 2667 3345 2720 circumfcritnus.
3371 2667 3566 2721 Verum
3588 2668 3680 2736 ju-

2094 2768 2207 2813 stus
2237 2758 2325 2811 ille
2368 2773 2472 2810 non
2508 2757 2585 2811 sic
2614 2758 2753 2826 egit;
2778 2756 2872 2811 sed
2900 2758 3020 2826 quia
3051 2757 3308 2810 Dominus
3328 2756 3571 2826 dignatus
3601 2769 3682 2811 est

2093 2866 2213 2905 cum
2246 2850 2361 2919 ipso
2390 2851 2713 2919 colloquium
2743 2850 2967 2913 habere,
3003 2849 3176 2902 locum
3201 2852 3565 2915 consecravit,
3600 2852 3681 2902 al-

2097 2950 2211 2995 tare
2247 2941 2542 3002 exstruxit,
2570 2955 2633 2995 ac
2678 2956 2865 3009 magna
2900 2939 3150 2993 facilitate
3179 2940 3284 2992 alio
3331 2940 3596 3009 migravit.
3625 2942 3678 2994 8.

2095 3030 2165 3084 Et
2186 3033 2341 3086 erexit
2368 3033 2471 3085 illic
2499 3031 2873 3083 tabernaculum
2898 3047 3045 3083 suum
3072 3031 3122 3081 in
3160 3029 3337 3083 Bctltel
3364 3032 3518 3100 juxta
3546 3048 3683 3084 mare

2096 3133 2142 3178 et
2173 3125 2343 3195 Aggaz,
2365 3140 2533 3177 versus
2561 3122 2835 3176 Orientem.
2870 3122 2932 3175 Et
2960 3123 3253 3189 wdi/icavit,
3289 3124 3475 3190 inquit,
3504 3124 3571 3175 ibi
3607 3122 3684 3175 al-

2098 3227 2205 3269 tare
2234 3215 2471 3277 Domino,
2503 3226 2547 3268 et
2575 3215 2819 3267 invocavit
2845 3215 2897 3266 in
2919 3214 3119 3267 nomine
3147 3212 3371 3267 Domini.
3402 3215 3530 3268 Vide
3552 3230 3683 3283 quo-

2100 3306 2259 3361 modo
2287 3322 2380 3375 per
2404 3304 2582 3359 omnia
2614 3305 2915 3373 religiosam
2943 3316 3173 3358 mentem
3203 3320 3309 3373 pne
3344 3319 3403 3358 se
3434 3304 3551 3357 fert.
3579 3304 3685 3359 Illic

2099 3398 2239 3451 enim
2280 3396 2349 3450 ob
2394 3394 2799 3463 promissionem
2843 3393 2943 3447 sibi
2983 3409 3012 3446 a
3056 3394 3165 3448 Deo
3208 3394 3397 3448 faetam
3428 3410 3572 3448 aram
3597 3412 3685 3449 ex-

2099 3488 2293 3542 Struxit
2312 3528 2327 3551 ,
2354 3494 2408 3539 et
2437 3486 2554 3539 loco
2582 3492 2893 3539 consecrato
2918 3484 3163 3538 discessit
3193 3503 3206 3539 :
3236 3486 3320 3539 hic
3345 3496 3521 3539 autem
3562 3487 3686 3556 quia

2102 3580 2505 3635 tabernaculum
2561 3580 2789 3643 fixerat,
2840 3578 3031 3631 iterum
3080 3575 3415 3645 xEdt'ﬁcavit,
3486 3579 3687 3647 inquit,

2098 3673 2261 3726 altare
2329 3671 2587 3738 Domino,
2659 3680 2707 3724 et
2776 3670 3023 3723 invocavit
3091 3670 3146 3722 in
3206 3670 3405 3723 nomine
3459 3668 3687 3723 Domini.

2101 3763 2289 3817 Vidisti
2337 3772 2568 3815 mentem
2617 3760 2754 3815 bene
2789 3759 3116 3823 institutam,
3146 3767 3199 3812 et
3244 3759 3513 3827 sapientia:
3542 3759 3689 3813 dedi-

2100 3854 2247 3907 tam?
2272 3852 2445 3906 vidisti
2467 3850 2732 3921 quomodo
2749 3850 2891 3920 quod
2909 3850 3148 3905 scribens
3170 3848 3442 3904 admonuit
3462 3852 3691 3904 admira-

2102 3948 2221 4003 bilis
2242 3946 2386 4000 orbis
2416 3946 2602 4000 doCIor
2626 3944 2811 3999 beatus
2833 3943 3045 4003 Paulus,
3069 3942 3252 3995 dicens
3286 3959 3298 3993 :
3336 3940 3400 3995 In
3428 3944 3564 3995 omni
3582 3943 3691 3996 loco

2103 4046 2320 4095 levantes
2332 4049 2534 4093 sanctas
2550 4055 2727 4091 manus
2751 4038 2797 4109 (’l
2811 4076 2825 4089 .
2846 4036 2975 4089 Tim.
2995 4036 3048 4087 ‘2.
3066 4032 3119 4104 8)
3140 4051 3150 4085 :
3169 4034 3217 4086 id
3236 4035 3532 4102 patriarcha
3548 4037 3692 4103 prius

2104 4150 2264 4205 opere
2285 4132 2588 4202 complevit,
2605 4131 2655 4183 in
2673 4129 2892 4197 singulis
2910 4128 3039 4181 locis
3058 4128 3243 4181 altaria
3265 4129 3494 4197 erigens,
3519 4138 3571 4181 et
3592 4129 3677 4181 Do

2105 4228 2250 4281 mino
2268 4228 2466 4297 gratias
2486 4224 2686 4295 agens?
2714 4222 2930 4278 Sciebat
2957 4222 3119 4284 enim,
3148 4223 3349 4275 sciebat
3391 4222 3691 4288 manifeste,

2106 4319 2235 4372 nihil
2253 4316 2393 4372 aliud
2416 4317 2684 4386 requirere
2700 4314 2768 4368 ab
2786 4313 3018 4367 humano
3033 4328 3227 4382 genere
3247 4313 3409 4366 Deum
3434 4314 3691 4379 universi,

2106 4420 2226 4481 post
2253 4412 2529 4466 innumera
2556 4417 2612 4464 et
2640 4406 2926 4464 ineliabilia
2949 4404 3203 4460 beneﬁcia
3229 4421 3321 4459 sua
3342 4447 3357 4470 ,
3391 4421 3549 4475 quam
3574 4406 3695 4459 ani-

2108 4519 2251 4557 mum
2275 4501 2564 4572 gratiarum
2590 4500 2785 4555 actioni
2811 4496 3137 4566 studentem,
3167 4506 3219 4551 et
3242 4506 3456 4567 accepta
3487 4496 3694 4550 beneﬁ-

2108 4596 2188 4650 cia
2208 4593 2570 4648 conﬁtentem.
2602 4594 2864 4646 Caeterum
2894 4589 3188 4651 videamus,
3208 4589 3475 4657 quomodo
3497 4599 3549 4644 et
3571 4589 3696 4645 hinc

2104 4686 2280 4755 justus
2308 4684 2520 4752 migrat.
2548 4682 2599 4738 9.
2626 4681 2692 4735 Et
2718 4682 2966 4745 discessit,
3014 4680 3201 4749 inquit,
3229 4680 3437 4743 Abram,
3461 4690 3507 4733 et
3527 4685 3698 4749 profe-

2109 4788 2218 4831 ctus
2257 4782 2637 4829 castrantetatus
2677 4781 2748 4827 est
2778 4772 2831 4825 in
2860 4772 3146 4825 solitudine.
3185 4770 3316 4824 Vide
3345 4771 3532 4825 iterum
3563 4771 3696 4824 reli-

2110 4869 2310 4938 giosam
2342 4866 2460 4933 ejus
2481 4872 2713 4918 mentem
2740 4872 2790 4917 et
2827 4862 3099 4932 sapientia:
3128 4862 3439 4915 studiosam.
3474 4860 3693 4926 lterum,

2112 4959 2320 5027 inquit,
2359 4956 2632 5022 discessit,
2679 4953 3171 5021 Castrametalusque
3204 4962 3275 5005 est
3304 4952 3355 5004 in
3402 4952 3695 5006 solitudine.

2112 5051 2286 5118 Quare
2312 5047 2457 5102 illinc
2495 5045 2783 5101 discessit?
2809 5042 2968 5097 Forte
3012 5043 3223 5096 videbat
3265 5042 3578 5110 quibusdam
3609 5042 3697 5095 in-

2112 5145 2246 5199 cidis
2276 5158 2379 5196 non
2410 5140 2623 5211 placere
2650 5152 2803 5192 suum
2834 5135 3116 5190 adventum
3150 5152 3163 5187 :
3198 5135 3417 5203 proinde
3445 5134 3697 5188 eximiam

2113 5251 2263 5290 Suam
2309 5230 2766 5287 mansuetudinem
2807 5228 3118 5289 declarans,
3150 5235 3203 5280 et
3240 5225 3507 5295 quomodo
3547 5235 3699 5277 tran-

2113 5329 2423 5398 quillitatem
2456 5326 2628 5394 magni
2658 5327 2871 5388 taceret,
2900 5337 2963 5377 ac
2990 5336 3056 5375 ne
3095 5336 3213 5374 cum
3246 5320 3351 5373 ullo
3370 5318 3568 5388 aliquid
3599 5318 3697 5371 ha-

2116 5422 2266 5476 beret
2294 5418 2513 5487 negotii,
2547 5416 2598 5469 in
2630 5414 2969 5470 solitudinem
2997 5427 3059 5466 se
3089 5411 3358 5465 transfert.
3386 5408 3659 5477 Profectus
3684 5452 3711 5477 ,π

2116 5513 2316 5581 inquit,
2346 5516 2724 5562 castrametatus
2752 5514 2823 5559 est
2848 5503 2899 5557 in
2933 5501 3222 5556 solitudine.
3248 5501 3436 5554 Aliena
3466 5501 3701 5555 dictione

2117 5624 2210 5661 usa
2232 5614 2313 5659 est
2332 5603 2510 5657 divina
2538 5600 2836 5667 Scriptura.
2853 5595 2984 5650 Nam
3001 5592 3449 5665 quemadmodum
3467 5594 3518 5646 in
3544 5592 3702 5646 bellis

2114 5700 2350 5753 solemus
2375 5694 2572 5757 dicere,
2602 5692 2672 5744 ita
2695 5699 2751 5743 et
2773 5688 2841 5743 de
2861 5687 3011 5756 justo
3041 5684 3126 5739 hic
3152 5684 3300 5746 dicit,
3325 5683 3464 5753 qttod
3493 5692 3699 5736 castra-

2117 5801 2343 5847 metatus
2396 5788 2498 5851 sit,
2545 5794 2602 5839 ut
2639 5780 2885 5840 ostendat
2919 5777 3224 5850 expeditum
3267 5776 3429 5831 fuisse
3474 5775 3701 5846 patriar-
