4062 6396
381 371 492 426 235

379 487 600 545 ἐναντία
637 487 761 552 ταῖς
801 486 1159 556 ὑποσχέσεσιν
1196 486 1339 559 ὁρῶν
1380 487 1516 551 τέως
1549 487 1870 542 ἐκϐαίνοντα
1903 487 1972 540 τά

379 574 688 642 πράγματα
725 572 753 624 0
795 571 1085 642 μακάριος,
1127 571 1228 624 οὐκ
1263 570 1576 642 ἐθορυϐεῖτο
1599 612 1614 636 ,
1652 571 1774 625 οὐδὲ
1797 572 1978 625 διετα-

385 655 633 727 ράττετο,
657 655 774 707 ἀλλ’
797 655 1056 724 ἀκίνητον
1080 649 1192 724 εἶχε
1227 655 1318 708 τὸν
1347 655 1630 726 λογισμὸν,
1671 655 1973 726 πεπεισμέ-

380 755 472 800 νος
514 738 596 791 ὅτι
635 738 700 809 δὴ
736 740 806 792 τά
844 737 998 808 παρά
1032 737 1128 790 τοῦ
1163 736 1298 790 Θεοῦ
1345 737 1494 805 ἅπαξ
1536 737 1686 809 αὐτῷ
1712 739 1979 808 ἐπαγγελ⁹

383 822 546 876 θέντα
571 822 764 892 βέϐαια
787 823 883 875 καὶ
904 822 1081 890 πάγια
1102 822 1382 892 τυγχάνει.
1419 822 1583 875 Ἀλλά
1614 822 1760 877 κατὰ
1779 823 1976 894 μικρὸν

383 907 604 960 ἅπαντα
636 904 1134 976 διερευνησώμεθα,
1168 905 1234 958 ἶν’
1272 904 1415 958 οὕτω
1455 905 1718 976 μάθωμεν
1753 907 1848 960 καὶ
1879 905 1975 960 τοῦ

382 989 590 1058 ἀγαθοῦ
641 987 777 1042 Θεοῦ
823 989 924 1062 τὴν
973 989 1282 1060 εὐμήχανον
1336 989 1548 1058 σοφίαν,
1593 991 1688 1042 καὶ
1739 989 1838 1060 τὴν
1877 1007 1975 1058 κη-

381 1073 745 1145 δεμονίαν,ἢν
781 1075 910 1146 περὶ
952 1072 1044 1126 τὸν
1079 1075 1286 1128 δίκαιον
1330 1073 1697 1138 ἐπεδείκνυτο,
1743 1073 1838 1126 καὶ
1881 1072 1974 1127 τοῦ

383 1159 729 1230 πατριάρχου
769 1158 831 1212 τὸ
879 1159 1102 1230 φίλτρον
1144 1160 1206 1212 10
1240 1159 1367 1230 mp}.
1405 1158 1495 1212 τὸν
1527 1159 1828 1229 Δεσπότην.
1866 1158 1976 1213 Καὶ

381 1241 576 1310 ὤφθη,
603 1242 757 1314 φησὶ,
779 1243 994 1312 Κύριος
1023 1245 1056 1296 ό
1085 1243 1230 1307 Θεὸς
1259 1241 1338 1306 τῷ
1372 1242 1618 1311 Ἀϐραμ.
1642 1241 1764 1305 Πῶς
1783 1241 1973 1311 ὤφθη;

395 1325 486 1388 Ὠς
519 1325 680 1390 αὐτὸς
720 1327 748 1378 0
785 1325 920 1388 Θεὸς
969 1325 1132 1395 μόνος
1172 1321 1302 1391 οἶδε,
1349 1325 1444 1378 καὶ
1486 1325 1561 1388 ὡς
1611 1326 1820 1388 ἐκεῖνος
1849 1325 1978 1378 ίδεῖν

383 1407 636 1478 ἠδύνατο.
663 1408 738 1460 Οὐ
760 1409 870 1479 γὰρ
891 1408 1222 1481 παύ[σ]ομαι
1251 1408 1410 1461 τοῦτο
1437 1408 1632 1476 λέγων,
1654 1409 1747 1460 τὸν
1769 1408 1824 1460 δὲ
1847 1408 1976 1479 τρό-

383 1509 487 1542 πον
508 1491 689 1558 ἀγνοῶ
706 1508 719 1521 ·
747 1490 932 1544 ἀκούω
951 1491 1008 1544 δὲ
1045 1491 1204 1562 μόνον
1225 1491 1322 1560 τῆς
1345 1491 1568 1562 Γραφῆς
1586 1490 1870 1562 λεγούσης,
1895 1492 1977 1544 ὅτι

385 1573 538 1646 [5191
579 1577 768 1644 Ὠφθη
794 1576 1010 1643 Κύριος
1032 1580 1064 1629 ό
1088 1578 1232 1641 Θεὸς
1257 1575 1338 1642 τῷ
1367 1577 1596 1645 Ἀὄραμ
1616 1618 1632 1641 ,
1671 1577 1772 1630 καὶ
1807 1573 1978 1631 εἶπεν

379 1655 564 1722 αὐτῷ·
607 1657 690 1724 Τῷ
709 1659 1010 1728 σπέρματί
1049 1674 1166 1713 σου
1193 1659 1366 1713 δώσω
1390 1659 1506 1726 τὴν
1543 1659 1659 1728 γῆν
1689 1661 1936 1728 ταύτην.

455 1737 727 1814 Ἀκριϐώς
751 1741 1119 1814 μνημονεύετε
1131 1742 1242 1795 τῶν
1264 1743 1417 1814 παρά
1449 1743 1545 1796 τοῦ
1574 1743 1707 1798 Θεοῦ
1746 1744 1978 1816 ὑποσχέ-

387 1841 528 1878 σεων
552 1825 875 1895 γινομένων,
903 1825 970 1878 ἵν’
987 1827 1116 1880 ὅταν
1137 1826 1288 1895 ἴδητε
1316 1825 1596 1899 διαφόροις
1621 1829 1976 1900 περιστάσεσι

381 1909 475 1960 τὸν
487 1908 694 1962 δίκαιον
708 1909 1131 1982 περιπίπτοντα,
1149 1909 1358 1978 μάθητε
1371 1911 1536 1964 αὐτοῦ
1550 1914 1648 1981 τῆς
1659 1911 1977 1980 φιλοσοφίας

382 1992 482 2062 τήν
499 1991 825 2064 ὑπερϐολὴν,
840 1994 934 2046 καὶ
954 1995 1050 2064 τῆς
1066 1993 1318 2063 ἀνδρείας
1335 1993 1396 2046 τὸ
1409 1995 1657 2067 στερρὸν,
1669 1995 1872 2050 καὶτοῦ
1887 2014 1981 2049 πε-

387 2075 440 2146 ρὶ
454 2076 546 2128 τὸν
561 2075 694 2128 Θεὸν
711 2076 938 2147 φίλτρου
955 2077 1015 2129 τὸ
1035 2075 1252 2146 βέϐαιον
1265 2077 1360 2130 καὶ
1380 2078 1654 2148 ἀκίνητον,
1680 2079 1774 2132 καὶ
1788 2081 1852 2133 ἐκ
1867 2079 1979 2132 τῶν

383 2159 462 2229 τῷ
483 2159 676 2230 δικαίῳ
689 2159 864 2230 τούτῳ
891 2160 1216 2231 συμϐάντων
1235 2161 1584 2232 παιδεύησθε,
1601 2163 1870 2235 μηδέποτε
1893 2181 1980 2218 νο-

388 2243 567 2313 μίζειν
599 2243 758 2315 ἔργον
779 2243 916 2298 Θεοῦ
946 2244 1388 2314 ἐγκαταλείψεως
1405 2240 1566 2308 εἶναι,
1589 2247 1686 2300 ἐπε
1696 2246 1808 2300 ιδάν
1830 2247 1977 2319 ἴδητέ

383 2343 508 2379 τινα
537 2327 646 2379 τῶν
670 2327 944 2398 ἐναρέτων
966 2330 1313 2398 πειρασμοῖς,
1347 2329 1380 2399 ῆ
1399 2329 1616 2400 ἑτέραις
1635 2333 1745 2383 τισὶ
1763 2330 1976 2400 θλίψεσι

387 2411 670 2483 βιωτικαῖς
688 2414 1154 2482 περιπεπτωκότα
1179 2430 1192 2444 ·
1224 2414 1338 2466 ἀλλ’
1367 2415 1677 2480 ἐννοοῦντες
1699 2415 1808 2468 τῶν
1833 2419 1978 2470 οἱκο-

384 2493 591 2564 νομιῶν
613 2493 707 2548 τοῦ
733 2494 872 2548 Θεοῦ
894 2497 956 2549 τὸ
981 2496 1261 2567 διάφορον,
1287 2499 1656 2570 παραχωρῆτε
1693 2499 1766 2552 τά
1799 2502 1978 2555 πάντα

385 2577 554 2631 αὐτοῦ
583 2581 652 2650 τῇ
693 2579 1064 2651 ἀκαταλήπτῳ
1099 2581 1344 2652 προνοίᾳ.
1383 2583 1448 2635 Εἰ
1493 2583 1600 2653 γὰρ
1631 2583 1726 2637 καὶ
1763 2583 1856 2636 τὸν
1896 2585 1978 2637 δί-

386 2678 541 2714 καιον
569 2661 755 2715 τοῦτον
787 2661 928 2716 οὕτω
959 2663 1204 2732 φιλόθεον
1233 2664 1388 2730 ὄντα,
1429 2665 1700 2736 τοσαύτην
1726 2667 1978 2739 ὑπακοὴν

386 2743 818 2814 ἐπιδειξάμενον,
875 2750 1152 2817 συγχωρεῖ
1203 2747 1462 2801 τοιούτων
1515 2750 1864 2821 πειραθῆναι,
1901 2745 1976 2805 ὧν

384 2827 586 2880 αὐτίκα
617 2827 763 2898 μάλα
795 2828 1026 2897 εἴσεσθε,
1053 2831 1172 2900 οὐχὶ
1206 2831 1478 2904 περιορῶν
1511 2833 1602 2886 τὸν
1624 2833 1790 2886 αὐτοῦ
1817 2835 1978 2907 θερά-

387 2931 582 2978 ποντα,
606 2913 743 2967 ἀλλά
770 2917 884 2977 τοῖς
910 2913 1089 2978 ἄλλοις
1113 2914 1287 2970 ἅπασι
1329 2915 1650 2988 βουλόμενος
1687 2921 1852 2974 αὐτοῦ
1875 2921 1976 2994 τὴν

385 2996 587 3068 ἀρετὴν
643 2997 946 3067 ἐκκαλύψαι
1003 2999 1120 3066 (καὶ
1170 2999 1279 3072 γάρ
1327 2999 1446 3063 ἔθος
1497 3002 1647 3074 αὐτῷ
1693 3003 1850 3058 τοῦτο
1889 3007 1975 3074 ἐφ’

383 3079 600 3151 ἑκάστῳ
635 3080 744 3136 τῶν
781 3080 1006 3135 δικαίων
1035 3083 1205 3136 ποιεῖν
1230 3099 1245 3112 ·
1277 3085 1372 3137 καὶ
1399 3083 1522 3137 ὅσοι
1552 3085 1682 3157 περὶ
1710 3088 1810 3159 τὴν
1847 3089 1978 3146 ἀνά-

381 3181 584 3234 γνωσιν
609 3163 717 3218 τῶν
745 3164 904 3218 θείων
937 3165 1170 3236 Γραφῶν
1189 3168 1313 3220 ἐστε
1339 3167 1660 3240 φιλότεχνοι,
1683 3169 1976 3241 δυνήσεσθε

382 3247 592 3301 ἀνωθεν
629 3248 726 3301 καὶ
745 3247 806 3313 ἐξ
827 3248 1000 3319 ἀρχῆς
1033 3251 1566 3320 καταμανθάνοντες,
1601 3253 1774 3316 οὕτως
1794 3255 1976 3325 εὑρεῖν

382 3331 548 3384 αὐτὸν
597 3331 987 3401 οίκονομοῦντα
1017 3332 1126 3386 τῶν
1162 3333 1326 3388 αὑτοῦ
1364 3334 1566 3388 δούλων
1601 3335 1700 3408 τὴν
1748 3336 1970 3408 ζωὴν),

382 3415 497 3478 πῶς
551 3415 654 3468 οὐκ
694 3415 761 3470 ἂν
791 3415 880 3486 εἴη
923 3416 1160 3488 ἐσχάτης
1205 3418 1600 3488 ἀγνωμοσύνης
1635 3421 1696 3472 τὸ
1731 3422 1973 3490 νομίζειν

383 3497 826 3568 ἐγκαταλείψεως
871 3493 1011 3553 εἶναι
1048 3501 1148 3572 τὴν
1189 3502 1461 3573 τοσαύτην
1501 3503 1868 3575 συγχώρησιν,
1909 3507 1972 3558 οὐ

382 3581 584 3652 πολλῆς
613 3581 670 3634 δὲ
703 3581 904 3652 μᾶλλον
931 3581 1280 3654 κηδεμονίας,
1312 3585 1524 3656 καὶτῆς
1544 3587 1752 3656 ἀφάτου
1784 3589 1972 3656 φιλαν-

381 3663 630 3736 θρωπίας
667 3665 825 3719 τοῦτο
855 3666 1111 3737 μέγιστον
1147 3668 1418 3723 ποιεῖσθαι
1457 3673 1712 3740 σημεῖον;
1746 3673 1972 3738 Δεικνῦς

380 3747 561 3802 τοίνυν
597 3748 696 3820 τὴν
727 3749 1170 3820 ὑπερϐάλλουσαν
1206 3751 1432 3824 δύναμιν
1465 3753 1652 3822 αὐτοῦ,
1681 3756 1776 3808 δύο
1799 3758 1971 3810 ταῦτα

383 3831 633 3885 ἐντεῦθεν
673 3834 1094 3899 κατασκευάζει,
1146 3838 1379 3892 καὶτῶν
1425 3837 1627 3893 δούλων
1678 3841 1842 3894 αὐτοῦ
1871 3843 1971 3916 τήν

381 3915 660 3988 ὑπομονὴν
681 3918 777 3970 καὶ⁸
797 3917 896 3989 τήν
922 3919 1172 3990 ἀνδρείαν
1195 3919 1368 3974 άπασι
1390 3922 1630 3995 φανερὰν
1655 3915 1967 3996 καθίστησι,

379 4001 476 4054 καὶ
506 4001 606 4072 τῆς
629 3999 884 4070 προνοίας
907 4001 1068 4055 αὐτοῦ
1090 4002 1151 4054 τὸ
1177 4003 1484 4075 εὐμήχανον
1505 4005 1600 4058 καὶ
1631 4007 1834 4076 μεταξύ
1861 4009 1970 4061 τῶν

380 4085 572 4137 δεινῶν
603 4083 804 4150 αὐτῶν,
841 4087 936 4138 καὶ
984 4085 1123 4155 μετά
1151 4087 1212 4139 τὸ
1234 4089 1654 4162 ἀπογνωσθῆναι
1685 4092 1870 4162 σχεδὸν
1899 4093 1968 4147 τὰ

380 4168 710 4238 πράγματα,
740 4167 860 4221 τότε
906 4169 1046 4238 πρὸς
1083 4168 1111 4220 ὃ
1143 4167 1392 4239 βούλεται
1433 4172 1782 4244 μεθίστησιν,
1816 4175 1969 4231 οὐδὲν

380 4251 489 4304 ὐπὸ
509 4253 612 4320 τῆς
639 4253 696 4304 ἐν
725 4252 876 4323 μέσῳ
896 4251 1180 4316 δυσκολίας
1209 4253 1508 4326 γενομένης
1521 4257 1963 4329 ἐμποδιζόμενος.

379 4336 490 4391 Καὶ
541 4334 730 4405 ὤφθη,
769 4337 923 4406 φησὶ,
975 4335 1196 4404 Κύριοι⁸
1241 4341 1276 4392 ό
1310 4339 1458 4406 Θεὸς
1482 4339 1564 4406 τῷ
1595 4343 1830 4412 Ἄϐραμ,
1867 4347 1966 4400 καί

379 4417 552 4474 εἶπεν
593 4419 755 4484 αὐτῷ
781 4437 796 4450 ο
837 4418 927 4484 Τῷ
958 4419 1258 4488 σπέρματί
1294 4436 1414 4476 σου
1463 4423 1636 4476 δώσω
1684 4424 1800 4493 τὴν
1849 4427 1968 4498 γῆν

379 4505 630 4570 ταύτην.
657 4501 884 4572 Μεγάλη
917 4503 951 4572 ή
991 4503 1304 4574 ὑπόσχεσις,
1345 4505 1440 4558 καὶ
1478 4506 1700 4579 ποθεινὴ
1733 4509 1966 4579 μάλιστα

379 4585 460 4656 τῷ
487 4585 704 4656 δικαίῳ.
741 4585 886 4639 Ἶστε
911 4587 1020 4658 γὰρ
1061 4586 1210 4649 ὃπως
1255 4591 1304 4640 οἱ
1352 4590 1409 4642 ἐν
1439 4591 1587 4662 γήρᾳ
1621 4592 1958 4660 φθάσαντες,

381 4669 621 4742 μάλιστα
637 4670 730 4723 καὶ
761 4672 819 4724 ἐν
850 4669 1078 4742 ἀπαιδίᾳ
1103 4671 1192 4724 τὸν
1209 4671 1426 4726 ἅπαντα
1449 4673 1726 4742 διάγοντες
1751 4679 1964 4748 χρόνον,

379 4753 713 4836 ἐπιθυμοῦσι
753 4754 980 4809 παίδων.
1013 4755 1126 4826 Τῆς
1156 4756 1405 4828 ὑπακοῆς
1447 4759 1628 4812 τοίνυν
1677 4762 1828 4834 αὐτῷ
1865 4765 1964 4836 τὴν

379 4835 616 4908 ἀμοιϐὴν
636 4836 812 4900 διδοὺς
835 4837 864 4889 0
887 4839 1184 4910 Δεσπότης,
1203 4843 1298 4892 καὶ
1324 4841 1406 4894 ὅτι
1434 4841 1694 4908 ἀκούσας,
1713 4835 1965 4912 Ἔξελθε

377 4919 450 4972 ἐκ
477 4917 590 4986 τῆς
624 4917 738 4989 τῆς
769 4936 907 4985 σου,
942 4921 1040 4990 οὐχ
1067 4922 1384 4992 ὑπερέθετο,
1429 4925 1529 4978 οὐκ
1567 4928 1962 5003 ἀνεϐάλ[λ]ετο,

378 5005 494 5058 ἀλλ’
523 5005 804 5075 ὑπήκουσε
832 5004 911 5076 τῷ
945 5007 1300 5076 ἐπιτάγματι,
1330 5009 1422 5063 καὶ
1468 5012 1548 5074 είς
1583 5011 1742 5084 ἔργον
1787 5017 1964 5088 ἤγαγε

375 5088 439 5140 τὸ
479 5089 839 5159 προσταχθὲν,
873 5088 1027 5159 φησί’
1065 5089 1150 5155 Τῷ
1171 5091 1476 5162 σπέρματί
1498 5109 1614 5150 σου
1650 5097 1822 5153 δώσω
1850 5101 1965 5170 τὴν

375 5170 498 5243 γῆν
521 5171 768 5239 ταύτην.

448 5274 518 5344 Υ.
534 5275 736 5328 Σκόπει
753 5273 870 5339 πῶς
884 5275 970 5330 διὰ
990 5275 1084 5331 τοῦ
1103 5279 1346 5351 ῥήματος
1363 5280 1659 5355 ἀνέστησεν
1677 5287 1842 5342 αὐτοῦ
1863 5291 1963 5359 τὴν

377 5359 640 5421 διάνοιαν,
672 5359 765 5411 καί¹
799 5359 1078 5430 ἀρκοῦσαν
1109 5362 1258 5434 αὐτῷ
1286 5364 1395 5419 τῶν
1424 5369 1688 5438 καμάτων
1717 5372 1962 5445 παρέσχε

372 5443 474 5513 τὴν
511 5441 798 5525 ἀντίδοσιν.
825 5443 925 5497 Διά
941 5461 1023 5497 τοι
1047 5445 1207 5499 τοῦτο
1231 5447 1323 5500 καὶ
1343 5450 1372 5502 0
1399 5449 1623 5518 δίκαιος,
1639 5452 1736 5525 τήν
1755 5441 1962 5511 οίκείαν

373 5523 800 5610 εὐγνωμοσύνην
839 5525 1313 5610 ἐπιδεικνύμενος,
1365 5533 1567 5599 εὐθέως
1603 5523 1703 5590 ἐπὶί
1741 5539 1962 5610 εὐχαρι-

375 5608 532 5660 στίαν
552 5607 834 5678 τρέπεται.
857 5607 966 5663 Καὶ
984 5612 1372 5681 ᾠκοδόμησεν
1394 5615 1537 5682 ἐκεῖ,
1567 5621 1722 5690 φησὶ,
1753 5607 1961 5676 θυσίαι

373 5692 632 5761 στήριω·
644 5691 725 5758 τῷ
745 5695 940 5762 Κυρίῳ
954 5694 1036 5761 τῷ
1059 5695 1301 5765 ὀφθέντι
1331 5699 1510 5765 αὐτῷ.
1541 5701 1685 5774 Ὅρα
1711 5703 1958 5772 φιλοθέου

373 5775 603 5846 γνώμης
633 5777 951 5848 τεκμήριον.
993 5779 1103 5832 Καὶ
1149 5779 1312 5834 αὐτὸν
1339 5781 1430 5836 τὸν
1457 5783 1639 5850 τόπον,
1696 5786 1824 5840 ἔνθα
1859 5790 1960 5859 τῆς

373 5859 594 5928 ὁμιλίας
657 5859 866 5932 ἠξιώθη
928 5862 1028 5934 τῆς
1083 5865 1233 5936 παρά
1298 5865 1392 5920 τοῦ
1437 5867 1609 5934 Θεοῦ,
1662 5871 1956 5944 ἀφιέρωσε,

1409 371 1478 428 ιΝ
1531 371 1686 430 CAP.
1728 371 1826 428 XII
1871 371 2116 430 GENES.
2157 375 2396 432 IIOSIIL.
2437 375 2647 432 XXXI}.

3559 374 3666 430 296

2089 491 2182 544 καὶ
2228 491 2328 562 τὴν
2376 491 2723 562 εὐχαριστίαν
2760 490 2858 560 τὴν
2899 489 3038 544 κατὰ
3069 489 3298 561 δύναμιν
3335 487 3672 555 ἐπεδείξατο.

2086 575 2256 628 Τοῦτο
2279 577 2388 646 γάρ
2433 578 2604 640 ἐστιν,
2647 576 3018 646 ’ῼκοδόμησε
3047 573 3506 642 θυσιαστήριον,
3551 575 3674 628 ἀντὶ

2083 659 2198 724 τοῦ,
2258 660 2654 732 εὐχαρίστησεν
2706 661 2846 730 ὑπὲρ
2889 659 3000 712 τῶν
3040 657 3508 726 ἐπαγγελθέντων.
3562 660 3674 712 Καὶ

2085 744 2334 816 καθάπερ
2367 743 2644 815 ἄνθρωποι
2697 744 2956 808 πολλάκις
2989 743 3094 796 ὑπὸ
3140 741 3366 814 φίλτρου
3413 741 3672 812 κινούμε-

2081 844 2184 890 νοι,
2216 827 2311 882 καὶ
2349 827 2524 890 οίκίας
2565 825 2961 898 οἰκοδομοῦσιν,
3006 825 3136 880 ἐνθα
3182 825 3248 880 ἂν
3294 828 3405 888 τοῖς
3436 824 3674 894 γνησίως

2084 911 2213 981 περὶ
2261 913 2458 974 αὐτοὺς
2497 909 2865 982 διακειμένοις
2915 909 3356 980 συντυγχάνωσι,
3415 907 3674 974 πολλάκις

2081 993 2138 1048 δὲ
2161 993 2347 1048 πολλοὶ
2375 996 2470 1049 καὶ
2487 993 2672 1057 πόλεις
2699 993 2956 1064 ἔστησαν,
2991 993 3086 1047 καὶ
3113 993 3213 1056 τὰς
3251 993 3617 1062 ἐπονομασίας
3645 1004 3673 1034 ι

2083 1079 2272 1142 αὐταῖς
2311 1077 2462 1150 [520]
2493 1080 2558 1130 ἐκ
2591 1077 2692 1146 τῆς
2728 1076 2838 1130 τῶν
2877 1075 3198 1146 ἐπιτηδείων
3241 1075 3528 1144 συντυχίας
3573 1076 3675 1126 ἐπ-

2082 1161 2308 1232 έθηκανο
2333 1163 2424 1214 τὸν
2450 1161 2611 1214 αὐτὸν
2629 1160 2694 1232 δὴ
2729 1159 2931 1232 τρόπον
2953 1160 3047 1214 καλ⁵
3069 1163 3098 1213 0
3115 1160 3321 1223 δίκαιος
3349 1153 3524 1224 οὗτος,
3546 1157 3676 1212 ἔνθα

2081 1246 2182 1315 τῆς
2205 1245 2472 1308 ὀπτασίας
2493 1246 2594 1316 τῆς
2621 1243 2718 1298 τοῦ
2741 1241 2876 1297 Θεοῦ
2892 1243 3119 1313 ἠξιώθη,
3135 1243 3195 1296 τὸ
3231 1243 3674 1310 Θι,·σιαστήριον

2082 1329 2442 1398 ᾠκοδόμησε
2463 1330 2661 1397 Κυρίῳ
2699 1328 2782 1394 τῷ
2801 1326 3042 1397 ὀφθέντι
3071 1325 3251 1392 αὐτῷ.
3284 1327 3380 1382 καὶ
3411 1327 3671 1391 ἀπέστη,

2085 1414 2272 1482 φησὶν,
2295 1412 2546 1468 ἐκεῖθεν.
2585 1412 2650 1465 Τί
2687 1413 2823 1478 ἐστι,
2861 1410 2970 1466 Καὶ
3005 1409 3242 1478 ἀπέστη
3274 1409 3539 1474 ἐκεῖθεν-ς
3587 1410 3674 1473 Ὠς

2085 1496 2382 1567 ἱερωμένου
2411 1496 2598 1550 λοιπὸν
2617 1494 2712 1550 τοῦ
2729 1495 2919 1560 τόπου,
2951 1495 3044 1548 καὶ
3059 1493 3139 1564 τῷ
3159 1493 3278 1564 Θεῷ
3297 1493 3671 1567 ἀνατεθέντος,

2084 1580 2432 1652 ἀνεχώρησεν
2455 1582 2686 1648 ἐκεῖθεν,
2727 1581 2822 1633 καὶ
2850 1579 3116 1650 μετῆλθεν
3139 1581 3218 1642 είς
3251 1578 3438 1650 ἕτερον
3475 1579 3671 1642 τόπον,

2085 1667 2268 1736 φησὶν,
2287 1669 2392 1732 Εἷς
2415 1665 2480 1718 τὸ
2502 1665 2640 1734 ὄρος
2655 1663 2806 1718 κατὰ
2830 1665 3130 1731 ἀνατολὰς
3147 1663 3366 1730 Βεθὴλ,
3385 1663 3483 1720 καὶ
3499 1664 3676 1731 ἑστη-

2085 1765 2198 1801 σεν
2219 1748 2348 1802 ἐκεῖ
2371 1747 2487 1816 τὴν
2513 1749 2758 1816 σκηνὴν
2780 1747 2968 1802 αὐτοῦ
2992 1764 3005 1778 ·
3029 1746 3474 1818 ἐσχεδιασμένην,
3516 1749 3671 1817 φησὶ,

2085 1831 2183 1901 τὴν
2204 1833 2416 1903 οἴκησιν
2441 1833 2755 1902 ἐποιήσατο.
2787 1832 2930 1904 Ὅρα
2963 1831 3080 1894 πῶς
3111 1827 3178 1902 ἦν
3206 1831 3517 1903 ἀπέριττος,
3557 1831 3675 1896 πῶς

2084 1911 2153 1987 ἦν
2185 1913 2439 1979 εὐζωνος,
2475 1915 2550 1978 ὡς
2595 1916 2732 1986 μετά
2759 1933 2818 1968 τε
2845 1915 3104 1983 γυναικὸς
3131 1917 3224 1968 καὶ
3248 1915 3473 1969 οίκετῶν
3501 1914 3674 1980 οὕτως

2085 2000 2322 2066 εὐκόλως
2355 1999 2797 2070 μετανίστασθαι.
2831 2000 3203 2053 Ἀκουέτωσαν
3234 1999 3446 2069 ἄνδρες,
3479 1999 3677 2053 ἀκουέ-

2083 2101 2264 2138 τωσαν
2293 2085 2564 2152 γυναῖκες.
2599 2085 2710 2138 Καὶ
2736 2082 2846 2156 γὰρ
2883 2083 3143 2146 πολλάκις
3175 2085 3254 2147 είς
3278 2083 3446 2155 ἀγρὸν
3475 2084 3675 2150 ἐξιέναι

2083 2167 2348 2238 δεόμενοι,
2397 2167 2598 2238 μυρίας
2645 2166 2968 2238 ἐπινοοῦμεν
3017 2168 3299 2238 μηχανὰς,
3355 2169 3451 2221 καὶ
3503 2167 3673 2222 πολλά

2084 2251 2179 2304 καὶ¹
2201 2251 2433 2321 διάφορα
2451 2249 2978 2321 πραγματευόμεθα,
3014 2251 3104 2304 διὰ
3136 2251 3196 2304 τὸ
3227 2250 3395 2304 πολλὰ
3417 2251 3676 2324 ἐπισύρεση

2086 2334 2250 2399 σθαι,
2298 2336 2394 2387 καὶ
2445 2334 2520 2405 μὴ
2549 2334 2650 2403 τῆς
2685 2334 2876 2405 χρείας
2907 2333 3150 2402 γίνεσθαι
3184 2335 3406 2406 μᾶλλον,
3439 2335 3577 2388 ἀλλά
3603 2335 3673 2390 τά

2085 2416 2316 2489 περιττὰ
2363 2418 2458 2470 καὶ
2503 2418 2760 2486 ἀνόνητα,
2805 2417 2901 2470 καὶ
2953 2418 3258 2486 φαντασίας
3299 2419 3486 2490 ἕνεκεν
3540 2421 3674 2490 ἡμῖν

2085 2487 2498 2571 ἐσπουδασμένα
2521 2541 2536 2564 ,
2581 2500 2754 2554 ταῦτα
2789 2501 2910 2571 μεθ’
2939 2501 3146 2555 ἐαυτῶν
3189 2502 3343 2570 ἄγειν
3385 2487 3484 2556 κᾶὶ
3517 2487 3674 2572 περι·

2085 2583 2256 2652 άγειν.
2305 2583 2444 2636 Ἀλλ’
2471 2585 2568 2654 οὐχ
2593 2586 2622 2636 ὁ
2661 2583 2871 2648 δίκαιος
2911 2577 3086 2647 οὗτος.
3140 2584 3303 2638 Ἀλλά
3329 2586 3410 2650 τί;
3453 2585 3671 2657 Ἐπειδὴ

2083 2667 2336 2734 ἀξιωθεὶς
2367 2669 2467 2740 τῆς
2494 2669 2645 2740 παρά
2673 2668 2770 2722 τοῦ
2804 2668 2940 2722 Θεοῦ
2969 2669 3206 2739 ὁμιλίας,
3244 2669 3336 2722 τὸν
3376 2670 3539 2723 τόπον
3569 2671 3672 2738 ἀφ-

2086 2753 2299 2822 ιέρωσε,
2329 2751 2422 2806 καὶ
2454 2752 2837 2822 θυσιαστήριον
2875 2751 3214 2824 ᾠκοδόμησε,
3252 2752 3488 2823 μετέστη
3536 2755 3672 2823 μετὰ

2083 2836 2267 2906 πάσης
2293 2834 2543 2899 εὐκολίας
2572 2835 2820 2907 ἑτέρωθι.
2835 2834 2946 2889 Καὶ
2961 2834 3230 2902 ἔστησεν
3243 2835 3374 2889 ἐκεῖ
3395 2837 3671 2904 τὴνσκη-

2082 2919 2204 2988 νην
2229 2919 2525 2982 αὐτοῦ,ἐν
2551 2918 2748 2985 Βεθὴλ
2783 2917 2934 2972 κατὰ
2967 2919 3312 2982 θάλασσαν,
3347 2921 3444 2973 καί
3478 2921 3670 2990 Ἄγγίή

2083 3002 2234 3056 κατὰ
2263 3000 2568 3068 ἀνατολάς
2588 3019 2602 3032 ·
2625 3001 2726 3055 καί
2766 3001 3118 3070 ᾠκοδόμησε
3141 3003 3317 3056 κάκεῖ
3337 3003 3670 3068 θυσιαστή-

2077 3102 2216 3153 ριον
2247 3083 2326 3150 τῷ
2353 3085 2570 3152 Κυρίῳ,
2605 3083 2702 3137 καὶ
2738 3085 3150 3138 ἐπεκαλέσατο
3175 3085 3272 3140 ἐπὶ
3314 3085 3396 3151 τῷ
3425 3089 3670 3155 ὀνόματι

2081 3169 2324 3236 Κυρίου.
2359 3169 2500 3240 Ὅρα
2532 3167 2649 3231 πῶς
2673 3167 2762 3220 διὰ
2801 3167 3020 3222 πάντων
3047 3167 3320 3222 δείκνυσιν
3347 3171 3538 3224 ἐαυτοῦ
3569 3175 3670 3240 τὴν

2083 3251 2330 3320 φιλόθεον
2355 3251 2604 3322 γνώμην.
2644 3251 2791 3304 Ἐκεῖ
2833 3253 2933 3322 μὲν
2963 3251 3074 3322 γάρ
3125 3252 3216 3306 διὰ
3245 3254 3343 3323 τὴν
3379 3255 3528 3328 παρά
3575 3258 3671 3310 τοῦ

2081 3335 2214 3388 Θεοῦ
2257 3336 2632 3407 γεγενημένην
2680 3337 2830 3407 αὐτῷ
2869 3337 3164 3409 ὑπόσχεσιν
3195 3338 3257 3392 τὺ
3290 3339 3669 3413 θυσιαστήριον

2080 3418 2424 3490 ᾠκοδόμησε,
2471 3421 2692 3475 καὶτὸν
2737 3421 2902 3476 τόπον
2947 3423 3263 3494 ἀφιερώσας
3295 3426 3668 3498 ἀνεχώρησεν.

2093 3501 2357 3555 Ἐνταῦθα
2379 3503 2436 3556 δὲ
2454 3503 2641 3576 ἐπειδὴ
2663 3505 2761 3574 τὴν
2793 3506 2999 3576 σκηνὴν
3024 3507 3284 3578 ἐπήξατο,
3306 3510 3466 3563 πάλιν
3503 3515 3668 3581 ’ῼκο-

2079 3582 2330 3654 δόμησε,
2377 3587 2544 3656 φησὶ,
2594 3588 3030 3656 θυσιαστήριον
3075 3589 3155 3656 τῷ
3183 3594 3398 3660 Κυρίῳ,
3429 3596 3524 3647 καὶ
3558 3595 3666 3648 ἐπ-

2078 3667 2412 3722 εκαλέσατο
2438 3670 2538 3724 ἐπὶ
2573 3669 2652 3736 τῷ
2682 3671 2927 3740 ὀνόματι
2963 3673 3208 3740 Κυρίου.
3254 3671 3410 3739 Εἶδες
3439 3679 3666 3750 γνώμην

2080 3753 2366 3824 φιλόσοφον
2383 3771 2396 3820 ;
2419 3750 2557 3818 εἶδες
2572 3755 2710 3828 ὅπερ
2735 3758 2963 3827 γράφων
2980 3759 3285 3830 παρῄνεσεν
3307 3764 3334 3814 0
3352 3761 3665 3834 θαυμαστὸς

2077 3835 2175 3906 τῆς
2191 3838 2337 3890 οίκου
2347 3837 2514 3909 μένης
2532 3839 2849 3904 διδάσκαλος
2866 3843 2893 3894 ό
2916 3844 3184 3914 μακάριος
3216 3845 3442 3910 Παῦλος,
3467 3849 3664 3916 λέγων·

2091 3919 2187 3972 Ἐν
2211 3921 2389 3975 παντί
2424 3925 2584 3990 τόπῳ
2608 3923 2969 3992 ἐπαίροντας
2999 3929 3212 3994 ὁσίους
3247 3927 3485 3998 χεῖρας(-
3509 3933 3668 3986 τοῦτο

2077 4004 2366 4076 προλαϐὼν
2384 4009 2411 4058 0
2433 4007 2780 4080 πατριάρχης
2805 4009 2892 4063 διά
2921 4009 3028 4062 τῶν
3061 4011 3237 4082 ἔργων
3255 3999 3517 4086 ἐπλήρου,
3540 4017 3662 4070 καθ’

2076 4091 2307 4145 ἕκαστον
2339 4093 2503 4146 τόπον
2527 4093 2913 4166 θυσιαστήριον
2946 4097 3264 4170 οἰκοδομῶν,
3313 4100 3405 4153 καὶ
3439 4100 3538 4164 τάς
3571 4103 3663 4154 εὐ-

2077 4176 2360 4244 χαριστίας
2403 4177 2692 4248 ἀναφέρων
2737 4179 2815 4250 τῷ
2859 4181 3137 4254 Δεσπότῃ;
3178 4183 3332 4255 ’ῌδει
3365 4185 3494 4256 γάρ,
3545 4187 3662 4259 ᾔδει

2077 4260 2283 4328 σαφῶς,
2315 4260 2390 4324 ὡς
2415 4262 2566 4315 οὐδὲν
2605 4263 2794 4334 ἕτερον
2823 4264 3074 4336 ἐπιζητεῖ
3105 4269 3254 4338 παρὰ
3305 4269 3404 4339 τῆς
3443 4271 3662 4342 ἀνθρω-

2077 4345 2238 4413 πίνης
2279 4343 2495 4414 φύσεως
2519 4348 2549 4399 0
2577 4347 2688 4399 τῶν
2715 4348 2851 4400 ὅλων
2883 4348 3016 4413 Θεὸς
3049 4351 3186 4420 μετά
3207 4352 3304 4416 τὰς
3333 4355 3535 4425 μυρίας
3565 4357 3660 4410 καὶ

2075 4430 2316 4499 ἀφάτους
2339 4431 2514 4494 ,αὐτοῦ
2549 4431 2872 4502 εὐεργεσίας
2893 4475 2906 4499 ,
2943 4433 3020 4497 ὡς
3050 4435 3369 4506 εὐχάριστον
3401 4439 3660 4511 γνώμην,

2074 4515 2170 4567 καὶ
2189 4513 2250 4566 τὸ
2271 4514 2469 4568 εἰδέναι
2494 4517 2653 4586 χάριν
2675 4517 2956 4587 ὁμολογεῖν
2977 4519 3118 4590 ὑπὲρ
3137 4521 3245 4574 τῶν
3268 4523 3378 4595 ὑπή
3389 4527 3656 4594 ργμένων.

2089 4597 2225 4653 Ἀλλ’
2262 4599 2458 4670 ἴδωμεν
2481 4600 2662 4664 πάλιν,
2695 4601 2812 4664 πῶς
2844 4603 2939 4655 καὶ
2961 4602 3210 4658 ἐντεῦθεν
3231 4607 3258 4660 0
3288 4606 3498 4671 δίκαιος
3530 4627 3661 4679 μετ-

2073 4683 2376 4738 ανίσταται.
2418 4683 2528 4736 Καὶ
2557 4683 2774 4752 ἀπῆρε,
2801 4686 2988 4756 φησὶν,
3019 4687 3266 4756 Ἀϐραμ,
3305 4691 3402 4742 καί
3439 4705 3656 4760 πορευ-

2073 4767 2197 4832 θείς
2249 4766 2802 4832 ἐστρατοπέδευσεν
2827 4770 2898 4822 ἐν
2927 4767 3004 4837 τῇ
3038 4771 3256 4840 ἐρήμῳ.
3297 4773 3439 4844 Ὅρα
3494 4777 3658 4831 πάλιν

2071 4849 2172 4920 τὴν
2201 4849 2445 4918 φιλόθεον
2483 4849 2650 4903 αὐτοῦ
2695 4850 2921 4923 γνώμην
2950 4854 3046 4906 καὶ
3081 4855 3180 4922 τὴν
3215 4855 3534 4926 φιλοσοφίαν
3559 4861 3658 4931 τὴν

2073 4934 2293 5005 πολλήν.
2347 4935 2554 4999 Πάλιν,
2607 4939 2810 5006 φησὶν,
2865 4938 3114 4992 ἐντεῦθεν
3165 4939 3500 5012 ἀνεχώρησε,
3561 4945 3658 4997 καὶ¹

2086 5017 2669 5086 Ἐστρατοπέδευσεν
2677 5021 2748 5073 ἐν
2763 5019 2839 5088 τῇ
2853 5021 3232 5091 ἐρήμῳ.Τίνος
3247 5025 3430 5078 ἕνεκεν
3443 5027 3656 5099 ἀπῆρεν

2073 5101 2283 5155 ἐκεῖθεν
2305 5119 2321 5168 ;
2363 5103 2522 5167 Ἴσως
2549 5102 2693 5174 ὀρῶν
2713 5120 2868 5168 τινας
2889 5107 3191 5176 οἰκητόρων
3214 5109 3314 5161 οὐκ
3347 5110 3654 5182 ἀρεσκομέ-

2072 5200 2195 5248 νους
2229 5184 2394 5238 αὐτοῦ
2419 5189 2487 5257 τῇ
2518 5187 2807 5259 παρουσίᾳ.
2839 5187 2940 5242 Διά
2969 5205 3050 5243 τοι
3069 5189 3230 5244 τοῦτο
3247 5191 3462 5256 δεικνὺς
3487 5194 3656 5247 αὑτοῦ

2069 5270 2170 5338 τῆς
2198 5269 2504 5340 πραότητος
2533 5269 2634 5340 τὴν
2663 5270 2991 5342 ὑπερϐολὴν,
3017 5275 3113 5326 καὶ
3141 5275 3286 5338 ὅπως
3308 5277 3438 5346 περὶ
3455 5277 3652 5330 πολλοῦ

2070 5353 2301 5404 ποιεῖται
2346 5352 2444 5422 τὴν
2485 5353 2717 5424 ἡσυχίαν
2759 5355 2856 5407 καὶ
2898 5355 2960 5408 τὸ
2997 5357 3133 5428 πρὸς
3179 5358 3384 5430 μηδένα
3421 5377 3474 5413 τι
3507 5361 3654 5430 ἔχειν

2070 5434 2268 5499 κοινὸν,
2304 5435 2404 5506 τὴν
2431 5436 2668 5509 ἐρημίαν
2707 5438 3132 5508 καταλαμϐάνει.
3171 5443 3284 5496 Καὶ
3315 5445 3650 5511 πορευθείς,

2069 5517 2254 5587 φησὶν,
2291 5516 2845 5586 ἐστρατοπέδευσεν
2867 5521 2938 5576 ἐν
2964 5523 3040 5592 τῇ
3066 5524 3284 5594 ἐρήμῳ.
3319 5523 3460 5598 Ξένῃ
3501 5527 3646 5592 λέξει

2069 5599 2340 5670 ἐχρήσατο
2389 5603 2422 5671 ή
2477 5602 2595 5656 θεία
2649 5605 2870 5676 Γραφήο
2925 5607 3178 5678 καθάπερ
3232 5611 3342 5679 γάρ
3399 5611 3493 5662 ἐπὶ
3537 5613 3652 5666 τῶν

2067 5682 2321 5753 πολέμων
2355 5684 2382 5724 ιι
2407 5685 2529 5750 ἔθος
2553 5689 2672 5740 ἐστὶ
2714 5688 2916 5758 λέγειν,
2962 5689 3105 5745 οὕτω
3131 5693 3224 5746 καὶ
3247 5693 3342 5748 νῦν
3373 5693 3526 5748 εἶπεν
3555 5695 3652 5750 ἐπὶ

2131 5766 2156 5834 ξ’
2181 5766 2316 5834 Upps
2343 5769 2527 5834 καὶτὰς
2553 5771 2834 5834 ἐπωνυμίας.

2129 5827 2279 5904 ξΔιίί
2301 5827 2730 5904 πολεμίων-ιει-είὸ
2767 5827 2948 5904 legisse
2971 5835 3167 5888 videtur
3202 5845 3342 5890 vetus
3381 5841 3648 5904 Inlerpres.

2071 5889 2196 5940 Infra
2217 5905 2344 5942 unus
2375 5889 2497 5958 δείξῃ
2521 5895 2576 5944 τὸ
2599 5896 2797 5952 εὖξωνον
2817 5889 2948 5962 (sic).
