4062 6396
335 326 439 381 297

330 442 421 495 τοῦ
451 443 680 510 δικαίου,
713 446 792 498 ὅτι
827 445 1316 515 ἐστρατοπέδευσε,
1354 446 1443 498 ἵνα
1477 446 1624 518 δείξῃ
1663 447 1722 498 τὸ
1767 446 1996 509 εὔζωνον

327 531 425 584 τοῦ
465 534 824 604 πατριάρχου,
857 535 939 586 ὅτι
967 532 1120 604 [521]
1154 533 1402 603 καθάπερ
1429 535 1478 584 οῖ
1515 532 1845 601 στρατιῶται
1877 534 1997 602 μετ’

330 622 585 684 εὐκολίας
610 622 703 674 νῦν
737 622 834 692 μὲν
863 620 1117 681 ἐνταῦθα,
1145 621 1239 674 νῦν
1261 621 1319 673 δὲ
1350 623 1528 673 ἐκεῖσε
1556 621 2008 691 στρατοπεδεύον-

329 725 420 762 ται
448 726 462 741 ·
499 709 640 762 οὕτω
668 709 730 780 δὴ
768 711 862 762 καὶ
889 711 916 762 6
951 707 1158 771 δίκαιος
1187 703 1359 770 οὗτος,
1407 707 1591 760 καίτοι
1623 709 1857 775 γυναῖκα
1889 709 2006 760 ἐπι-

332 798 658 867 φερόμενος,
704 798 796 850 καὶ
837 796 927 848 τὸν
970 793 1305 864 ἀδελφιδοῦν,
1346 795 1440 848 καὶ
1480 794 1751 847 τοσούτων
1781 794 2006 848 οἰκετῶν

329 883 552 954 πλῆθος,
588 883 726 954 μετά
755 884 995 946 πλείονος
1033 883 1134 952 τῆς
1169 883 1421 946 εὐκολίας
1446 881 1548 945 τὰς
1581 882 2005 952 μεταναστάσεις

329 970 582 1022 ἐποιεῖτο.
617 959 766 1033 Εἶδες
799 970 911 1040 βίον
938 971 996 1022 ἐν
1030 971 1176 1040 γήρᾳ
1213 970 1352 1040 μετά
1373 969 1631 1034 γυναικὸς
1658 970 1752 1022 καὶ
1779 967 2004 1021 οἰκετῶν

327 1056 595 1109 τοσούτων
631 1057 900 1121 εὐζωνονς
950 1058 1102 1126 Ἐμοὶ
1138 1057 1194 1109 δὲ
1225 1057 1504 1126 Θαυμάσαι
1557 1056 1736 1108 ἔπεισι
1770 1056 2006 1126 μάλιστα

329 1145 432 1212 τῆς
478 1145 734 1212 γυναικὸς
787 1145 885 1214 τὴν
939 1143 1208 1214 ἀνδρείαν.
1245 1145 1415 1196 Ὅταν
1460 1143 1567 1214 γὰρ
1615 1145 1852 1214 ἐννοήσω
1905 1143 2004 1214 τῆς

329 1232 542 1298 φύσεως
590 1232 687 1301 τῆς
717 1232 1033 1299 γυναικείας
1067 1230 1163 1300 τὴν
1194 1230 1477 1283 ἀσθένειαν
1503 1270 1518 1294 ,
1573 1231 1666 1282 καὶ
1700 1229 2002 1300 λογίσωμαι

328 1319 476 1380 ὅπως
509 1321 625 1390 μετ’
655 1318 904 1381 εὐκολίας
937 1319 1054 1388 άμα
1088 1317 1165 1388 τῷ
1199 1317 1392 1388 δικαίῳ
1439 1317 1538 1381 τὰς
1577 1317 2004 1388 μεταναστάσεις

328 1406 654 1468 ἐποίει,οὐτε
681 1407 818 1477 αὐτὴ
848 1405 1290 1476 δυσχεραίνουσα,
1319 1404 1443 1457 οὐτε
1461 1405 1539 1475 τῷ
1555 1405 1747 1475 δικαίῳ
1775 1404 2003 1474 κώλυμα

327 1494 608 1564 γινομένη,
643 1493 1032 1564 ἐκπλήττομαι,
1085 1492 1181 1546 καὶ
1213 1491 1497 1560 λογίζομαι
1539 1493 1618 1545 ὅτι
1653 1493 1753 1545 οὐκ
1783 1492 2003 1545 ἔλαττον

326 1581 420 1633 τοῦ
468 1582 678 1636 δικαίου
723 1583 818 1635 καὶ
869 1580 1007 1652 αὐτὴ
1061 1581 1316 1652 φρόνημα
1364 1580 1566 1651 ὑψηλὸν
1613 1581 1708 1633 καὶ
1763 1581 2004 1651 ἀνδρεῖον

328 1669 608 1738 ἐκέκτητο.
639 1670 744 1722 Καὶ
771 1668 928 1722 τοῦτο
951 1669 1182 1738 μάλιστα
1211 1669 1490 1738 εἰσόμεθα,
1520 1670 1763 1732 ἐπιόντες
1787 1670 1855 1722 τά
1878 1668 2004 1738 ἐξῆς

328 1755 437 1808 τῶν
467 1755 915 1824 ἀνεγνωσμένων.
951 1751 1102 1818 Εἶδες
1136 1757 1217 1808 δτι
1260 1756 1399 1826 μετὰ
1421 1755 1481 1808 τὸ
1507 1755 1759 1818 ἀκοῦσαι,
1795 1757 1878 1808 ὅτι
1919 1754 2004 1820 Τῷ

328 1845 626 1913 σπέρματί
677 1860 793 1898 σου
849 1844 1020 1898 δώσω
1074 1844 1188 1913 τὴν
1237 1844 1356 1912 γῆν
1417 1846 1682 1912 ταύτην,
1734 1844 1852 1908 πῶς
1904 1847 2002 1914 οὐχ

329 1933 602 2001 ἡσύχασεν
630 1933 659 1984 6
685 1932 908 1996 δίκαιος,
943 1934 1056 1986 ἀλλ’
1090 1933 1336 1986 ἐντεῦθεν
1367 1934 1482 1985 ἐκεῖ
1508 1946 1534 1972 ιι
1569 1933 1870 2002 μετέϐαινε,
1906 1935 2001 1986 καὶ

329 2019 488 2072 πάλιν
517 2019 726 2073 ἐκεῖθεν
750 2020 1005 2092 ἐτέρωθι;
1043 2021 1180 2074 Ἀλλ’
1211 2023 1314 2091 ὅρα
1347 2023 1441 2074 καὶ
1489 2022 1597 2074 ἀπὸ
1629 2022 1726 2092 τῆς
1765 2021 2000 2092 ἐρημίας

329 2107 488 2160 αὐτὸν
511 2107 671 2160 πάλιν
708 2108 1079 2179 ἐλαυνόμενον,
1107 2110 1206 2181 οὐχ
1238 2110 1342 2162 ὐπὸ
1389 2109 1713 2180 ἀνθρώπων,
1749 2109 1863 2162 ἀλλ’
1897 2109 2002 2162 ὑπὸ

326 2192 427 2260 τῆς
460 2194 703 2263 ἀνάγκης
737 2194 831 2248 τοῦ
880 2194 1060 2265 λιμοῦ.
1092 2197 1199 2250 Καὶ
1231 2195 1489 2264 ἐγένετο,
1523 2196 1676 2266 φησὶ,
1703 2195 1877 2264 λιμὸς
1901 2196 2001 2249 ἐπὶ

326 2277 438 2347 τῆς
463 2280 594 2350 γῆς.
643 2282 1012 2336 Ἀκουέτωσαν
1056 2283 1107 2335 οἱ
1151 2283 1336 2346 ἁπλῶς
1381 2285 1474 2336 καὶ
1523 2284 2002 2354 ἀπαραφυλάκτως

327 2369 712 2440 φθεγγόμενοι,
744 2371 836 2424 καὶ
857 2371 1248 2441 οἰωνιζόμενοι,
1281 2371 1376 2424 καί⁹
1395 2371 1662 2439 λέγοντες,
1697 2373 1778 2424 ὅτι
1811 2371 1999 2443 ἐπειδὴ

326 2458 355 2508 6
403 2455 548 2508 δεῖνα
600 2457 954 2528 παρεγένετο,
989 2458 1146 2528 λιμὸς
1178 2457 1394 2527 γέγονε,
1437 2459 1530 2511 καὶ
1572 2459 1758 2529 ἐπειδὴ
1797 2461 1824 2512 6
1851 2459 2001 2512 δεῖνα

324 2537 454 2613 ἦλθε
489 2543 605 2596 τόδε
632 2543 851 2613 συνέϐη.
888 2538 1018 2598 Ἰδοὺ
1051 2545 1144 2598 καὶ
1175 2545 1267 2597 ἐπὶ
1295 2544 1394 2614 τῆς
1427 2543 1518 2596 τοῦ
1545 2544 1757 2598 δικαίου
1791 2562 1997 2614 παρου-

327 2632 448 2695 σίας
469 2633 644 2704 λιμὸς,
673 2635 766 2686 καὶ
791 2633 945 2705 λιμὸς
974 2633 1142 2704 βαρὺς
1175 2634 1270 2688 καὶ
1300 2637 1360 2687 οὐ
1391 2634 1748 2704 θορυϐεῖταιὸ
1767 2633 1995 2697 δίκαιος,

323 2720 444 2772 οὐδέ
489 2721 686 2792 πάσχει
727 2739 780 2775 τι
817 2722 1190 2792 ἀνθρώπινον,
1242 2723 1338 2775 καὶ
1370 2725 1435 2793 τῇ
1483 2723 1679 2775 ἐαυτοῦ
1727 2722 2001 2794 παρουσίᾳ

323 2805 597 2874 λογίζεται
627 2807 721 2862 τοῦ
768 2808 929 2879 λιμοῦ
962 2810 1061 2880 τὴν
1110 2810 1310 2863 αἰτίαν.
1365 2811 1502 2864 Ἀλλ’
1545 2810 1733 2880 ἐπειδὴ
1771 2806 1876 2862 εἶδε
1903 2811 2002 2880 τὴν

325 2894 484 2962 φύσιν
516 2896 879 2969 ἐλεγχομένην
906 2897 956 2964 b,
977 2898 1072 2950 καὶ
1103 2898 1478 2969 ἐπεκράτησεν
1498 2901 1526 2951 6
1553 2898 1729 2968 λιμὸς,
1748 2898 1999 2964 Κατέϐη,

325 2984 480 3054 φησὶ,
518 2986 606 3048 εὶς
634 2985 940 3054 Αἴγυπτον
973 2986 1199 3054 Ἀϐραμ
1223 2985 1590 3054 παροικῆσαι
1611 2985 1752 3048 ἐκεῖ,
1789 2985 1878 3039 ὅτι
1907 2986 2002 3038 ἐν·

325 3071 586 3138 ίσχυσεν
613 3074 646 3125 ό
684 3071 861 3140 λιμὸς
889 3072 986 3125 ἐπὶ
1016 3073 1128 3140 τῆς
1155 3074 1288 3143 γῆς.

395 3157 457 3209 δ’.
510 3158 707 3210 Σκόπει
749 3158 866 3222 πῶς
900 3160 1216 3231 μακρότερα
1245 3161 1315 3215 τά
1360 3161 1663 3231 σκάμματα
1704 3160 1781 3232 τῷ
1809 3160 2002 3231 δικαίῳ

327 3245 556 3313 ἐγίνετο.
603 3245 881 3316 ᾩκονόμει
919 3248 1028 3318 γάρ
1068 3249 1096 3300 6
1145 3249 1420 3318 Δεσπότης
1453 3249 1528 3319 μὴ
1560 3250 1721 3319 μόνον
1751 3251 1865 3311 τοῖς
1900 3249 1999 3319 τὴν

328 3333 693 3404 Παλαιστίνην
723 3333 984 3396 οἰκοῦσιν,
1012 3334 1145 3388 ἀλλά
1171 3336 1266 3387 καὶ
1294 3337 1405 3398 τοῖς
1432 3336 1573 3389 κατά
1601 3336 1698 3405 τὴν
1728 3335 2000 3404 Αἴγυπτον

325 3419 642 3472 διδάσκαλον
685 3421 846 3474 αὐτὸν
902 3421 1176 3490 γενέσθαι,
1228 3423 1322 3475 καὶ
1367 3423 1429 3474 τὸ
1489 3422 1604 3491 φῶς
1651 3423 1754 3493 τῆς
1799 3424 2003 3486 οἰκείας

327 3507 529 3577 ἀρετῆς
558 3508 690 3560 πᾶσι
731 3508 1029 3578 κατάδηλον
1052 3510 1292 3579 ποιῆσαι.
1316 3509 1578 3580 Καθάπερ
1605 3510 1709 3580 γὰρ
1741 3511 2004 3582 φωστῆρά

327 3613 449 3648 τινα
498 3595 830 3650 λανθάνοντα
889 3598 984 3650 καὶ
1035 3597 1414 3668 κεκρυμμένον
1463 3599 1542 3660 εἰς
1572 3597 1668 3669 τὴν
1700 3597 2000 3660 Χαλδαίων,

329 3683 539 3738 ἐκεῖθεν
580 3685 896 3756 ἀνέστησεν,
935 3686 1022 3739 ἵνα
1053 3686 1182 3749 τοὺς
1225 3687 1282 3738 ἐν
1320 3686 1399 3756 τῷ
1435 3687 1615 3739 σκότει
1660 3687 1760 3757 τῆς
1795 3686 2004 3759 πλάνης

329 3772 674 3842 καθημένους
706 3774 1092 3845 χειραγωγήσῃ
1125 3774 1263 3845 πρὸς
1306 3773 1404 3846 τὴν
1429 3775 1528 3846 τῆς
1575 3775 1834 3845 ἀληθείας
1859 3775 1998 3829 ὁδόν.

342 3860 479 3912 Ἀλλ’
519 3861 648 3924 ἴσως
677 3861 819 3914 εἴποι
850 3879 934 3924 τις
960 3861 1054 3915 ἀν·
1089 3863 1200 3914 Καὶ
1228 3862 1371 3925 τίνος
1397 3861 1584 3914 ἐνεκεν
1612 3863 1671 3914 οὐ
1701 3863 1824 3926 τοὺς
1852 3864 1911 3914 ἐν
1933 3864 2001 3932 τῇ

329 3947 610 4000 Χαλδαίων
629 3947 781 4020 χώρᾳ
798 3947 1176 4019 παρεσκεύασε
1195 3949 1262 4002 δι’
1274 3949 1436 4002 αὐτοῦ
1457 3949 1594 4020 πρὸς
1609 3951 1708 4020 τὴν
1723 3950 2003 4003 εὐσέϐειαν

331 4034 669 4105 ἀναχθῆναι;
707 4036 866 4099 Εἰκὸς
905 4036 1004 4106 μέν
1043 4036 1158 4089 ἐστι
1191 4036 1285 4089 καὶ
1322 4037 1421 4107 τῆς
1466 4037 1690 4090 ἐκείνων
1731 4037 2005 4108 σωτηρίας

328 4122 395 4174 δι’
419 4121 619 4193 ἐτέρων
649 4123 902 4190 γενέσθαι
933 4125 1031 4194 τὴν
1066 4124 1320 4194 πρόνοιαν
1344 4141 1357 4154 ·
1391 4124 1540 4194 ὅμως
1566 4124 1622 4177 δὲ
1657 4123 1888 4178 ἄκουσον
1909 4125 2004 4178 τοῦ

235 4230 245 4242 ·
329 4209 568 4280 Χριστοῦ
601 4208 878 4277 λέγοντος,
905 4213 1026 4264 Οὐκ
1056 4210 1189 4266 ἔστι
1234 4211 1549 4281 προφήτης
1583 4212 1810 4282 ἄτιμος,
1841 4215 1895 4266 εὶ
1921 4212 2003 4282 μὴ

327 4295 399 4348 ἐν
426 4293 500 4364 τῇ
528 4295 648 4363 ἰδίᾳ
675 4297 933 4364 πατρίδι.
968 4299 1085 4350 Ἵνα
1111 4294 1204 4351 οὖν
1235 4299 1331 4370 τὴν
1367 4298 1702 4368 ἐπαγγελίαν
1739 4300 1818 4362 εἰς
1847 4299 2006 4370 ἔργον

329 4382 512 4453 ἀγάγῃ
536 4383 634 4454 τὴν
677 4382 866 4451 αὐτοῦ,
911 4385 977 4454 ἢν
1007 4385 1303 4455 ἐποιήσατο
1329 4385 1524 4455 λέγων,
1548 4387 1656 4440 Καὶ
1683 4387 2006 4456 μεγαλυνῶ

329 4471 394 4524 τὸ
456 4471 645 4541 ὄνομά
673 4486 852 4536 σου,
903 4471 990 4525 διὰ
1033 4473 1189 4525 τοῦτο
1229 4474 1322 4527 καὶ
1379 4475 1472 4528 τὸν
1530 4475 1687 4546 λιμὸν
1736 4478 2008 4546 συγχωρεῖ
2047 4507 2050 4510 ~

326 4560 602 4627 γενέσθαι,
628 4560 722 4614 καὶ
749 4559 838 4614 διά
857 4560 1048 4614 τούτου
1076 4561 1322 4632 ἀνάγκην
1358 4565 1438 4626 εἰς
1467 4563 1566 4635 τὴν
1601 4563 1876 4632 Αἴγυπτον
1907 4565 2006 4618 αὑ-

324 4649 416 4701 τὸν
443 4649 756 4718 ἀφικέσθαι,
789 4650 876 4702 ἵνα
904 4649 1114 4719 μάθωσι
1147 4651 1240 4704 καὶ
1263 4653 1310 4704 οἱ
1333 4651 1542 4715 αὐτόθι,
1572 4652 1669 4723 ὅση
1700 4652 1793 4706 τοῦ
1814 4653 2006 4724 ἀνδρός

327 4738 474 4788 ἐστιν
501 4739 534 4807 ὴ
568 4737 760 4807 ἀρετή.
813 4736 1081 4808 Καθάπερ
1128 4739 1237 4809 γάρ
1265 4755 1350 4802 τις
1401 4725 1591 4809 δήμιος
1636 4738 1811 4809 δεσμά
1847 4757 2002 4811 περι-

327 4822 526 4887 ϐαλὼν,
551 4823 725 4888 οὕτως
751 4825 948 4888 αὐτοὺς
963 4827 990 4878 6
1007 4825 1162 4895 λιμὸς
1181 4825 1290 4878 ἀπὸ
1310 4825 1404 4894 τῆς
1431 4825 1663 4895 ἐρημίας
1692 4825 2004 4896 ἀναστήσας

326 4910 422 4962 ἐπὶ
473 4911 570 4982 τὴν
623 4910 900 4980 Αἴγυπτον
946 4907 1128 4966 εἷλκεν
1175 4924 1222 4966 ο.
1282 4912 1422 4964 Ἀλλ’
1464 4911 1662 4982 ἴδωμεν
1711 4912 1896 4965 λοιπὸν
1934 4915 2004 4968 τὰ

329 4999 602 5061 ἐντεῦθεν,
629 5001 723 5052 καὶ
752 5002 852 5074 ὅσῃ
887 5002 1206 5072 περιστάσει
1246 5003 1274 5054 6
1309 5001 1516 5063 δίκαιος
1549 5001 1997 5072 περιπέπτωκεν,

325 5084 416 5138 ἵνα
441 5085 535 5138 καὶ
563 5083 726 5137 αὐτοῦ
756 5085 855 5155 τὴν
885 5085 1135 5154 ἀνδρείαν
1172 5085 1452 5154 μάθωμεν,
1482 5087 1578 5138 καὶ
1606 5085 1705 5154 τῆς
1740 5087 1999 5152 γυναικὸς

324 5167 423 5240 τὴν
458 5168 743 5238 φιλόσοφον
782 5167 1026 5238 γνώμην.
1065 5168 1280 5239 Ἐπειδὴ
1303 5169 1410 5238 γὰρ
1437 5168 1569 5220 πολὺ
1597 5168 1695 5237 τῆς
1718 5167 1835 5220 ὀδοῦ
1866 5185 2002 5237 προ-

323 5250 504 5322 ἦλθον,
537 5251 630 5303 καὶ
653 5247 908 5317 γεγόνασι
941 5249 1123 5302 λοιπὸν
1157 5251 1380 5319 πλησίον
1403 5251 1504 5320 τῆς
1526 5251 1820 5318 Αἰγύπτου,
1849 5250 1998 5321 [522]

323 5337 616 5406 ἐναγώνιος
641 5337 864 5405 γέγονεν
894 5339 921 5389 6
947 5337 1174 5401 δίκαιος,
1207 5339 1300 5391 καῖ⁹
1338 5340 1464 5410 περὶ
1487 5339 1677 5409 αὐτῆς,
1707 5339 1782 5402 ώς
1806 5341 1997 5406 εἰπεῖν,

321 5424 421 5484 τῆς
447 5421 593 5491 ζωῆς
622 5421 876 5484 δεδοικίος
907 5423 1002 5473 καὶ
1039 5423 1259 5490 τρέμων
1293 5421 1597 5489 διαλέγεται
1643 5425 1708 5492 τῇ
1758 5423 1996 5490 γυναικί.

334 5508 598 5576 Ἐγένετο
621 5508 751 5579 γὰρ,
779 5509 928 5578 φησὶ.
959 5509 1145 5575 ἡνίκα
1173 5509 1425 5577 ἤγγισεν
1447 5512 1669 5579 Ἀϐραμ
1701 5512 1998 5565 εἰσελθεῖν

325 5591 405 5653 εἰς
422 5591 744 5658 Αιγυπτον,
775 5589 904 5645 εἶπε
926 5592 1086 5659 Σάρςι
1110 5591 1184 5659 τῇ
1204 5595 1442 5660 γυναικὶ
1468 5597 1675 5650 αὐτοῦ·
1710 5597 1998 5651 Γινώσκω

322 5671 437 5739 ἐγὼ
461 5673 547 5724 ὅτι
576 5675 731 5742 γυνὴ
753 5676 1145 5742 εὐπρόσωπος
1163 5673 1235 5730 εἷ.
1258 5678 1465 5731 Ἔσται
1487 5675 1622 5743 οὖν,
1653 5678 1799 5732 ὅταν
1823 5679 1996 5734 Ζδωσί

383 5781 412 5808 ⁸
434 5782 568 5849 Fort.
615 5784 786 5832 ἐκεῖσε.
855 5781 882 5820 ι)
918 5787 1014 5842 Τὴν
1056 5786 1192 5847 φύσιν
1227 5787 1553 5849 ἐλεγχομένην,
1589 5795 1812 5838 naturam
1851 5787 1989 5839 devi-

322 5845 463 5908 ατψι,
489 5845 594 5908 siy_e
620 5849 929 5908 ρνοείναιονηε
955 5845 1262 5908 maritimam,
1297 5845 1406 5908 ηὗδε
1440 5845 1550 5896 ιιοη⁷
1579 5850 1776 5898 tulisset
1808 5853 1990 5899 fructus

327 5903 508 5950 solitos.
538 5903 881 5972 ..ἐλέγχειν
920 5906 1142 5972 lmc‘usq
1180 5903 1521 5972 frequ'cnlalur
1544 5912 1670 5972 apud
1703 5911 1990 5972 Chrysoslo-

329 5973 472 6010 mum.
541 5965 562 5992 ε
587 5965 683 6010 Alii
729 5967 958 6024 Αἴγυπτον
987 5967 1090 6014 τότε
1121 5965 1282 6026 βιαίως
1307 5971 1555 6029 μεθεῖλκεν.

1115 329 1174 384 S.
1215 329 1504 385 JOANNIS
1541 327 2030 385 CIIRYSOSTOMI
2057 327 2375 386 ARCHIEP.
2402 327 2945 387 CONSTANTINOP.

3671 320 3776 379 9.98

2120 464 2194 500 σε
2226 450 2279 500 οί
2297 446 2623 516 Αἰγύπτιοι,
2659 443 2926 514 ἐροῦσιν,
2957 441 3045 494 ὅτι
3073 442 3242 510 Γυνὴ
3268 441 3452 496 αὑτοῦ
3469 441 3619 509 αὕτη
3638 458 3652 471 ·
3678 450 3780 494 και

2109 530 2516 585 ἀποκτενοῦσί
2551 546 2648 599 με,
2687 528 2762 580 σὲ
2792 528 2859 580 δέ
2897 525 3410 594 περιποιήσω-ται.
3464 525 3608 578 Εἰπὲ
3639 521 3778 592 οὖν,

2109 613 2200 668 ὅτι
2239 612 2487 682 Ἁδελρὴ
2515 611 2700 664 αὐτοῦ
2723 613 2860 679 ειμι,
2889 609 3047 674 ὅπως
3069 604 3138 662 εὖ
3159 625 3261 676 μοι
3293 606 3531 675 γένηται
3559 607 3658 661 διὰ
3676 608 3774 670 σὲ,

2109 699 2204 753 καὶ
2241 697 2479 764 ζήσεται
2512 698 2551 764 ἡ
2590 695 2761 764 ψυχή
2803 712 2921 763 μου
2959 693 3169 745 ἕνεκεν
3195 691 3335 744 σοῦ.
3385 688 3536 754 Εἶδες
3565 693 3629 743 ἐκ
3666 693 3779 746 τῶν

2112 783 2373 853 ῥημάτων
2405 780 2484 842 εἰς
2509 780 2631 832 ὅσον
2663 776 2850 844 ἀγῶνα
2867 777 2960 828 καὶ
2982 774 3178 828 δειλίαν
3208 776 3237 828 6
3271 773 3475 836 δίκαιος
3505 776 3773 845 κατέστηο

2109 867 2204 918 καὶ
2233 862 2469 934 οὐδαμοῦ
2503 861 2594 914 τὸν
2622 859 2879 929 λογισμὸν
2911 860 3236 928 ἐταράττετο
3255 899 3270 922 ,
3315 859 3435 912 οὐδὲ
3461 859 3774 930 ἐθορυϐεῖτο

2105 948 2205 1018 τὴν
2253 945 2499 1014 γνώμην,
2553 943 2674 996 οὐδέ
2729 943 2925 994 ἐνενόει
2977 943 3072 994 καὶ
3120 943 3309 1010 ἑλεγε”
3346 943 3410 994 Τί
3439 942 3632 1008 τοῦτο;
3667 939 3776 1012 ἆρα

2106 1030 2643 1100 ἐγκατελείφθημεν;
2680 1024 2791 1098 ἆρα
2833 1026 3220 1096 ἠπατήθημενς
3261 1023 3370 1097 ἆρα
3428 1026 3502 1097 μὴ
3535 1028 3777 1096 ἐρήμους

2106 1117 2139 1185 ὴ
2149 1115 2255 1184 μᾶς
2286 1111 2545 1165 κατέλιπε
2565 1112 2663 1180 τῆς
2683 1109 2846 1162 αὐτοῦ
2869 1109 3124 1179 προνοίας
3150 1111 3178 1161 ὁ
3205 1109 3511 1178 Δεσπότης;
3537 1109 3565 1160 6
3585 1109 3774 1175 εἰπὼν,

2109 1193 2442 1266 Μεγαλυνῶ
2475 1211 2569 1258 σε,
2600 1194 2697 1247 καὶ
2732 1192 2811 1258 τῷ
2845 1192 3140 1261 σπέρματί
3173 1207 3290 1245 σου
3321 1191 3492 1246 δώσω
3523 1193 3638 1258 τὴν
3663 1191 3778 1262 γῆν

2109 1282 2354 1346 ταύτην,
2390 1276 2564 1341 οὕτως
2607 1279 2754 1348 ἡμᾶς
2780 1277 2970 1347 ἀφίησι
2997 1276 3092 1330 νῦν
3121 1277 3247 1346 περὶ
3277 1277 3383 1329 τῶν
3408 1276 3651 1346 ἐσχάτων
3677 1280 3775 1330 αῦ-

2103 1363 2216 1416 τῶν
2265 1364 2582 1427 δεδοικέναι,
2634 1363 2729 1415 καὶ
2778 1364 2855 1424 εἰς
2900 1360 3150 1431 προφανῆ
3185 1361 3427 1412 κίνδυνον
3475 1362 3773 1431 ἐμπεσεῖνς

2104 1446 2269 1499 Οὐδὲν
2288 1446 2491 1500 τούτων
2509 1447 2628 1500 οὐδὲ
2653 1448 2710 1498 ἐν
2739 1445 2945 1516 διανοίᾳ⁴
2969 1445 3152 1497 λαϐεῖν
3166 1446 3193 1496 6
3209 1443 3413 1507 δίκαιος
3433 1444 3770 1508 κατεδέξατο,

2104 1528 2217 1582 ἀλλ’
2248 1529 2366 1592 ἐνὸς
2399 1530 2494 1583 νῦν
2524 1529 2732 1597 ἐγίνετο
2765 1527 2958 1598 μόνου,
3002 1528 3150 1591 ὅπως
3181 1526 3381 1598 δυνηθῇ
3417 1529 3775 1598 σοφισάμενός

2103 1632 2223 1668 τινα
2265 1615 2533 1686 μηχανὴν,
2583 1615 2677 1666 καὶ
2724 1613 2816 1665 τοῦ
2860 1612 3019 1683 λιμοῦ
3051 1613 3406 1684 παραμυθίαν
3438 1614 3638 1684 εὐρεῖν,
3679 1616 3776 1667 καὶ

2102 1698 2209 1751 τῶν
2230 1699 2542 1767 Αἰγυπτίων
2575 1698 2672 1761 τὰς
2703 1698 2889 1767 χεῖρας
2918 1696 3216 1764 διαφυγεῖν.
3246 1695 3549 1759 Γινώσκω,
3586 1699 3773 1766 φησὶν,

2105 1781 2194 1834 ὅτι
2230 1781 2384 1850 γυνὴ
2409 1781 2804 1848 εὐπρόσωπος
2835 1775 2907 1832 εἷ.
2940 1780 3080 1850 Ὅρα
3110 1779 3248 1845 πόση
3286 1778 3386 1848 τῆς
3415 1781 3673 1847 γυναικὸς
3705 1776 3776 1850 ἦν

2104 1871 2136 1940 ή
2161 1870 2452 1939 εὐμορφία,
2482 1869 2563 1922 ὅτι
2587 1868 2682 1921 καὶ
2715 1869 2794 1930 εἰς
2825 1867 3000 1937 γῆρας
3027 1866 3204 1919 αὐτῶν
3233 1867 3540 1920 ἐλασάντων
3567 1867 3773 1929 λοιπὸν,

2105 1956 2196 2008 καὶ
2224 1957 2362 2024 μετά
2389 1955 2660 2008 τοσούτων
2687 1954 2825 2006 ἐτῶν
2852 1954 3086 2026 ἀριθμὸν
3105 1953 3185 2006 ἑτι
3205 1954 3396 2024 ἔμενεν
3426 1953 3774 2023 ἀκμάζουσα,

2103 2040 2194 2093 τοῦ
2218 2039 2444 2100 κάλλους
2466 2039 2564 2109 τὴν
2592 2037 2737 2110 ὥραν
2765 2037 2858 2090 ἐπὶ
2887 2037 2986 2108 τῆς
3015 2036 3189 2106 ὅψεως
3205 2038 3464 2109 φέρουσα,
3488 2039 3581 2088 καὶ
3603 2037 3776 2089 ταῦτα

2104 2124 2241 2194 μετά
2269 2123 2366 2193 τὴν
2398 2121 2666 2192 τοσαύτην
2693 2119 3066 2192 ταλαιπωρίαν
3097 2121 3189 2173 καὶ
3216 2119 3533 2190 κακουχίαν,
3551 2121 3617 2191 ἣν
3633 2125 3776 2173 κατά

2101 2208 2198 2270 τάς
2219 2207 2368 2269 ὁδοὺς
2392 2206 2659 2275 ὑπέμενεν
2675 2205 2782 2258 ἀπὸ
2805 2204 2985 2257 τόπων
2997 2205 3076 2268 εἰς
3092 2203 3289 2268 τόπους
3308 2204 3772 2275 μετανισταμένη,

2101 2292 2194 2344 καί⁵
2218 2289 2326 2342 ἀπὸ
2355 2287 2454 2358 μὲν
2485 2287 2585 2356 τῆς
2612 2286 2894 2339 Χαλδαίων
2933 2284 3115 2356 χώρας
3141 2288 3223 2348 είς
3253 2285 3352 2356 τὴν
3377 2285 3603 2357 Χαρρὰν
3639 2303 3774 2356 μετ-

2101 2373 2454 2442 ανισταμένη,
2511 2369 2764 2424 κάκεῖθεν
2810 2372 2889 2432 εἰς
2925 2369 3024 2440 τὴν
3055 2368 3296 2434 Χαναὰν,
3340 2371 3436 2422 καὶ
3481 2369 3645 2422 πάλιν
3687 2371 3776 2422 ἐν·

2099 2457 2290 2512 τεῦθεν
2310 2459 2427 2509 ἐκεῖ
2444 2457 2502 2508 ἐν
2529 2457 2595 2526 τῇ
2629 2454 2931 2525 Χαναναία,
2958 2453 3212 2506 κάκεῖθεν
3236 2446 3359 2518 ὧδε,
3383 2453 3476 2506 καὶ
3496 2453 3592 2507 νῦν
3611 2453 3776 2506 πάλιν

2101 2544 2180 2605 εἰς
2214 2539 2311 2611 τὴν
2340 2539 2632 2608 Αἴγυπτον.
2658 2537 2790 2590 Τίνα
2817 2532 2909 2591 οῦν
2941 2537 3041 2590 οὐκ
3073 2536 3138 2590 ἂν
3164 2537 3261 2590 καὶ
3289 2536 3397 2589 τῶν
3420 2536 3776 2608 σφριγώντων

2101 2623 2312 2697 ἀνδρῶν
2355 2625 2411 2676 αῖ
2460 2621 2601 2674 οὕτω
2641 2623 2883 2691 συνεχεῖς
2938 2619 3238 2690 ἀποδημίαι
3293 2620 3772 2692 κατειργάσαντο;

2115 2708 2252 2762 Ἀλλ’
2283 2710 2316 2778 ἡ
2340 2706 2617 2776 θαυμασία
2660 2704 2820 2774 αῦτη,
2861 2705 2954 2758 καὶ
2983 2703 3121 2774 μετὰ
3147 2703 3244 2776 τὴν
3271 2704 3540 2775 τοσαύτην
3582 2704 3776 2758 ταλαι-

2103 2793 2318 2864 πωρίαν
2348 2792 2428 2845 ἔτι
2459 2791 2750 2861 λάμπουσα
2777 2788 2854 2860 τῷ
2885 2790 2984 2861 τῆς
3034 2789 3208 2859 ὄψεως
3251 2789 3457 2855 κάλλει,
3508 2789 3642 2842 πολύ
3680 2791 3776 2842 καὶ

2103 2877 2332 2948 σφοδρὸν
2365 2875 2427 2928 τὸ
2463 2875 2580 2938 δέος
2624 2873 2858 2926 ἐνεποίει
2901 2873 2980 2943 τῷ
3037 2872 3270 2944 δικαίῳ⁶
3319 2873 3400 2926 διὸ
3441 2873 3535 2925 καί¹
3584 2872 3764 2940 ἔλεγε·

2101 2962 2386 3016 Ιίνώσκω
2417 2961 2552 3029 ἐγὼ,
2588 2958 2675 3010 ὅτι
2701 2957 2854 3027 γυνὴ
2887 2959 3279 3026 εὐπρόσωπος
3301 2953 3374 3010 εἷ.
3395 2959 3607 3011 Ἔσται
3637 2953 3774 3021 οὖν,

2099 3049 2180 3114 ὠς
2231 3046 2310 3100 ἂν
2353 3045 2525 3098 ἴδωσί
2554 3059 2628 3097 σε
2660 3046 2713 3095 οἱ
2743 3043 3051 3111 Αἰγύπτιοι
3077 3083 3092 3107 ,
3140 3042 3408 3108 ἐροῦσιν,
3460 3041 3551 3094 ὅτι
3601 3042 3774 3110 Γυνή

2099 3131 2286 3185 αὑτοῦ
2319 3130 2469 3197 αὕτη
2493 3145 2505 3158 ·
2548 3127 2645 3181 καὶ
2686 3125 3094 3179 ἀποκτενοῦσί
3118 3143 3226 3194 με,
3264 3127 3338 3178 σε
3364 3125 3431 3178 δὲ
3465 3125 3773 3192 περιποιή-

2101 3232 2335 3269 σονται.
2383 3214 2582 3266 Σκόπει
2622 3212 2740 3275 πῶς
2770 3210 2992 3282 ἐθάρρει
3036 3209 3112 3280 τῷ
3150 3212 3336 3280 τρόπῳ
3363 3210 3462 3278 τῆς
3491 3211 3772 3278 γυναικὸς,

2101 3300 2196 3354 καὶ
2222 3300 2321 3352 οὐκ
2343 3298 2513 3351 ἔδεισε
2537 3298 2612 3367 μή
2644 3312 2773 3348 ποτε
2803 3297 2916 3357 τοῖς
2945 3294 3189 3356 ἐπαίνοις
3214 3292 3490 3364 χαυνωθῇ,
3516 3292 3650 3345 ἀλλά
3680 3295 3779 3345 καὶ

2100 3383 2353 3454 τοιαύτην
2381 3383 2587 3449 εἰσάγει
2614 3379 2710 3450 τὴν
2747 3377 3058 3448 συμϐουλὴν
3087 3377 3279 3443 λέγων’
3315 3378 3431 3428 Ἵνα
3455 3377 3528 3448 μὴ
3555 3377 3656 3446 ἐμὲ
3675 3377 3775 3446 μὲν

2102 3466 2498 3527 ἀποκτείνωσι,
2553 3463 2612 3514 σέ
2663 3461 2719 3514 δέ
2768 3462 3272 3531 περιποιήσωνται,
3323 3459 3469 3511 Εἰπὲ
3505 3455 3654 3524 οὖν,
3687 3458 3780 3510 ὅτι

2103 3547 2357 3617 Ἀδελφὴ
2392 3547 2579 3600 αὐτοῦ
2612 3547 2750 3614 εἰμι,
2786 3543 2946 3609 ὅπως
2990 3542 3064 3596 ἂν
3110 3537 3179 3597 εὗ
3229 3560 3330 3612 μοι
3378 3541 3638 3611 γένηται,
3678 3542 3781 3594 καὶ

2107 3632 2343 3700 ζήσεται
2376 3632 2412 3698 ἡ
2435 3628 2604 3698 ψυχή
2628 3646 2746 3696 μου
2769 3627 2977 3680 ἕνεκεν
3008 3627 3143 3680 σοῦ.
3191 3625 3406 3694 Ἐπειδὴ
3435 3625 3495 3677 οὐ
3532 3624 3591 3678 τὸ
3619 3625 3780 3694 τυχὶν

2100 3711 2169 3787 ἦν
2202 3717 2338 3784 ὅπερ
2365 3713 2646 3775 ἐπέταττε,
2676 3710 2764 3764 διὰ
2785 3709 2941 3762 τοῦτο
2961 3709 3048 3763 διὰ
3075 3708 3182 3761 τῶν
3212 3707 3566 3778 ἐπαγομένων
3595 3709 3779 3777 ῥημά-

2102 3818 2209 3853 των
2245 3795 2647 3867 ἐφελκύσασυαι
2674 3794 2842 3864 αὐτὴν
2871 3793 3170 3865 ἠϐουλήθη,
3199 3793 3342 3845 ὥστε
3371 3793 3466 3846 καὶ
3495 3794 3573 3855 εἰς
3597 3788 3781 3844 οἰκτον

2103 3882 2270 3951 αὐτὴν
2293 3879 2624 3948 ἐπικάμψαι,
2656 3879 2750 3930 καὶ
2771 3879 2952 3930 πεῖσαι
2983 3877 3120 3948 μετά
3149 3876 3453 3948 προθυμίας
3483 3876 3781 3947 ὑποκρίνα-

2106 3964 2229 4018 σθαι
2255 3963 2317 4016 τδ
2346 3963 2549 4034 δρᾶμα.
2577 3963 2793 4014 Ἔσται
2815 3956 2950 4026 οὖν,
2983 3962 3167 4031 φησὶν,
3199 3961 3281 4026 ώς
3312 3959 3390 4013 ἂν
3422 3959 3596 4014 ῑδωσι
3625 3977 3701 4014 σε
3723 3963 3780 4013 οί

2095 4050 2424 4118 Αἰγύπτιοι,
2484 4045 2752 4116 ἐροῦσιν,
2803 4045 2893 4099 ὅτι
2950 4044 3122 4113 Γυνὴ
3171 4044 3360 4099 αὐτοῦ
3413 4045 3566 4112 αὕτη
3597 4063 3610 4077 ·
3678 4047 3780 4100 καί

2105 4132 2516 4193 ἀποκτενοῦσί
2557 4149 2654 4201 με,
2686 4132 2761 4184 σὲ
2802 4130 2871 4183 δὲ
2903 4129 3414 4198 περιποιήσω-ται.
3464 4131 3580 4184 Οὐκ
3622 4125 3778 4194 εἷπε,

2104 4217 2173 4268 Σέ
2215 4215 2636 4286 καθυϐρίσουσι·
2667 4213 2806 4277 τέως
2856 4213 2917 4267 οὐ
2956 4212 3203 4284 βούλεται
3235 4215 3404 4284 αὐτὴν
3435 4213 3782 4284 καταπλῆξαι

2102 4298 2189 4351 διὰ
2217 4298 2324 4350 τῶν
2346 4298 2630 4368 ῥημάτων,
2655 4296 2829 4360 ἄλλως
2856 4314 2918 4362 τε
2945 4298 3038 4350 καὶ
3063 4296 3298 4350 δέδοικεν
3316 4297 3456 4369 ὑπὲρ
3481 4299 3581 4368 τῆς
3608 4301 3783 4366 ἐπαγ-

2102 4382 2288 4451 γελίας
2320 4382 2416 4434 τοῦ
2445 4380 2600 4434 Θεοῦ.
2637 4380 2737 4433 Διά
2758 4380 2918 4432 τοῦτό
2943 4398 3097 4451 φησι,
3135 4380 3212 4433 Σὲ
3247 4380 3316 4432 δὲ
3348 4382 3780 4450 περιποιήσω-ο

2103 4484 2216 4521 ται.
2243 4463 2392 4520 Εἰπὲ
2424 4460 2558 4528 οὖν,
2592 4465 2682 4517 ὅτι
2717 4463 2966 4533 Ἀδελερὴ
3000 4464 3184 4518 αὐτοῦ
3208 4466 3344 4532 εἰμι.
3382 4465 3580 4517 Ἐννόει
3606 4482 3697 4533 μοι
3722 4468 3780 4518 ἐν

2101 4551 2192 4622 οἵᾳ
2238 4549 2568 4602 καταστάσει
2616 4548 2906 4622 τυγχάνειν
2955 4548 3102 4610 εἰκὸς
3157 4543 3226 4618 ἦν
3282 4547 3374 4600 τοῦ
3420 4547 3632 4601 δικαίου
3681 4551 3779 4619 τὴν

2102 4634 2364 4696 διάνοιαν,
2413 4631 2562 4704 [525]
2606 4632 2770 4703 ἡνίκα
2815 4631 2987 4686 ταῦτα
3035 4632 3385 4686 συνεϐούλευε
3417 4637 3482 4704 τῇ
3528 4635 3773 4701 γυναικί.

2106 4719 2249 4770 Ἴστε
2282 4716 2414 4787 γάρ,
2449 4716 2560 4768 ἴστε
2596 4715 2712 4778 πῶς
2742 4716 2895 4768 οὐδὲν
2947 4716 3136 4770 τούτου
3168 4715 3468 4789 βαρύτερόν
3513 4720 3632 4770 ἐστι
3661 4721 3776 4781 τοῖς

2101 4799 2381 4870 ἀνδράσιν,
2409 4801 2487 4862 εἰς
2511 4798 2571 4852 τό
2605 4798 2707 4852 κᾶν
2741 4801 2820 4862 εἰς
2857 4800 3090 4870 ὑποψίαν
3114 4803 3372 4871 τοιαύτην
3404 4803 3502 4872 τὴν
3529 4803 3776 4872 γαμετὴν

2101 4884 2294 4938 ἐλθεῖν.
2341 4882 2400 4936 '0
2425 4883 2609 4954 μέντοι
2635 4883 2842 4946 δίκαιος
2864 4885 2958 4936 καὶ
2988 4883 3282 4948 σπουδάζει
3303 4886 3396 4938 καὶ
3414 4886 3593 4939 πάντα
3609 4890 3774 4949 ποιεῖ,

2100 4967 2239 5020 ὥστε
2275 4969 2356 5030 εἰς
2383 4966 2543 5036 ἔργον
2579 4965 2675 5036 τὴν
2711 4966 2955 5036 μοιχείαν
2977 4967 3228 5035 ἐκϐῆναι.
3271 4967 3431 5020 Ἀλλά
3463 4969 3538 5038 μὴ
3564 4970 3772 5032 ἁπλῶς,

2099 5051 2371 5120 ἀγαπητὲ,
2404 5048 2753 5120 καταψηφίσῃ
2785 5049 2880 5101 τοῦ
2907 5049 3137 5112 δικαίου,
3182 5049 3318 5102 ἀλλά
3352 5051 3446 5104 καὶ
3474 5054 3542 5104 ἐκ
3575 5052 3767 5105 τούτου

2103 5134 2337 5202 μάλιστα
2372 5132 2654 5202 κατάμαθε
2702 5131 2865 5183 αὐτοῦ
2895 5133 2991 5186 καὶ
3035 5132 3132 5204 τὴν
3173 5133 3386 5186 σύνεσιν
3417 5134 3514 5205 τὴν
3569 5135 3774 5206 πολλὴν

2099 5220 2192 5271 καὶ
2222 5218 2320 5288 τὴν
2350 5216 2602 5286 ἀνδρείαν
2623 5232 2636 5245 ·
2668 5217 2768 5285 τὴν
2808 5215 3058 5286 ἀνδρείαν
3091 5217 3210 5286 μὲν,
3237 5217 3318 5269 δτι
3343 5216 3484 5271 οὕτω
3508 5220 3776 5285 γενναίως

2099 5304 2311 5372 ἀντεῖχε
2342 5301 2436 5353 καὶ
2467 5299 2812 5371 περιεγένετο
2841 5299 2938 5368 τῆς
2961 5299 3068 5351 τῶν
3090 5299 3364 5370 λογισμῶν
3389 5303 3657 5372 ταραχῆς,
3697 5304 3775 5366 ώς

2100 5387 2194 5440 καὶ
2242 5384 2467 5437 τοιαῦτα
2501 5381 2920 5452 συμϐουλεῦσαι.
2958 5382 3078 5435 Ὀτι
3119 5383 3226 5453 γὰρ
3251 5382 3399 5435 οὐδέν
3437 5386 3550 5436 ἐστι
3581 5386 3774 5438 τούτου

2098 5469 2517 5540 ἀφορητότερον,
2545 5466 2708 5519 άκουε
2734 5463 2827 5516 τοῦ
2857 5464 3197 5534 Σολομῶντος
3227 5465 3474 5532 λέγοντος
3493 5485 3506 5498 ’
3537 5471 3774 5534 Μεστὸς

2098 5555 2207 5623 γὰρ
2229 5551 2410 5617 ζήλου
2428 5547 2615 5616 θυμὸς
2631 5546 2850 5616 ἀνδρὸς
2866 5545 3056 5616 αὐτῆς
3073 5564 3085 5577 '
3108 5549 3180 5601 οὐ
3203 5549 3474 5616 φείσεται
3498 5550 3568 5601 ἐν
3585 5549 3774 5617 ἡμέρᾳ

2097 5639 2375 5706 κρίσεως,
2417 5633 2558 5688 οὐδὲ
2608 5631 3048 5693 ἀνταλλάξεται
3103 5631 3352 5686 πολλῶν
3397 5633 3602 5702 δώρων
3657 5635 3776 5702 τὴν

2097 5721 2319 5790 ἔχθραν
2343 5736 2356 5748 ·
2385 5718 2479 5771 καὶ
2505 5717 2686 5771 πάλινο
2719 5714 2987 5783 Σκληρός
3009 5715 3089 5780 ὠς
3121 5715 3270 5782 ᾅδης
3289 5715 3485 5784 ζῆλος.

2173 5809 2233 5856 ε’.
2261 5801 2505 5870 Ὀρῶμεν
2521 5799 2576 5852 δὲ
2597 5799 2938 5863 πολλοὺς,ὅτι
2955 5799 3033 5860 εἰς
3051 5799 3320 5869 τοσαύτην
3339 5801 3534 5869 μανίαν
3550 5801 3775 5870 ἑξηκον-

2097 5885 2380 5952 τίσθησαν,
2401 5882 2474 5945 ὡς
2506 5881 2639 5952 μηδέ
2661 5879 2838 5932 αὐτῶν
2855 5878 3142 5947 φείσασθαι
3171 5880 3282 5931 τῶν
3310 5881 3604 5948 γυναικῶν,
3635 5883 3772 5938 ἀλλὰ

2101 5969 2193 6020 καὶ
2222 5967 2383 6019 αὐτὸν
2419 5965 2507 6018 τὸν
2542 5963 2725 6035 μοιχὸν
2747 5961 3006 6026 πολλάκις
3037 5965 3486 6035 συγκατέσφαξαν
3513 5966 3606 6022 καὶ
3638 5969 3769 6021 ἐαυ-
