  <div class='ocr_page' id='page_1' title='image "/cluster/home/n/w/nwhite01/storage/ocr_20150623/53/nnc1.0046978453/296.png"; bbox 0 0 4062 6396; ppageno 0'>
   <div class='ocr_carea' id='block_1_1' title="bbox 353 352 460 405">
    <p class='ocr_par' dir='ltr' id='par_1_1' title="bbox 353 352 460 405">
     <span class='ocr_line' id='line_1_1' title="bbox 353 352 460 405; baseline -0.009 0"><span class='ocrx_word' id='word_1_1' title='bbox 353 352 460 405; x_wconf 78' lang='grc'><strong>297</strong></span> 
     </span>
    </p>
   </div>
   <div class='ocr_carea' id='block_1_2' title="bbox 352 446 1942 530">
    <p class='ocr_par' dir='ltr' id='par_1_2' title="bbox 352 446 1942 530">
     <span class='ocr_line' id='line_1_2' title="bbox 352 446 1942 530; baseline 0.003 -16"><span class='ocrx_word' id='word_1_2' title='bbox 352 463 534 528; x_wconf 80' lang='lat' dir='ltr'><strong>chain,</strong></span> <span class='ocrx_word' id='word_1_3' title='bbox 563 462 701 515; x_wconf 89' lang='lat' dir='ltr'><strong>sicut</strong></span> <span class='ocrx_word' id='word_1_4' title='bbox 723 460 919 516; x_wconf 86' lang='lat' dir='ltr'><strong>milites</strong></span> <span class='ocrx_word' id='word_1_5' title='bbox 945 460 1037 528; x_wconf 81' lang='lat' dir='ltr'><strong>qui</strong></span> <span class='ocrx_word' id='word_1_6' title='bbox 1080 459 1234 516; x_wconf 82' lang='lat' dir='ltr'><strong>facile</strong></span> <span class='ocrx_word' id='word_1_7' title='bbox 1283 446 1423 516; x_wconf 90' lang='lat' dir='ltr'><strong>nunc</strong></span> <span class='ocrx_word' id='word_1_8' title='bbox 1465 465 1567 517; x_wconf 92' lang='lat' dir='ltr'><strong>huc</strong></span> <span class='ocrx_word' id='word_1_9' title='bbox 1589 504 1606 530; x_wconf 94' lang='lat'><strong>,</strong></span> <span class='ocrx_word' id='word_1_10' title='bbox 1631 479 1772 518; x_wconf 89' lang='lat' dir='ltr'><strong>nunc</strong></span> <span class='ocrx_word' id='word_1_11' title='bbox 1816 464 1942 520; x_wconf 92' lang='lat' dir='ltr'><strong>illuc</strong></span> 
     </span>
    </p>
   </div>
   <div class='ocr_carea' id='block_1_3' title="bbox 351 552 1943 623">
    <p class='ocr_par' dir='ltr' id='par_1_3' title="bbox 351 552 1943 623">
     <span class='ocr_line' id='line_1_3' title="bbox 351 552 1943 623; baseline 0.003 -19"><span class='ocrx_word' id='word_1_12' title='bbox 351 561 530 605; x_wconf 86' lang='lat' dir='ltr'><strong>castra</strong></span> <span class='ocrx_word' id='word_1_13' title='bbox 561 563 779 607; x_wconf 89' lang='lat' dir='ltr'><strong>movent</strong></span> <span class='ocrx_word' id='word_1_14' title='bbox 807 571 822 606; x_wconf 90' lang='lat'>:</span> <span class='ocrx_word' id='word_1_15' title='bbox 855 553 926 607; x_wconf 83' lang='lat' dir='ltr'><strong>ita</strong></span> <span class='ocrx_word' id='word_1_16' title='bbox 954 563 1007 607; x_wconf 91' lang='lat' dir='ltr'><strong>et</strong></span> <span class='ocrx_word' id='word_1_17' title='bbox 1029 552 1204 622; x_wconf 90' lang='lat' dir='ltr'><strong>justus</strong></span> <span class='ocrx_word' id='word_1_18' title='bbox 1229 553 1338 619; x_wconf 90' lang='lat' dir='ltr'><strong>ille,</strong></span> <span class='ocrx_word' id='word_1_19' title='bbox 1370 556 1610 623; x_wconf 79' lang='lat' dir='ltr'><strong>quamvis</strong></span> <span class='ocrx_word' id='word_1_20' title='bbox 1639 571 1817 609; x_wconf 89' lang='lat' dir='ltr'><strong>secum</strong></span> <span class='ocrx_word' id='word_1_21' title='bbox 1845 555 1943 609; x_wconf 75' lang='lat' dir='ltr'><strong>dit--</strong></span> 
     </span>
    </p>
   </div>
   <div class='ocr_carea' id='block_1_4' title="bbox 350 642 1940 708">
    <p class='ocr_par' dir='ltr' id='par_1_4' title="bbox 350 642 1940 708">
     <span class='ocr_line' id='line_1_4' title="bbox 350 642 1940 708; baseline 0.003 -14"><span class='ocrx_word' id='word_1_22' title='bbox 350 651 500 695; x_wconf 87' lang='lat' dir='ltr'><strong>ceret</strong></span> <span class='ocrx_word' id='word_1_23' title='bbox 527 657 774 706; x_wconf 89' lang='lat' dir='ltr'><strong>uxorem,</strong></span> <span class='ocrx_word' id='word_1_24' title='bbox 802 651 857 698; x_wconf 88' lang='lat' dir='ltr'><strong>et</strong></span> <span class='ocrx_word' id='word_1_25' title='bbox 885 643 1062 696; x_wconf 80' lang='lat' dir='ltr'><strong>fratris</strong></span> <span class='ocrx_word' id='word_1_26' title='bbox 1088 642 1279 708; x_wconf 85' lang='lat' dir='ltr'><strong>lilium,</strong></span> <span class='ocrx_word' id='word_1_27' title='bbox 1306 652 1362 697; x_wconf 90' lang='lat' dir='ltr'><strong>et</strong></span> <span class='ocrx_word' id='word_1_28' title='bbox 1391 653 1592 697; x_wconf 89' lang='lat' dir='ltr'><strong>tantum</strong></span> <span class='ocrx_word' id='word_1_29' title='bbox 1619 644 1940 699; x_wconf 88' lang='lat' dir='ltr'><strong>domestico-</strong></span> 
     </span>
    </p>
   </div>
   <div class='ocr_carea' id='block_1_5' title="bbox 329 733 1944 806">
    <p class='ocr_par' dir='ltr' id='par_1_5' title="bbox 329 733 1944 806">
     <span class='ocr_line' id='line_1_5' title="bbox 329 733 1944 806; baseline 0.004 -21"><span class='ocrx_word' id='word_1_30' title='bbox 329 749 474 806; x_wconf 37' lang='lat' dir='ltr'><strong>‘rum</strong></span> <span class='ocrx_word' id='word_1_31' title='bbox 499 747 782 787; x_wconf 84' lang='lat' dir='ltr'><strong>numerum</strong></span> <span class='ocrx_word' id='word_1_32' title='bbox 811 750 825 799; x_wconf 93' lang='lat'><strong>;</strong></span> <span class='ocrx_word' id='word_1_33' title='bbox 854 733 1044 803; x_wconf 82' lang='lat' dir='ltr'><strong>majori</strong></span> <span class='ocrx_word' id='word_1_34' title='bbox 1071 744 1245 788; x_wconf 87' lang='lat' dir='ltr'><strong>tamen</strong></span> <span class='ocrx_word' id='word_1_35' title='bbox 1273 734 1525 790; x_wconf 76' lang='lat' dir='ltr'><strong>facilitate</strong></span> <span class='ocrx_word' id='word_1_36' title='bbox 1551 739 1775 806; x_wconf 86' lang='lat' dir='ltr'><strong>migrare</strong></span> <span class='ocrx_word' id='word_1_37' title='bbox 1803 739 1944 791; x_wconf 88' lang='lat' dir='ltr'><strong>sole-</strong></span> 
     </span>
    </p>
   </div>
   <div class='ocr_carea' id='block_1_6' title="bbox 349 821 1940 894">
    <p class='ocr_par' dir='ltr' id='par_1_6' title="bbox 349 821 1940 894">
     <span class='ocr_line' id='line_1_6' title="bbox 349 821 1940 894; baseline 0.004 -18"><span class='ocrx_word' id='word_1_38' title='bbox 349 821 464 877; x_wconf 91' lang='lat' dir='ltr'><strong>bat.</strong></span> <span class='ocrx_word' id='word_1_39' title='bbox 493 823 684 878; x_wconf 81' lang='lat' dir='ltr'><strong>Vidisti</strong></span> <span class='ocrx_word' id='word_1_40' title='bbox 711 823 969 893; x_wconf 86' lang='lat' dir='ltr'><strong>frugalem</strong></span> <span class='ocrx_word' id='word_1_41' title='bbox 987 836 1045 878; x_wconf 88' lang='lat' dir='ltr'><strong>et</strong></span> <span class='ocrx_word' id='word_1_42' title='bbox 1063 826 1363 894; x_wconf 83' lang='lat' dir='ltr'><strong>expeditam</strong></span> <span class='ocrx_word' id='word_1_43' title='bbox 1389 827 1532 880; x_wconf 89' lang='lat' dir='ltr'><strong>senis</strong></span> <span class='ocrx_word' id='word_1_44' title='bbox 1557 843 1676 880; x_wconf 88' lang='lat' dir='ltr'><strong>cum</strong></span> <span class='ocrx_word' id='word_1_45' title='bbox 1704 843 1866 882; x_wconf 81' lang='lat' dir='ltr'><strong>uxore</strong></span> <span class='ocrx_word' id='word_1_46' title='bbox 1887 839 1940 882; x_wconf 91' lang='lat' dir='ltr'><strong>ct</strong></span> 
     </span>
    </p>
   </div>
   <div class='ocr_carea' id='block_1_7' title="bbox 342 916 1940 975">
    <p class='ocr_par' dir='ltr' id='par_1_7' title="bbox 342 916 1940 975">
     <span class='ocr_line' id='line_1_7' title="bbox 342 916 1940 975; baseline 0.005 -9"><span class='ocrx_word' id='word_1_47' title='bbox 342 924 430 967; x_wconf 75' lang='lat' dir='ltr'><strong>tot</strong></span> <span class='ocrx_word' id='word_1_48' title='bbox 459 918 631 969; x_wconf 90' lang='lat' dir='ltr'><strong>servis</strong></span> <span class='ocrx_word' id='word_1_49' title='bbox 659 916 860 970; x_wconf 85' lang='lat' dir='ltr'><strong>vitam?</strong></span> <span class='ocrx_word' id='word_1_50' title='bbox 883 917 1005 970; x_wconf 84' lang='lat' dir='ltr'><strong>Mihi</strong></span> <span class='ocrx_word' id='word_1_51' title='bbox 1035 932 1164 971; x_wconf 85' lang='lat' dir='ltr'><strong>vero</strong></span> <span class='ocrx_word' id='word_1_52' title='bbox 1191 918 1481 972; x_wconf 84' lang='lat' dir='ltr'><strong>mirabilior</strong></span> <span class='ocrx_word' id='word_1_53' title='bbox 1523 919 1728 972; x_wconf 86' lang='lat' dir='ltr'><strong>videtur</strong></span> <span class='ocrx_word' id='word_1_54' title='bbox 1755 922 1940 975; x_wconf 89' lang='lat' dir='ltr'><strong>mulie-</strong></span> 
     </span>
    </p>
   </div>
   <div class='ocr_carea' id='block_1_8' title="bbox 348 1008 1935 1078">
    <p class='ocr_par' dir='ltr' id='par_1_8' title="bbox 348 1008 1935 1078">
     <span class='ocr_line' id='line_1_8' title="bbox 348 1008 1935 1078; baseline 0.006 -20"><span class='ocrx_word' id='word_1_55' title='bbox 348 1009 426 1060; x_wconf 93' lang='lat' dir='ltr'><strong>ris</strong></span> <span class='ocrx_word' id='word_1_56' title='bbox 454 1008 728 1062; x_wconf 81' lang='lat' dir='ltr'><strong>fortitudo.</strong></span> <span class='ocrx_word' id='word_1_57' title='bbox 759 1010 892 1063; x_wconf 91' lang='lat' dir='ltr'><strong>Cum</strong></span> <span class='ocrx_word' id='word_1_58' title='bbox 927 1010 1068 1064; x_wconf 90' lang='lat' dir='ltr'><strong>enim</strong></span> <span class='ocrx_word' id='word_1_59' title='bbox 1097 1010 1272 1078; x_wconf 86' lang='lat' dir='ltr'><strong>cogito</strong></span> <span class='ocrx_word' id='word_1_60' title='bbox 1301 1011 1572 1065; x_wconf 88' lang='lat' dir='ltr'><strong>muliebris</strong></span> <span class='ocrx_word' id='word_1_61' title='bbox 1605 1027 1763 1066; x_wconf 89' lang='lat' dir='ltr'><strong>sexus</strong></span> <span class='ocrx_word' id='word_1_62' title='bbox 1789 1013 1935 1067; x_wconf 56' lang='lat' dir='ltr'><strong>iniit.</strong></span> 
     </span>
    </p>
   </div>
   <div class='ocr_carea' id='block_1_9' title="bbox 344 1091 1937 1168">
    <p class='ocr_par' dir='ltr' id='par_1_9' title="bbox 344 1091 1937 1168">
     <span class='ocr_line' id='line_1_9' title="bbox 344 1091 1937 1168; baseline 0.004 -17"><span class='ocrx_word' id='word_1_63' title='bbox 344 1099 617 1164; x_wconf 80' lang='lat' dir='ltr'><strong>mitatem,</strong></span> <span class='ocrx_word' id='word_1_64' title='bbox 645 1108 697 1152; x_wconf 91' lang='lat' dir='ltr'><strong>et</strong></span> <span class='ocrx_word' id='word_1_65' title='bbox 725 1091 1092 1154; x_wconf 84' lang='lat' dir='ltr'><strong>animadverto</strong></span> <span class='ocrx_word' id='word_1_66' title='bbox 1117 1100 1381 1168; x_wconf 89' lang='lat' dir='ltr'><strong>quomodo</strong></span> <span class='ocrx_word' id='word_1_67' title='bbox 1404 1110 1509 1154; x_wconf 87' lang='lat' dir='ltr'><strong>tam</strong></span> <span class='ocrx_word' id='word_1_68' title='bbox 1532 1101 1682 1155; x_wconf 88' lang='lat' dir='ltr'><strong>facile</strong></span> <span class='ocrx_word' id='word_1_69' title='bbox 1708 1113 1760 1155; x_wconf 91' lang='lat' dir='ltr'><strong>et</strong></span> <span class='ocrx_word' id='word_1_70' title='bbox 1795 1113 1937 1157; x_wconf 89' lang='lat' dir='ltr'><strong>tanta</strong></span> 
     </span>
    </p>
   </div>
   <div class='ocr_carea' id='block_1_10' title="bbox 346 1191 1934 1262">
    <p class='ocr_par' dir='ltr' id='par_1_10' title="bbox 346 1191 1934 1262">
     <span class='ocr_line' id='line_1_10' title="bbox 346 1191 1934 1262; baseline 0.003 -19"><span class='ocrx_word' id='word_1_71' title='bbox 346 1191 630 1246; x_wconf 82' lang='lat' dir='ltr'><strong>alacritate</strong></span> <span class='ocrx_word' id='word_1_72' title='bbox 658 1206 778 1244; x_wconf 92' lang='lat' dir='ltr'><strong>cum</strong></span> <span class='ocrx_word' id='word_1_73' title='bbox 797 1191 941 1260; x_wconf 87' lang='lat' dir='ltr'><strong>justo</strong></span> <span class='ocrx_word' id='word_1_74' title='bbox 967 1206 1188 1261; x_wconf 78' lang='lat' dir='ltr'><strong>peregre</strong></span> <span class='ocrx_word' id='word_1_75' title='bbox 1215 1191 1376 1256; x_wconf 84' lang='lat' dir='ltr'><strong>vadit,</strong></span> <span class='ocrx_word' id='word_1_76' title='bbox 1395 1203 1448 1248; x_wconf 90' lang='lat' dir='ltr'><strong>et</strong></span> <span class='ocrx_word' id='word_1_77' title='bbox 1475 1192 1698 1246; x_wconf 86' lang='lat' dir='ltr'><strong>subinde</strong></span> <span class='ocrx_word' id='word_1_78' title='bbox 1723 1194 1934 1262; x_wconf 84' lang='lat' dir='ltr'><strong>migrat,</strong></span> 
     </span>
    </p>
   </div>
   <div class='ocr_carea' id='block_1_11' title="bbox 347 1283 1934 1354">
    <p class='ocr_par' dir='ltr' id='par_1_11' title="bbox 347 1283 1934 1354">
     <span class='ocr_line' id='line_1_11' title="bbox 347 1283 1934 1354; baseline 0.004 -21"><span class='ocrx_word' id='word_1_79' title='bbox 347 1297 524 1351; x_wconf 90' lang='lat' dir='ltr'><strong>neque</strong></span> <span class='ocrx_word' id='word_1_80' title='bbox 555 1285 668 1351; x_wconf 90' lang='lat' dir='ltr'><strong>ipsa</strong></span> <span class='ocrx_word' id='word_1_81' title='bbox 709 1284 934 1338; x_wconf 78' lang='lat' dir='ltr'><strong>moleste</strong></span> <span class='ocrx_word' id='word_1_82' title='bbox 963 1283 1098 1350; x_wconf 86' lang='lat' dir='ltr'><strong>fert,</strong></span> <span class='ocrx_word' id='word_1_83' title='bbox 1129 1299 1303 1353; x_wconf 91' lang='lat' dir='ltr'><strong>neque</strong></span> <span class='ocrx_word' id='word_1_84' title='bbox 1325 1285 1472 1353; x_wconf 86' lang='lat' dir='ltr'><strong>justo</strong></span> <span class='ocrx_word' id='word_1_85' title='bbox 1502 1286 1934 1354; x_wconf 73' lang='lat' dir='ltr'><strong>impedimentum</strong></span> 
     </span>
    </p>
   </div>
   <div class='ocr_carea' id='block_1_12' title="bbox 340 1371 1935 1446">
    <p class='ocr_par' dir='ltr' id='par_1_12' title="bbox 340 1371 1935 1446">
     <span class='ocr_line' id='line_1_12' title="bbox 340 1371 1935 1446; baseline 0.004 -22"><span class='ocrx_word' id='word_1_86' title='bbox 340 1371 518 1436; x_wconf 32' lang='lat' dir='ltr'><strong>‘aiTert,</strong></span> <span class='ocrx_word' id='word_1_87' title='bbox 546 1374 887 1442; x_wconf 89' lang='lat' dir='ltr'><strong>obstupesco,</strong></span> <span class='ocrx_word' id='word_1_88' title='bbox 918 1383 972 1426; x_wconf 90' lang='lat' dir='ltr'><strong>et</strong></span> <span class='ocrx_word' id='word_1_89' title='bbox 995 1389 1191 1428; x_wconf 88' lang='lat' dir='ltr'><strong>censeo</strong></span> <span class='ocrx_word' id='word_1_90' title='bbox 1217 1389 1322 1428; x_wconf 90' lang='lat' dir='ltr'><strong>non</strong></span> <span class='ocrx_word' id='word_1_91' title='bbox 1345 1376 1534 1429; x_wconf 91' lang='lat' dir='ltr'><strong>minori</strong></span> <span class='ocrx_word' id='word_1_92' title='bbox 1559 1392 1713 1446; x_wconf 86' lang='lat' dir='ltr'><strong>quam</strong></span> <span class='ocrx_word' id='word_1_93' title='bbox 1741 1378 1935 1430; x_wconf 83' lang='lat' dir='ltr'><strong>Abram</strong></span> 
     </span>
    </p>
   </div>
   <div class='ocr_carea' id='block_1_13' title="bbox 345 1463 1932 1536">
    <p class='ocr_par' dir='ltr' id='par_1_13' title="bbox 345 1463 1932 1536">
     <span class='ocr_line' id='line_1_13' title="bbox 345 1463 1932 1536; baseline 0.003 -21"><span class='ocrx_word' id='word_1_94' title='bbox 345 1464 530 1516; x_wconf 89' lang='lat' dir='ltr'><strong>animo</strong></span> <span class='ocrx_word' id='word_1_95' title='bbox 564 1474 619 1518; x_wconf 92' lang='lat' dir='ltr'><strong>et</strong></span> <span class='ocrx_word' id='word_1_96' title='bbox 654 1463 966 1520; x_wconf 79' lang='lat' dir='ltr'><strong>fortitudine</strong></span> <span class='ocrx_word' id='word_1_97' title='bbox 996 1466 1163 1534; x_wconf 88' lang='lat' dir='ltr'><strong>ipsam</strong></span> <span class='ocrx_word' id='word_1_98' title='bbox 1208 1481 1418 1536; x_wconf 87' lang='lat' dir='ltr'><strong>quoque</strong></span> <span class='ocrx_word' id='word_1_99' title='bbox 1443 1467 1716 1536; x_wconf 77' lang='lat' dir='ltr'><strong>przeditam</strong></span> <span class='ocrx_word' id='word_1_100' title='bbox 1749 1466 1932 1523; x_wconf 84' lang='lat' dir='ltr'><strong>fuisse.</strong></span> 
     </span>
    </p>
   </div>
   <div class='ocr_carea' id='block_1_14' title="bbox 347 1554 1937 1627">
    <p class='ocr_par' dir='ltr' id='par_1_14' title="bbox 347 1554 1937 1627">
     <span class='ocr_line' id='line_1_14' title="bbox 347 1554 1937 1627; baseline 0.003 -19"><span class='ocrx_word' id='word_1_101' title='bbox 347 1555 412 1608; x_wconf 66' lang='lat' dir='ltr'><strong>Iit</strong></span> <span class='ocrx_word' id='word_1_102' title='bbox 443 1554 546 1608; x_wconf 90' lang='lat' dir='ltr'><strong>hoc</strong></span> <span class='ocrx_word' id='word_1_103' title='bbox 590 1556 826 1610; x_wconf 80' lang='lat' dir='ltr'><strong>maxime</strong></span> <span class='ocrx_word' id='word_1_104' title='bbox 855 1557 1084 1610; x_wconf 87' lang='lat' dir='ltr'><strong>sciemus</strong></span> <span class='ocrx_word' id='word_1_105' title='bbox 1109 1597 1122 1622; x_wconf 92' lang='lat'><strong>,</strong></span> <span class='ocrx_word' id='word_1_106' title='bbox 1153 1570 1274 1610; x_wconf 93' lang='lat' dir='ltr'><strong>cum</strong></span> <span class='ocrx_word' id='word_1_107' title='bbox 1305 1572 1366 1610; x_wconf 90' lang='lat' dir='ltr'><strong>ea</strong></span> <span class='ocrx_word' id='word_1_108' title='bbox 1396 1573 1513 1626; x_wconf 70' lang='lat' dir='ltr'><strong>qua:</strong></span> <span class='ocrx_word' id='word_1_109' title='bbox 1551 1568 1937 1627; x_wconf 80' lang='lat' dir='ltr'><strong>consequenter</strong></span> 
     </span>
    </p>
   </div>
   <div class='ocr_carea' id='block_1_15' title="bbox 345 1645 1932 1717">
    <p class='ocr_par' dir='ltr' id='par_1_15' title="bbox 345 1645 1932 1717">
     <span class='ocr_line' id='line_1_15' title="bbox 345 1645 1932 1717; baseline 0.003 -19"><span class='ocrx_word' id='word_1_110' title='bbox 345 1645 483 1698; x_wconf 90' lang='lat' dir='ltr'><strong>lecta</strong></span> <span class='ocrx_word' id='word_1_111' title='bbox 531 1655 656 1699; x_wconf 91' lang='lat' dir='ltr'><strong>sunt</strong></span> <span class='ocrx_word' id='word_1_112' title='bbox 686 1648 1206 1716; x_wconf 87' lang='lat' dir='ltr'><strong>pertractaverimus.</strong></span> <span class='ocrx_word' id='word_1_113' title='bbox 1243 1646 1427 1701; x_wconf 86' lang='lat' dir='ltr'><strong>Vidisti</strong></span> <span class='ocrx_word' id='word_1_114' title='bbox 1469 1659 1742 1717; x_wconf 85' lang='lat' dir='ltr'><strong>postquam</strong></span> <span class='ocrx_word' id='word_1_115' title='bbox 1781 1651 1932 1703; x_wconf 87' lang='lat' dir='ltr'><strong>audi-</strong></span> 
     </span>
    </p>
   </div>
   <div class='ocr_carea' id='block_1_16' title="bbox 335 1739 1933 1812">
    <p class='ocr_par' dir='ltr' id='par_1_16' title="bbox 335 1739 1933 1812">
     <span class='ocr_line' id='line_1_16' title="bbox 335 1739 1933 1812; baseline 0.003 -20"><span class='ocrx_word' id='word_1_116' title='bbox 335 1740 442 1804; x_wconf 78' lang='lat' dir='ltr'><strong>‘vit,</strong></span> <span class='ocrx_word' id='word_1_117' title='bbox 473 1739 667 1792; x_wconf 86' lang='lat' dir='ltr'><strong>Semini</strong></span> <span class='ocrx_word' id='word_1_118' title='bbox 704 1750 787 1792; x_wconf 90' lang='lat' dir='ltr'><strong>tuo</strong></span> <span class='ocrx_word' id='word_1_119' title='bbox 815 1740 946 1793; x_wconf 88' lang='lat' dir='ltr'><strong>dabo</strong></span> <span class='ocrx_word' id='word_1_120' title='bbox 967 1749 1154 1792; x_wconf 88' lang='lat' dir='ltr'><strong>terram</strong></span> <span class='ocrx_word' id='word_1_121' title='bbox 1181 1741 1330 1806; x_wconf 83' lang='lat' dir='ltr'><strong>hanc,</strong></span> <span class='ocrx_word' id='word_1_122' title='bbox 1355 1740 1622 1809; x_wconf 86' lang='lat' dir='ltr'><strong>quomodo</strong></span> <span class='ocrx_word' id='word_1_123' title='bbox 1648 1756 1752 1794; x_wconf 92' lang='lat' dir='ltr'><strong>non</strong></span> <span class='ocrx_word' id='word_1_124' title='bbox 1783 1743 1933 1812; x_wconf 88' lang='lat' dir='ltr'><strong>quie-</strong></span> 
     </span>
    </p>
   </div>
   <div class='ocr_carea' id='block_1_17' title="bbox 343 1833 1933 1900">
    <p class='ocr_par' dir='ltr' id='par_1_17' title="bbox 343 1833 1933 1900">
     <span class='ocr_line' id='line_1_17' title="bbox 343 1833 1933 1900; baseline 0.004 -18"><span class='ocrx_word' id='word_1_125' title='bbox 343 1834 484 1885; x_wconf 89' lang='lat' dir='ltr'><strong>verit</strong></span> <span class='ocrx_word' id='word_1_126' title='bbox 503 1833 678 1900; x_wconf 90' lang='lat' dir='ltr'><strong>justus</strong></span> <span class='ocrx_word' id='word_1_127' title='bbox 721 1833 829 1896; x_wconf 92' lang='lat' dir='ltr'><strong>ille,</strong></span> <span class='ocrx_word' id='word_1_128' title='bbox 861 1841 915 1887; x_wconf 89' lang='lat' dir='ltr'><strong>et</strong></span> <span class='ocrx_word' id='word_1_129' title='bbox 944 1848 1085 1887; x_wconf 88' lang='lat' dir='ltr'><strong>nunc</strong></span> <span class='ocrx_word' id='word_1_130' title='bbox 1113 1833 1215 1887; x_wconf 92' lang='lat' dir='ltr'><strong>huc</strong></span> <span class='ocrx_word' id='word_1_131' title='bbox 1237 1873 1253 1899; x_wconf 92' lang='lat'><strong>,</strong></span> <span class='ocrx_word' id='word_1_132' title='bbox 1285 1848 1428 1887; x_wconf 86' lang='lat' dir='ltr'><strong>nunc</strong></span> <span class='ocrx_word' id='word_1_133' title='bbox 1457 1833 1582 1888; x_wconf 92' lang='lat' dir='ltr'><strong>illuc</strong></span> <span class='ocrx_word' id='word_1_134' title='bbox 1621 1835 1933 1888; x_wconf 81' lang='lat' dir='ltr'><strong>transierit?</strong></span> 
     </span>
    </p>
   </div>
   <div class='ocr_carea' id='block_1_18' title="bbox 341 1926 1930 1998">
    <p class='ocr_par' dir='ltr' id='par_1_18' title="bbox 341 1926 1930 1998">
     <span class='ocr_line' id='line_1_18' title="bbox 341 1926 1930 1998; baseline 0.002 -19"><span class='ocrx_word' id='word_1_135' title='bbox 341 1927 450 1980; x_wconf 88' lang='lat' dir='ltr'><strong>Sed</strong></span> <span class='ocrx_word' id='word_1_136' title='bbox 483 1928 604 1981; x_wconf 90' lang='lat' dir='ltr'><strong>vide</strong></span> <span class='ocrx_word' id='word_1_137' title='bbox 637 1926 905 1996; x_wconf 90' lang='lat' dir='ltr'><strong>quomodo</strong></span> <span class='ocrx_word' id='word_1_138' title='bbox 933 1928 1124 1981; x_wconf 91' lang='lat' dir='ltr'><strong>iterum</strong></span> <span class='ocrx_word' id='word_1_139' title='bbox 1151 1942 1181 1981; x_wconf 87' lang='lat' dir='ltr'><strong>a</strong></span> <span class='ocrx_word' id='word_1_140' title='bbox 1221 1927 1505 1982; x_wconf 88' lang='lat' dir='ltr'><strong>solitudine</strong></span> <span class='ocrx_word' id='word_1_141' title='bbox 1532 1929 1791 1998; x_wconf 80' lang='lat' dir='ltr'><strong>exigitur,</strong></span> <span class='ocrx_word' id='word_1_142' title='bbox 1826 1945 1930 1984; x_wconf 91' lang='lat' dir='ltr'><strong>non</strong></span> 
     </span>
    </p>
   </div>
   <div class='ocr_carea' id='block_1_19' title="bbox 343 2017 1926 2089">
    <p class='ocr_par' dir='ltr' id='par_1_19' title="bbox 343 2017 1926 2089">
     <span class='ocr_line' id='line_1_19' title="bbox 343 2017 1926 2089; baseline 0.001 -18"><span class='ocrx_word' id='word_1_143' title='bbox 343 2020 412 2073; x_wconf 87' lang='lat' dir='ltr'><strong>ab</strong></span> <span class='ocrx_word' id='word_1_144' title='bbox 443 2018 764 2079; x_wconf 88' lang='lat' dir='ltr'><strong>hominibus,</strong></span> <span class='ocrx_word' id='word_1_145' title='bbox 795 2017 888 2072; x_wconf 91' lang='lat' dir='ltr'><strong>sed</strong></span> <span class='ocrx_word' id='word_1_146' title='bbox 912 2020 1226 2072; x_wconf 89' lang='lat' dir='ltr'><strong>necessitate</strong></span> <span class='ocrx_word' id='word_1_147' title='bbox 1245 2018 1433 2072; x_wconf 91' lang='lat' dir='ltr'><strong>famis:</strong></span> <span class='ocrx_word' id='word_1_148' title='bbox 1464 2019 1550 2073; x_wconf 79' lang='lat'><strong>10.</strong></span> <span class='ocrx_word' id='word_1_149' title='bbox 1577 2018 1644 2072; x_wconf 87' lang='lat' dir='ltr'><strong>Et</strong></span> <span class='ocrx_word' id='word_1_150' title='bbox 1673 2022 1807 2089; x_wconf 78' lang='lat' dir='ltr'><strong>facta</strong></span> <span class='ocrx_word' id='word_1_151' title='bbox 1835 2031 1926 2085; x_wconf 84' lang='lat' dir='ltr'><strong>est,</strong></span> 
     </span>
    </p>
   </div>
   <div class='ocr_carea' id='block_1_20' title="bbox 341 2109 1927 2180">
    <p class='ocr_par' dir='ltr' id='par_1_20' title="bbox 341 2109 1927 2180">
     <span class='ocr_line' id='line_1_20' title="bbox 341 2109 1927 2180; baseline 0.002 -18"><span class='ocrx_word' id='word_1_152' title='bbox 341 2110 536 2178; x_wconf 84' lang='lat' dir='ltr'><strong>inquit,</strong></span> <span class='ocrx_word' id='word_1_153' title='bbox 566 2114 725 2179; x_wconf 72' lang='lat' dir='ltr'><strong>[antes</strong></span> <span class='ocrx_word' id='word_1_154' title='bbox 753 2126 905 2179; x_wconf 83' lang='lat' dir='ltr'><strong>super</strong></span> <span class='ocrx_word' id='word_1_155' title='bbox 929 2119 1134 2164; x_wconf 86' lang='lat' dir='ltr'><strong>terram.</strong></span> <span class='ocrx_word' id='word_1_156' title='bbox 1165 2109 1400 2164; x_wconf 82' lang='lat' dir='ltr'><strong>Audiant</strong></span> <span class='ocrx_word' id='word_1_157' title='bbox 1424 2110 1511 2180; x_wconf 89' lang='lat' dir='ltr'><strong>qui</strong></span> <span class='ocrx_word' id='word_1_158' title='bbox 1541 2119 1741 2164; x_wconf 84' lang='lat' dir='ltr'><strong>temere</strong></span> <span class='ocrx_word' id='word_1_159' title='bbox 1770 2121 1823 2164; x_wconf 92' lang='lat' dir='ltr'><strong>et</strong></span> <span class='ocrx_word' id='word_1_160' title='bbox 1848 2112 1927 2165; x_wconf 92' lang='lat' dir='ltr'><strong>in-</strong></span> 
     </span>
    </p>
   </div>
   <div class='ocr_carea' id='block_1_21' title="bbox 342 2199 1932 2269">
    <p class='ocr_par' dir='ltr' id='par_1_21' title="bbox 342 2199 1932 2269">
     <span class='ocr_line' id='line_1_21' title="bbox 342 2199 1932 2269; baseline 0.001 -16"><span class='ocrx_word' id='word_1_161' title='bbox 342 2209 502 2254; x_wconf 82' lang='lat' dir='ltr'><strong>caute</strong></span> <span class='ocrx_word' id='word_1_162' title='bbox 533 2201 837 2269; x_wconf 86' lang='lat' dir='ltr'><strong>loquunlur,</strong></span> <span class='ocrx_word' id='word_1_163' title='bbox 871 2210 926 2255; x_wconf 90' lang='lat' dir='ltr'><strong>et</strong></span> <span class='ocrx_word' id='word_1_164' title='bbox 953 2199 1212 2266; x_wconf 82' lang='lat' dir='ltr'><strong>divinant,</strong></span> <span class='ocrx_word' id='word_1_165' title='bbox 1232 2200 1470 2254; x_wconf 89' lang='lat' dir='ltr'><strong>dicentes</strong></span> <span class='ocrx_word' id='word_1_166' title='bbox 1502 2217 1516 2253; x_wconf 92' lang='lat'><strong>:</strong></span> <span class='ocrx_word' id='word_1_167' title='bbox 1547 2199 1806 2267; x_wconf 86' lang='lat' dir='ltr'><strong>Quoniam</strong></span> <span class='ocrx_word' id='word_1_168' title='bbox 1843 2201 1932 2256; x_wconf 86' lang='lat' dir='ltr'><strong>ille</strong></span> 
     </span>
    </p>
   </div>
   <div class='ocr_carea' id='block_1_22' title="bbox 339 2291 1927 2360">
    <p class='ocr_par' dir='ltr' id='par_1_22' title="bbox 339 2291 1927 2360">
     <span class='ocr_line' id='line_1_22' title="bbox 339 2291 1927 2360; baseline 0.001 -16"><span class='ocrx_word' id='word_1_169' title='bbox 339 2292 468 2346; x_wconf 84' lang='lat' dir='ltr'><strong>talis</strong></span> <span class='ocrx_word' id='word_1_170' title='bbox 498 2291 756 2357; x_wconf 85' lang='lat' dir='ltr'><strong>advenit,</strong></span> <span class='ocrx_word' id='word_1_171' title='bbox 796 2291 963 2345; x_wconf 83' lang='lat' dir='ltr'><strong>fames</strong></span> <span class='ocrx_word' id='word_1_172' title='bbox 999 2292 1258 2354; x_wconf 88' lang='lat' dir='ltr'><strong>invaluit;</strong></span> <span class='ocrx_word' id='word_1_173' title='bbox 1291 2291 1541 2360; x_wconf 89' lang='lat' dir='ltr'><strong>quoniam</strong></span> <span class='ocrx_word' id='word_1_174' title='bbox 1591 2292 1680 2346; x_wconf 90' lang='lat' dir='ltr'><strong>ille</strong></span> <span class='ocrx_word' id='word_1_175' title='bbox 1721 2291 1889 2346; x_wconf 89' lang='lat' dir='ltr'><strong>adfuit</strong></span> <span class='ocrx_word' id='word_1_176' title='bbox 1912 2333 1927 2356; x_wconf 86' lang='lat'><strong>,</strong></span> 
     </span>
    </p>
   </div>
   <div class='ocr_carea' id='block_1_23' title="bbox 341 2384 1926 2455">
    <p class='ocr_par' dir='ltr' id='par_1_23' title="bbox 341 2384 1926 2455">
     <span class='ocr_line' id='line_1_23' title="bbox 341 2384 1926 2455; baseline 0.001 -18"><span class='ocrx_word' id='word_1_177' title='bbox 341 2384 461 2438; x_wconf 76' lang='lat' dir='ltr'><strong>ha-c</strong></span> <span class='ocrx_word' id='word_1_178' title='bbox 494 2385 849 2453; x_wconf 81' lang='lat' dir='ltr'><strong>contigerunt.</strong></span> <span class='ocrx_word' id='word_1_179' title='bbox 881 2384 1020 2439; x_wconf 89' lang='lat' dir='ltr'><strong>Ecce</strong></span> <span class='ocrx_word' id='word_1_180' title='bbox 1048 2385 1283 2438; x_wconf 89' lang='lat' dir='ltr'><strong>etiamin</strong></span> <span class='ocrx_word' id='word_1_181' title='bbox 1322 2384 1550 2439; x_wconf 89' lang='lat' dir='ltr'><strong>adventu</strong></span> <span class='ocrx_word' id='word_1_182' title='bbox 1575 2385 1705 2455; x_wconf 89' lang='lat' dir='ltr'><strong>justi</strong></span> <span class='ocrx_word' id='word_1_183' title='bbox 1737 2384 1926 2451; x_wconf 82' lang='lat' dir='ltr'><strong>fames,</strong></span> 
     </span>
    </p>
   </div>
   <div class='ocr_carea' id='block_1_24' title="bbox 339 2474 1925 2547">
    <p class='ocr_par' dir='ltr' id='par_1_24' title="bbox 339 2474 1925 2547">
     <span class='ocr_line' id='line_1_24' title="bbox 339 2474 1925 2547; baseline 0.002 -20"><span class='ocrx_word' id='word_1_184' title='bbox 339 2485 396 2527; x_wconf 90' lang='lat' dir='ltr'><strong>et</strong></span> <span class='ocrx_word' id='word_1_185' title='bbox 421 2474 592 2529; x_wconf 87' lang='lat' dir='ltr'><strong>fames</strong></span> <span class='ocrx_word' id='word_1_186' title='bbox 615 2475 805 2538; x_wconf 88' lang='lat' dir='ltr'><strong>valida,</strong></span> <span class='ocrx_word' id='word_1_187' title='bbox 831 2485 884 2529; x_wconf 90' lang='lat' dir='ltr'><strong>et</strong></span> <span class='ocrx_word' id='word_1_188' title='bbox 909 2490 1013 2528; x_wconf 92' lang='lat' dir='ltr'><strong>non</strong></span> <span class='ocrx_word' id='word_1_189' title='bbox 1045 2475 1499 2545; x_wconf 89' lang='lat' dir='ltr'><strong>turbaturjustus,</strong></span> <span class='ocrx_word' id='word_1_190' title='bbox 1530 2491 1702 2546; x_wconf 90' lang='lat' dir='ltr'><strong>neque</strong></span> <span class='ocrx_word' id='word_1_191' title='bbox 1729 2477 1925 2547; x_wconf 90' lang='lat' dir='ltr'><strong>aliquid</strong></span> 
     </span>
    </p>
   </div>
   <div class='ocr_carea' id='block_1_25' title="bbox 340 2565 1929 2636">
    <p class='ocr_par' dir='ltr' id='par_1_25' title="bbox 340 2565 1929 2636">
     <span class='ocr_line' id='line_1_25' title="bbox 340 2565 1929 2636; baseline 0.004 -18"><span class='ocrx_word' id='word_1_192' title='bbox 340 2565 634 2618; x_wconf 89' lang='lat' dir='ltr'><strong>humanum</strong></span> <span class='ocrx_word' id='word_1_193' title='bbox 673 2567 868 2635; x_wconf 82' lang='lat' dir='ltr'><strong>patitur</strong></span> <span class='ocrx_word' id='word_1_194' title='bbox 888 2608 902 2632; x_wconf 94' lang='lat'><strong>,</strong></span> <span class='ocrx_word' id='word_1_195' title='bbox 933 2581 1106 2636; x_wconf 89' lang='lat' dir='ltr'><strong>neque</strong></span> <span class='ocrx_word' id='word_1_196' title='bbox 1139 2583 1234 2620; x_wconf 91' lang='lat' dir='ltr'><strong>suo</strong></span> <span class='ocrx_word' id='word_1_197' title='bbox 1265 2567 1513 2622; x_wconf 85' lang='lat' dir='ltr'><strong>adventui</strong></span> <span class='ocrx_word' id='word_1_198' title='bbox 1560 2567 1742 2622; x_wconf 87' lang='lat' dir='ltr'><strong>tribuit</strong></span> <span class='ocrx_word' id='word_1_199' title='bbox 1774 2567 1929 2624; x_wconf 87' lang='lat' dir='ltr'><strong>famis</strong></span> 
     </span>
    </p>
   </div>
   <div class='ocr_carea' id='block_1_26' title="bbox 339 2657 1928 2728">
    <p class='ocr_par' dir='ltr' id='par_1_26' title="bbox 339 2657 1928 2728">
     <span class='ocr_line' id='line_1_26' title="bbox 339 2657 1928 2728; baseline 0.003 -17"><span class='ocrx_word' id='word_1_200' title='bbox 339 2673 581 2711; x_wconf 89' lang='lat' dir='ltr'><strong>causam.</strong></span> <span class='ocrx_word' id='word_1_201' title='bbox 608 2657 711 2714; x_wconf 89' lang='lat' dir='ltr'><strong>Sed</strong></span> <span class='ocrx_word' id='word_1_202' title='bbox 741 2659 862 2728; x_wconf 89' lang='lat' dir='ltr'><strong>quia</strong></span> <span class='ocrx_word' id='word_1_203' title='bbox 891 2658 1022 2712; x_wconf 89' lang='lat' dir='ltr'><strong>vidit</strong></span> <span class='ocrx_word' id='word_1_204' title='bbox 1047 2667 1292 2713; x_wconf 90' lang='lat' dir='ltr'><strong>naturam</strong></span> <span class='ocrx_word' id='word_1_205' title='bbox 1322 2661 1580 2714; x_wconf 87' lang='lat' dir='ltr'><strong>eoarctari</strong></span> <span class='ocrx_word' id='word_1_206' title='bbox 1604 2702 1619 2728; x_wconf 90' lang='lat'><strong>,</strong></span> <span class='ocrx_word' id='word_1_207' title='bbox 1647 2669 1702 2715; x_wconf 91' lang='lat' dir='ltr'><strong>et</strong></span> <span class='ocrx_word' id='word_1_208' title='bbox 1729 2662 1928 2715; x_wconf 89' lang='lat' dir='ltr'><strong>invale-</strong></span> 
     </span>
    </p>
   </div>
   <div class='ocr_carea' id='block_1_27' title="bbox 342 2748 1921 2822">
    <p class='ocr_par' dir='ltr' id='par_1_27' title="bbox 342 2748 1921 2822">
     <span class='ocr_line' id='line_1_27' title="bbox 342 2748 1921 2822; baseline 0.001 -19"><span class='ocrx_word' id='word_1_209' title='bbox 342 2765 496 2803; x_wconf 89' lang='lat' dir='ltr'><strong>scere</strong></span> <span class='ocrx_word' id='word_1_210' title='bbox 519 2748 712 2802; x_wconf 81' lang='lat' dir='ltr'><strong>famem</strong></span> <span class='ocrx_word' id='word_1_211' title='bbox 745 2765 758 2801; x_wconf 92' lang='lat'><strong>:</strong></span> <span class='ocrx_word' id='word_1_212' title='bbox 788 2749 1078 2816; x_wconf 80' lang='lat' dir='ltr'><strong>Descendit,</strong></span> <span class='ocrx_word' id='word_1_213' title='bbox 1103 2750 1291 2820; x_wconf 91' lang='lat' dir='ltr'><strong>inquit,</strong></span> <span class='ocrx_word' id='word_1_214' title='bbox 1319 2751 1371 2804; x_wconf 92' lang='lat' dir='ltr'><strong>in</strong></span> <span class='ocrx_word' id='word_1_215' title='bbox 1401 2750 1688 2822; x_wconf 60' lang='lat' dir='ltr'><strong>Afgyptum</strong></span> <span class='ocrx_word' id='word_1_216' title='bbox 1717 2750 1921 2817; x_wconf 85' lang='lat' dir='ltr'><strong>Abram,</strong></span> 
     </span>
    </p>
   </div>
   <div class='ocr_carea' id='block_1_28' title="bbox 337 2841 1781 2912">
    <p class='ocr_par' dir='ltr' id='par_1_28' title="bbox 337 2841 1781 2912">
     <span class='ocr_line' id='line_1_28' title="bbox 337 2841 1781 2912; baseline -0.001 -17"><span class='ocrx_word' id='word_1_217' title='bbox 337 2851 397 2895; x_wconf 85' lang='lat' dir='ltr'><strong>ut</strong></span> <span class='ocrx_word' id='word_1_218' title='bbox 421 2843 667 2895; x_wconf 80' lang='lat' dir='ltr'><strong>habitaret</strong></span> <span class='ocrx_word' id='word_1_219' title='bbox 690 2843 814 2906; x_wconf 86' lang='lat' dir='ltr'><strong>illic,</strong></span> <span class='ocrx_word' id='word_1_220' title='bbox 844 2843 961 2912; x_wconf 82' lang='lat' dir='ltr'><strong>quia</strong></span> <span class='ocrx_word' id='word_1_221' title='bbox 986 2841 1197 2895; x_wconf 82' lang='lat' dir='ltr'><strong>invaluit</strong></span> <span class='ocrx_word' id='word_1_222' title='bbox 1223 2846 1382 2912; x_wconf 79' lang='lat' dir='ltr'><strong>fames</strong></span> <span class='ocrx_word' id='word_1_223' title='bbox 1408 2859 1560 2910; x_wconf 83' lang='lat' dir='ltr'><strong>super</strong></span> <span class='ocrx_word' id='word_1_224' title='bbox 1578 2852 1781 2896; x_wconf 80' lang='lat' dir='ltr'><strong>terram.</strong></span> 
     </span>
    </p>
   </div>
   <div class='ocr_carea' id='block_1_29' title="bbox 410 2934 1920 3004">
    <p class='ocr_par' dir='ltr' id='par_1_29' title="bbox 410 2934 1920 3004">
     <span class='ocr_line' id='line_1_29' title="bbox 410 2934 1920 3004; baseline 0.001 -15"><span class='ocrx_word' id='word_1_225' title='bbox 410 2937 463 2989; x_wconf 71' lang='grc'><strong><em>4.</em></strong></span> <span class='ocrx_word' id='word_1_226' title='bbox 508 2935 738 2989; x_wconf 89' lang='lat' dir='ltr'><strong>Attende</strong></span> <span class='ocrx_word' id='word_1_227' title='bbox 784 2935 1051 3004; x_wconf 90' lang='lat' dir='ltr'><strong>quomodo</strong></span> <span class='ocrx_word' id='word_1_228' title='bbox 1093 2934 1333 3003; x_wconf 86' lang='lat' dir='ltr'><strong>longiora</strong></span> <span class='ocrx_word' id='word_1_229' title='bbox 1377 2935 1506 2988; x_wconf 87' lang='lat' dir='ltr'><strong>fiunt</strong></span> <span class='ocrx_word' id='word_1_230' title='bbox 1552 2934 1696 3004; x_wconf 90' lang='lat' dir='ltr'><strong>justo</strong></span> <span class='ocrx_word' id='word_1_231' title='bbox 1731 2934 1920 2990; x_wconf 88' lang='lat' dir='ltr'><strong>stadia.</strong></span> 
     </span>
    </p>
   </div>
   <div class='ocr_carea' id='block_1_30' title="bbox 337 3024 1927 3093">
    <p class='ocr_par' dir='ltr' id='par_1_30' title="bbox 337 3024 1927 3093">
     <span class='ocr_line' id='line_1_30' title="bbox 337 3024 1927 3093; baseline 0.001 -15"><span class='ocrx_word' id='word_1_232' title='bbox 337 3024 475 3080; x_wconf 91' lang='lat' dir='ltr'><strong>Illud</strong></span> <span class='ocrx_word' id='word_1_233' title='bbox 505 3027 650 3079; x_wconf 91' lang='lat' dir='ltr'><strong>enim</strong></span> <span class='ocrx_word' id='word_1_234' title='bbox 677 3025 986 3093; x_wconf 87' lang='lat' dir='ltr'><strong>providebat</strong></span> <span class='ocrx_word' id='word_1_235' title='bbox 1015 3025 1287 3091; x_wconf 90' lang='lat' dir='ltr'><strong>Dominus,</strong></span> <span class='ocrx_word' id='word_1_236' title='bbox 1315 3033 1370 3078; x_wconf 95' lang='lat' dir='ltr'><strong>ut</strong></span> <span class='ocrx_word' id='word_1_237' title='bbox 1409 3041 1514 3078; x_wconf 90' lang='lat' dir='ltr'><strong>non</strong></span> <span class='ocrx_word' id='word_1_238' title='bbox 1548 3025 1720 3079; x_wconf 90' lang='lat' dir='ltr'><strong>solum</strong></span> <span class='ocrx_word' id='word_1_239' title='bbox 1759 3025 1927 3079; x_wconf 71' lang='lat' dir='ltr'><strong>Palu:-</strong></span> 
     </span>
    </p>
   </div>
   <div class='ocr_carea' id='block_1_31' title="bbox 336 3115 1923 3185">
    <p class='ocr_par' dir='ltr' id='par_1_31' title="bbox 336 3115 1923 3185">
     <span class='ocr_line' id='line_1_31' title="bbox 336 3115 1923 3185; baseline 0.001 -16"><span class='ocrx_word' id='word_1_240' title='bbox 336 3118 534 3169; x_wconf 88' lang='lat' dir='ltr'><strong>stinam</strong></span> <span class='ocrx_word' id='word_1_241' title='bbox 579 3115 932 3169; x_wconf 83' lang='lat' dir='ltr'><strong>incolentibus</strong></span> <span class='ocrx_word' id='word_1_242' title='bbox 961 3122 1104 3168; x_wconf 89' lang='lat' dir='ltr'><strong>esset</strong></span> <span class='ocrx_word' id='word_1_243' title='bbox 1146 3115 1350 3178; x_wconf 88' lang='lat' dir='ltr'><strong>doctor,</strong></span> <span class='ocrx_word' id='word_1_244' title='bbox 1393 3115 1486 3168; x_wconf 91' lang='lat' dir='ltr'><strong>sed</strong></span> <span class='ocrx_word' id='word_1_245' title='bbox 1533 3125 1587 3169; x_wconf 88' lang='lat' dir='ltr'><strong>et</strong></span> <span class='ocrx_word' id='word_1_246' title='bbox 1625 3116 1691 3169; x_wconf 92' lang='lat' dir='ltr'><strong>iis</strong></span> <span class='ocrx_word' id='word_1_247' title='bbox 1733 3116 1823 3185; x_wconf 90' lang='lat' dir='ltr'><strong>qui</strong></span> <span class='ocrx_word' id='word_1_248' title='bbox 1869 3116 1923 3170; x_wconf 92' lang='lat' dir='ltr'><strong>in</strong></span> 
     </span>
    </p>
   </div>
   <div class='ocr_carea' id='block_1_32' title="bbox 335 3205 1925 3277">
    <p class='ocr_par' dir='ltr' id='par_1_32' title="bbox 335 3205 1925 3277">
     <span class='ocr_line' id='line_1_32' title="bbox 335 3205 1925 3277; baseline 0.001 -16"><span class='ocrx_word' id='word_1_249' title='bbox 335 3207 577 3277; x_wconf 66' lang='lat' dir='ltr'><strong>JEgypto</strong></span> <span class='ocrx_word' id='word_1_250' title='bbox 601 3216 752 3260; x_wconf 89' lang='lat' dir='ltr'><strong>erant</strong></span> <span class='ocrx_word' id='word_1_251' title='bbox 771 3247 786 3272; x_wconf 92' lang='lat'><strong>,</strong></span> <span class='ocrx_word' id='word_1_252' title='bbox 817 3215 868 3260; x_wconf 86' lang='lat' dir='ltr'><strong>et</strong></span> <span class='ocrx_word' id='word_1_253' title='bbox 899 3207 1107 3259; x_wconf 91' lang='lat' dir='ltr'><strong>virtutis</strong></span> <span class='ocrx_word' id='word_1_254' title='bbox 1136 3210 1251 3273; x_wconf 90' lang='lat' dir='ltr'><strong>ejus</strong></span> <span class='ocrx_word' id='word_1_255' title='bbox 1279 3205 1533 3274; x_wconf 90' lang='lat' dir='ltr'><strong>splendor</strong></span> <span class='ocrx_word' id='word_1_256' title='bbox 1559 3205 1804 3262; x_wconf 91' lang='lat' dir='ltr'><strong>omnibus</strong></span> <span class='ocrx_word' id='word_1_257' title='bbox 1832 3223 1925 3274; x_wconf 88' lang='lat' dir='ltr'><strong>pa-</strong></span> 
     </span>
    </p>
   </div>
   <div class='ocr_carea' id='block_1_33' title="bbox 338 3298 1924 3368">
    <p class='ocr_par' dir='ltr' id='par_1_33' title="bbox 338 3298 1924 3368">
     <span class='ocr_line' id='line_1_33' title="bbox 338 3298 1924 3368; baseline 0.001 -14"><span class='ocrx_word' id='word_1_258' title='bbox 338 3311 496 3355; x_wconf 89' lang='lat' dir='ltr'><strong>teret.</strong></span> <span class='ocrx_word' id='word_1_259' title='bbox 528 3301 689 3367; x_wconf 84' lang='lat' dir='ltr'><strong>Quasi</strong></span> <span class='ocrx_word' id='word_1_260' title='bbox 729 3300 869 3354; x_wconf 91' lang='lat' dir='ltr'><strong>enim</strong></span> <span class='ocrx_word' id='word_1_261' title='bbox 900 3299 1158 3353; x_wconf 90' lang='lat' dir='ltr'><strong>luminare</strong></span> <span class='ocrx_word' id='word_1_262' title='bbox 1203 3298 1466 3368; x_wconf 87' lang='lat' dir='ltr'><strong>quoddam</strong></span> <span class='ocrx_word' id='word_1_263' title='bbox 1495 3298 1666 3354; x_wconf 87' lang='lat' dir='ltr'><strong>latens</strong></span> <span class='ocrx_word' id='word_1_264' title='bbox 1708 3308 1761 3353; x_wconf 91' lang='lat' dir='ltr'><strong>et</strong></span> <span class='ocrx_word' id='word_1_265' title='bbox 1798 3302 1924 3355; x_wconf 86' lang='lat' dir='ltr'><strong>abs-</strong></span> 
     </span>
    </p>
   </div>
   <div class='ocr_carea' id='block_1_34' title="bbox 334 3389 1920 3456">
    <p class='ocr_par' dir='ltr' id='par_1_34' title="bbox 334 3389 1920 3456">
     <span class='ocr_line' id='line_1_34' title="bbox 334 3389 1920 3456; baseline -0.001 -10"><span class='ocrx_word' id='word_1_266' title='bbox 334 3393 611 3446; x_wconf 89' lang='lat' dir='ltr'><strong>conditum</strong></span> <span class='ocrx_word' id='word_1_267' title='bbox 657 3393 710 3445; x_wconf 92' lang='lat' dir='ltr'><strong>in</strong></span> <span class='ocrx_word' id='word_1_268' title='bbox 751 3390 1121 3444; x_wconf 62' lang='lat' dir='ltr'><strong>Chaldaeorum</strong></span> <span class='ocrx_word' id='word_1_269' title='bbox 1153 3399 1328 3456; x_wconf 91' lang='lat' dir='ltr'><strong>terra,</strong></span> <span class='ocrx_word' id='word_1_270' title='bbox 1359 3389 1506 3444; x_wconf 91' lang='lat' dir='ltr'><strong>illinc</strong></span> <span class='ocrx_word' id='word_1_271' title='bbox 1546 3391 1818 3454; x_wconf 88' lang='lat' dir='ltr'><strong>evocavit,</strong></span> <span class='ocrx_word' id='word_1_272' title='bbox 1864 3399 1920 3444; x_wconf 91' lang='lat' dir='ltr'><strong>ut</strong></span> 
     </span>
    </p>
   </div>
   <div class='ocr_carea' id='block_1_35' title="bbox 333 3482 1923 3554">
    <p class='ocr_par' dir='ltr' id='par_1_35' title="bbox 333 3482 1923 3554">
     <span class='ocr_line' id='line_1_35' title="bbox 333 3482 1923 3554; baseline 0 -16"><span class='ocrx_word' id='word_1_273' title='bbox 333 3501 431 3539; x_wconf 91' lang='lat' dir='ltr'><strong>cos</strong></span> <span class='ocrx_word' id='word_1_274' title='bbox 468 3486 557 3554; x_wconf 88' lang='lat' dir='ltr'><strong>qui</strong></span> <span class='ocrx_word' id='word_1_275' title='bbox 611 3486 661 3537; x_wconf 92' lang='lat' dir='ltr'><strong>in</strong></span> <span class='ocrx_word' id='word_1_276' title='bbox 702 3484 933 3538; x_wconf 89' lang='lat' dir='ltr'><strong>tenebris</strong></span> <span class='ocrx_word' id='word_1_277' title='bbox 967 3499 1204 3537; x_wconf 89' lang='lat' dir='ltr'><strong>errorum</strong></span> <span class='ocrx_word' id='word_1_278' title='bbox 1251 3482 1541 3548; x_wconf 82' lang='lat' dir='ltr'><strong>sedebant,</strong></span> <span class='ocrx_word' id='word_1_279' title='bbox 1572 3483 1638 3536; x_wconf 90' lang='lat' dir='ltr'><strong>ad</strong></span> <span class='ocrx_word' id='word_1_280' title='bbox 1682 3484 1923 3538; x_wconf 81' lang='lat' dir='ltr'><strong>veritatis</strong></span> 
     </span>
    </p>
   </div>
   <div class='ocr_carea' id='block_1_36' title="bbox 333 3574 1922 3645">
    <p class='ocr_par' dir='ltr' id='par_1_36' title="bbox 333 3574 1922 3645">
     <span class='ocr_line' id='line_1_36' title="bbox 333 3574 1922 3645; baseline 0.001 -16"><span class='ocrx_word' id='word_1_281' title='bbox 333 3580 476 3631; x_wconf 83' lang='lat' dir='ltr'><strong>viam</strong></span> <span class='ocrx_word' id='word_1_282' title='bbox 504 3577 882 3630; x_wconf 89' lang='lat' dir='ltr'><strong>introduceret.</strong></span> <span class='ocrx_word' id='word_1_283' title='bbox 913 3576 1019 3630; x_wconf 88' lang='lat' dir='ltr'><strong>Sed</strong></span> <span class='ocrx_word' id='word_1_284' title='bbox 1048 3574 1186 3629; x_wconf 86' lang='lat' dir='ltr'><strong>forte</strong></span> <span class='ocrx_word' id='word_1_285' title='bbox 1223 3575 1364 3629; x_wconf 91' lang='lat' dir='ltr'><strong>dicet</strong></span> <span class='ocrx_word' id='word_1_286' title='bbox 1392 3575 1582 3645; x_wconf 89' lang='lat' dir='ltr'><strong>aliquis</strong></span> <span class='ocrx_word' id='word_1_287' title='bbox 1612 3593 1625 3629; x_wconf 93' lang='lat'>:</span> <span class='ocrx_word' id='word_1_288' title='bbox 1657 3575 1722 3629; x_wconf 89' lang='lat' dir='ltr'><strong>Et</strong></span> <span class='ocrx_word' id='word_1_289' title='bbox 1758 3590 1922 3645; x_wconf 87' lang='lat' dir='ltr'><strong>quare</strong></span> 
     </span>
    </p>
   </div>
   <div class='ocr_carea' id='block_1_37' title="bbox 335 3664 1920 3736">
    <p class='ocr_par' dir='ltr' id='par_1_37' title="bbox 335 3664 1920 3736">
     <span class='ocr_line' id='line_1_37' title="bbox 335 3664 1920 3736; baseline -0.001 -16"><span class='ocrx_word' id='word_1_290' title='bbox 335 3685 443 3720; x_wconf 87' lang='lat' dir='ltr'><strong>non</strong></span> <span class='ocrx_word' id='word_1_291' title='bbox 475 3668 650 3736; x_wconf 84' lang='lat' dir='ltr'><strong>potius</strong></span> <span class='ocrx_word' id='word_1_292' title='bbox 690 3674 747 3718; x_wconf 93' lang='lat' dir='ltr'><strong>ut</strong></span> <span class='ocrx_word' id='word_1_293' title='bbox 782 3667 838 3732; x_wconf 90' lang='lat' dir='ltr'><strong>ii,</strong></span> <span class='ocrx_word' id='word_1_294' title='bbox 863 3665 951 3736; x_wconf 91' lang='lat' dir='ltr'><strong>qui</strong></span> <span class='ocrx_word' id='word_1_295' title='bbox 980 3667 1033 3718; x_wconf 93' lang='lat' dir='ltr'><strong>in</strong></span> <span class='ocrx_word' id='word_1_296' title='bbox 1058 3664 1303 3718; x_wconf 68' lang='lat' dir='ltr'><strong>Chaldaea</strong></span> <span class='ocrx_word' id='word_1_297' title='bbox 1335 3674 1508 3729; x_wconf 90' lang='lat' dir='ltr'><strong>erant,</strong></span> <span class='ocrx_word' id='word_1_298' title='bbox 1537 3664 1603 3718; x_wconf 89' lang='lat' dir='ltr'><strong>ad</strong></span> <span class='ocrx_word' id='word_1_299' title='bbox 1634 3680 1812 3718; x_wconf 86' lang='lat' dir='ltr'><strong>veram</strong></span> <span class='ocrx_word' id='word_1_300' title='bbox 1832 3680 1920 3719; x_wconf 89' lang='lat' dir='ltr'><strong>re-</strong></span> 
     </span>
    </p>
   </div>
   <div class='ocr_carea' id='block_1_38' title="bbox 335 3757 1921 3830">
    <p class='ocr_par' dir='ltr' id='par_1_38' title="bbox 335 3757 1921 3830">
     <span class='ocr_line' id='line_1_38' title="bbox 335 3757 1921 3830; baseline -0.002 -17"><span class='ocrx_word' id='word_1_301' title='bbox 335 3761 588 3830; x_wconf 82' lang='lat' dir='ltr'><strong>ligionem</strong></span> <span class='ocrx_word' id='word_1_302' title='bbox 618 3760 879 3826; x_wconf 89' lang='lat' dir='ltr'><strong>venirent,</strong></span> <span class='ocrx_word' id='word_1_303' title='bbox 909 3774 1003 3827; x_wconf 89' lang='lat' dir='ltr'><strong>per</strong></span> <span class='ocrx_word' id='word_1_304' title='bbox 1030 3759 1201 3827; x_wconf 89' lang='lat' dir='ltr'><strong>ipsum</strong></span> <span class='ocrx_word' id='word_1_305' title='bbox 1232 3757 1446 3812; x_wconf 77' lang='lat' dir='ltr'><strong>eﬁ‘eeit?</strong></span> <span class='ocrx_word' id='word_1_306' title='bbox 1478 3757 1774 3813; x_wconf 88' lang='lat' dir='ltr'><strong>Verisimile</strong></span> <span class='ocrx_word' id='word_1_307' title='bbox 1801 3759 1921 3826; x_wconf 91' lang='lat' dir='ltr'><strong>qui-</strong></span> 
     </span>
    </p>
   </div>
   <div class='ocr_carea' id='block_1_39' title="bbox 331 3849 1922 3918">
    <p class='ocr_par' dir='ltr' id='par_1_39' title="bbox 331 3849 1922 3918">
     <span class='ocr_line' id='line_1_39' title="bbox 331 3849 1922 3918; baseline -0.003 -10"><span class='ocrx_word' id='word_1_308' title='bbox 331 3853 458 3908; x_wconf 88' lang='lat' dir='ltr'><strong>dem</strong></span> <span class='ocrx_word' id='word_1_309' title='bbox 503 3862 615 3916; x_wconf 89' lang='lat' dir='ltr'><strong>est,</strong></span> <span class='ocrx_word' id='word_1_310' title='bbox 647 3853 857 3906; x_wconf 87' lang='lat' dir='ltr'><strong>illormn</strong></span> <span class='ocrx_word' id='word_1_311' title='bbox 897 3851 1118 3905; x_wconf 89' lang='lat' dir='ltr'><strong>salutem</strong></span> <span class='ocrx_word' id='word_1_312' title='bbox 1155 3865 1246 3918; x_wconf 84' lang='lat' dir='ltr'><strong>per</strong></span> <span class='ocrx_word' id='word_1_313' title='bbox 1273 3850 1496 3903; x_wconf 90' lang='lat' dir='ltr'><strong>aliorum</strong></span> <span class='ocrx_word' id='word_1_314' title='bbox 1537 3849 1922 3918; x_wconf 85' lang='lat' dir='ltr'><strong>providentiam</strong></span> 
     </span>
    </p>
   </div>
   <div class='ocr_carea' id='block_1_40' title="bbox 331 3941 1920 4018">
    <p class='ocr_par' dir='ltr' id='par_1_40' title="bbox 331 3941 1920 4018">
     <span class='ocr_line' id='line_1_40' title="bbox 331 3941 1920 4018; baseline -0.003 -18"><span class='ocrx_word' id='word_1_315' title='bbox 331 3957 676 4018; x_wconf 91' lang='lat' dir='ltr'><strong>procuratam</strong></span> <span class='ocrx_word' id='word_1_316' title='bbox 701 3947 863 4000; x_wconf 90' lang='lat' dir='ltr'><strong>fuisse</strong></span> <span class='ocrx_word' id='word_1_317' title='bbox 885 3962 897 3997; x_wconf 93' lang='lat'><strong>:</strong></span> <span class='ocrx_word' id='word_1_318' title='bbox 927 3953 1160 3998; x_wconf 89' lang='lat' dir='ltr'><strong>attamen</strong></span> <span class='ocrx_word' id='word_1_319' title='bbox 1181 3942 1304 3996; x_wconf 91' lang='lat' dir='ltr'><strong>audi</strong></span> <span class='ocrx_word' id='word_1_320' title='bbox 1329 3942 1598 3996; x_wconf 90' lang='lat' dir='ltr'><strong>Christum</strong></span> <span class='ocrx_word' id='word_1_321' title='bbox 1620 3941 1882 3996; x_wconf 90' lang='lat' dir='ltr'><strong>dicentem</strong></span> <span class='ocrx_word' id='word_1_322' title='bbox 1905 3959 1920 3995; x_wconf 91' lang='lat'><strong>:</strong></span> 
     </span>
    </p>
   </div>
   <div class='ocr_carea' id='block_1_41' title="bbox 336 4035 1916 4109">
    <p class='ocr_par' dir='ltr' id='par_1_41' title="bbox 336 4035 1916 4109">
     <span class='ocr_line' id='line_1_41' title="bbox 336 4035 1916 4109; baseline -0.004 -15"><span class='ocrx_word' id='word_1_323' title='bbox 336 4039 463 4094; x_wconf 83' lang='lat' dir='ltr'><strong>Non</strong></span> <span class='ocrx_word' id='word_1_324' title='bbox 493 4049 563 4092; x_wconf 89' lang='lat' dir='ltr'><strong>est</strong></span> <span class='ocrx_word' id='word_1_325' title='bbox 588 4039 832 4109; x_wconf 87' lang='lat' dir='ltr'><strong>praphcta</strong></span> <span class='ocrx_word' id='word_1_326' title='bbox 847 4039 954 4090; x_wconf 87' lang='lat' dir='ltr'><strong>sine</strong></span> <span class='ocrx_word' id='word_1_327' title='bbox 974 4037 1180 4102; x_wconf 87' lang='lat' dir='ltr'><strong>honore,</strong></span> <span class='ocrx_word' id='word_1_328' title='bbox 1201 4036 1295 4089; x_wconf 89' lang='lat' dir='ltr'><strong>nisi</strong></span> <span class='ocrx_word' id='word_1_329' title='bbox 1315 4036 1369 4088; x_wconf 90' lang='lat' dir='ltr'><strong>in</strong></span> <span class='ocrx_word' id='word_1_330' title='bbox 1395 4035 1560 4104; x_wconf 88' lang='lat' dir='ltr'><strong>patria</strong></span> <span class='ocrx_word' id='word_1_331' title='bbox 1585 4052 1678 4088; x_wconf 86' lang='lat' dir='ltr'><strong>sua</strong></span> <span class='ocrx_word' id='word_1_332' title='bbox 1702 4035 1916 4105; x_wconf 79' lang='lat' dir='ltr'><strong>(Matth.</strong></span> 
     </span>
    </p>
   </div>
   <div class='ocr_carea' id='block_1_42' title="bbox 335 4125 1917 4200">
    <p class='ocr_par' dir='ltr' id='par_1_42' title="bbox 335 4125 1917 4200">
     <span class='ocr_line' id='line_1_42' title="bbox 335 4125 1917 4200; baseline -0.003 -15"><span class='ocrx_word' id='word_1_333' title='bbox 335 4133 425 4185; x_wconf 71' lang='grc'><strong>13.</strong></span> <span class='ocrx_word' id='word_1_334' title='bbox 456 4130 568 4200; x_wconf 84' lang='lat'><strong>57).</strong></span> <span class='ocrx_word' id='word_1_335' title='bbox 601 4129 669 4185; x_wconf 89' lang='lat' dir='ltr'><strong>Ut</strong></span> <span class='ocrx_word' id='word_1_336' title='bbox 690 4128 848 4197; x_wconf 78' lang='lat' dir='ltr'><strong>igitur</strong></span> <span class='ocrx_word' id='word_1_337' title='bbox 875 4143 1035 4198; x_wconf 90' lang='lat' dir='ltr'><strong>opere</strong></span> <span class='ocrx_word' id='word_1_338' title='bbox 1057 4126 1300 4197; x_wconf 88' lang='lat' dir='ltr'><strong>impleret</strong></span> <span class='ocrx_word' id='word_1_339' title='bbox 1327 4125 1729 4194; x_wconf 90' lang='lat' dir='ltr'><strong>promissionem</strong></span> <span class='ocrx_word' id='word_1_340' title='bbox 1761 4142 1917 4196; x_wconf 88' lang='lat' dir='ltr'><strong>quam</strong></span> 
     </span>
    </p>
   </div>
   <div class='ocr_carea' id='block_1_43' title="bbox 333 4215 1924 4286">
    <p class='ocr_par' dir='ltr' id='par_1_43' title="bbox 333 4215 1924 4286">
     <span class='ocr_line' id='line_1_43' title="bbox 333 4215 1924 4286; baseline -0.003 -11"><span class='ocrx_word' id='word_1_341' title='bbox 333 4223 410 4275; x_wconf 87' lang='lat' dir='ltr'><strong>illi</strong></span> <span class='ocrx_word' id='word_1_342' title='bbox 442 4221 662 4283; x_wconf 84' lang='lat' dir='ltr'><strong>fecerat,</strong></span> <span class='ocrx_word' id='word_1_343' title='bbox 684 4218 899 4272; x_wconf 89' lang='lat' dir='ltr'><strong>dicens:</strong></span> <span class='ocrx_word' id='word_1_344' title='bbox 929 4216 994 4270; x_wconf 79' lang='lat' dir='ltr'><strong>Et</strong></span> <span class='ocrx_word' id='word_1_345' title='bbox 1020 4215 1355 4286; x_wconf 84' lang='lat' dir='ltr'><strong>magniﬁcabo</strong></span> <span class='ocrx_word' id='word_1_346' title='bbox 1381 4232 1561 4270; x_wconf 87' lang='lat' dir='ltr'><strong>nomen</strong></span> <span class='ocrx_word' id='word_1_347' title='bbox 1586 4224 1725 4269; x_wconf 87' lang='lat' dir='ltr'><strong>tuum</strong></span> <span class='ocrx_word' id='word_1_348' title='bbox 1754 4232 1774 4270; x_wconf 92' lang='lat'><strong><em>:</em></strong></span> <span class='ocrx_word' id='word_1_349' title='bbox 1802 4232 1924 4286; x_wconf 88' lang='lat' dir='ltr'><strong>pro-</strong></span> 
     </span>
    </p>
   </div>
   <div class='ocr_carea' id='block_1_44' title="bbox 334 4307 1924 4380">
    <p class='ocr_par' dir='ltr' id='par_1_44' title="bbox 334 4307 1924 4380">
     <span class='ocr_line' id='line_1_44' title="bbox 334 4307 1924 4380; baseline 0 -17"><span class='ocrx_word' id='word_1_350' title='bbox 334 4321 516 4380; x_wconf 86' lang='lat' dir='ltr'><strong>pterea</strong></span> <span class='ocrx_word' id='word_1_351' title='bbox 543 4321 599 4363; x_wconf 90' lang='lat' dir='ltr'><strong>et</strong></span> <span class='ocrx_word' id='word_1_352' title='bbox 624 4310 815 4363; x_wconf 87' lang='lat' dir='ltr'><strong>famem</strong></span> <span class='ocrx_word' id='word_1_353' title='bbox 842 4307 969 4362; x_wconf 89' lang='lat' dir='ltr'><strong>oriri</strong></span> <span class='ocrx_word' id='word_1_354' title='bbox 998 4309 1272 4376; x_wconf 86' lang='lat' dir='ltr'><strong>permittit,</strong></span> <span class='ocrx_word' id='word_1_355' title='bbox 1291 4315 1346 4361; x_wconf 88' lang='lat' dir='ltr'><strong>et</strong></span> <span class='ocrx_word' id='word_1_356' title='bbox 1370 4316 1588 4376; x_wconf 84' lang='lat' dir='ltr'><strong>cogente</strong></span> <span class='ocrx_word' id='word_1_357' title='bbox 1607 4307 1924 4363; x_wconf 88' lang='lat' dir='ltr'><strong>necessitate</strong></span> 
     </span>
    </p>
   </div>
   <div class='ocr_carea' id='block_1_45' title="bbox 333 4398 1922 4473">
    <p class='ocr_par' dir='ltr' id='par_1_45' title="bbox 333 4398 1922 4473">
     <span class='ocr_line' id='line_1_45' title="bbox 333 4398 1922 4473; baseline -0.004 -16"><span class='ocrx_word' id='word_1_358' title='bbox 333 4405 390 4457; x_wconf 90' lang='lat' dir='ltr'><strong>in</strong></span> <span class='ocrx_word' id='word_1_359' title='bbox 431 4403 722 4473; x_wconf 63' lang='lat' dir='ltr'><strong>Egyptum</strong></span> <span class='ocrx_word' id='word_1_360' title='bbox 771 4416 892 4455; x_wconf 89' lang='lat' dir='ltr'><strong>eum</strong></span> <span class='ocrx_word' id='word_1_361' title='bbox 935 4401 1012 4454; x_wconf 90' lang='lat' dir='ltr'><strong>ire</strong></span> <span class='ocrx_word' id='word_1_362' title='bbox 1039 4399 1342 4469; x_wconf 85' lang='lat' dir='ltr'><strong>compellit,</strong></span> <span class='ocrx_word' id='word_1_363' title='bbox 1376 4407 1432 4452; x_wconf 95' lang='lat' dir='ltr'><strong>ut</strong></span> <span class='ocrx_word' id='word_1_364' title='bbox 1457 4398 1723 4453; x_wconf 88' lang='lat' dir='ltr'><strong>discerent</strong></span> <span class='ocrx_word' id='word_1_365' title='bbox 1755 4409 1807 4452; x_wconf 92' lang='lat' dir='ltr'><strong>et</strong></span> <span class='ocrx_word' id='word_1_366' title='bbox 1839 4403 1922 4451; x_wconf 87' lang='lat' dir='ltr'><strong>in-</strong></span> 
     </span>
    </p>
   </div>
   <div class='ocr_carea' id='block_1_46' title="bbox 333 4488 1918 4563">
    <p class='ocr_par' dir='ltr' id='par_1_46' title="bbox 333 4488 1918 4563">
     <span class='ocr_line' id='line_1_46' title="bbox 333 4488 1918 4563; baseline -0.003 -16"><span class='ocrx_word' id='word_1_367' title='bbox 333 4495 468 4548; x_wconf 73' lang='lat' dir='ltr'><strong>cola:</strong></span> <span class='ocrx_word' id='word_1_368' title='bbox 495 4504 692 4563; x_wconf 90' lang='lat' dir='ltr'><strong>quanta</strong></span> <span class='ocrx_word' id='word_1_369' title='bbox 721 4493 816 4546; x_wconf 89' lang='lat' dir='ltr'><strong>viri</strong></span> <span class='ocrx_word' id='word_1_370' title='bbox 843 4492 1014 4545; x_wconf 89' lang='lat' dir='ltr'><strong>virtus</strong></span> <span class='ocrx_word' id='word_1_371' title='bbox 1039 4500 1194 4545; x_wconf 90' lang='lat' dir='ltr'><strong>esset.</strong></span> <span class='ocrx_word' id='word_1_372' title='bbox 1227 4489 1356 4543; x_wconf 90' lang='lat' dir='ltr'><strong>Nam</strong></span> <span class='ocrx_word' id='word_1_373' title='bbox 1380 4488 1546 4542; x_wconf 87' lang='lat' dir='ltr'><strong>fames</strong></span> <span class='ocrx_word' id='word_1_374' title='bbox 1566 4489 1716 4557; x_wconf 90' lang='lat' dir='ltr'><strong>quasi</strong></span> <span class='ocrx_word' id='word_1_375' title='bbox 1744 4488 1918 4556; x_wconf 89' lang='lat' dir='ltr'><strong>lictor,</strong></span> 
     </span>
    </p>
   </div>
   <div class='ocr_carea' id='block_1_47' title="bbox 331 4579 1920 4652">
    <p class='ocr_par' dir='ltr' id='par_1_47' title="bbox 331 4579 1920 4652">
     <span class='ocr_line' id='line_1_47' title="bbox 331 4579 1920 4652; baseline -0.002 -14"><span class='ocrx_word' id='word_1_376' title='bbox 331 4599 434 4639; x_wconf 91' lang='lat' dir='ltr'><strong>ceu</strong></span> <span class='ocrx_word' id='word_1_377' title='bbox 461 4583 689 4638; x_wconf 88' lang='lat' dir='ltr'><strong>vinculis</strong></span> <span class='ocrx_word' id='word_1_378' title='bbox 719 4583 947 4652; x_wconf 84' lang='lat' dir='ltr'><strong>injectis,</strong></span> <span class='ocrx_word' id='word_1_379' title='bbox 981 4583 1049 4635; x_wconf 92' lang='lat' dir='ltr'><strong>ita</strong></span> <span class='ocrx_word' id='word_1_380' title='bbox 1073 4583 1121 4634; x_wconf 90' lang='lat' dir='ltr'><strong>vi</strong></span> <span class='ocrx_word' id='word_1_381' title='bbox 1149 4597 1180 4633; x_wconf 91' lang='lat' dir='ltr'><strong>e</strong></span> <span class='ocrx_word' id='word_1_382' title='bbox 1200 4581 1412 4635; x_wconf 91' lang='lat' dir='ltr'><strong>deserto</strong></span> <span class='ocrx_word' id='word_1_383' title='bbox 1434 4581 1484 4632; x_wconf 90' lang='lat' dir='ltr'><strong>in</strong></span> <span class='ocrx_word' id='word_1_384' title='bbox 1508 4579 1799 4651; x_wconf 65' lang='lat' dir='ltr'><strong>Egyptum</strong></span> <span class='ocrx_word' id='word_1_385' title='bbox 1827 4595 1920 4635; x_wconf 90' lang='lat' dir='ltr'><strong>eos</strong></span> 
     </span>
    </p>
   </div>
   <div class='ocr_carea' id='block_1_48' title="bbox 331 4669 1918 4739">
    <p class='ocr_par' dir='ltr' id='par_1_48' title="bbox 331 4669 1918 4739">
     <span class='ocr_line' id='line_1_48' title="bbox 331 4669 1918 4739; baseline -0.004 -10"><span class='ocrx_word' id='word_1_386' title='bbox 331 4675 614 4729; x_wconf 82' lang='lat' dir='ltr'><strong>abstraxit.</strong></span> <span class='ocrx_word' id='word_1_387' title='bbox 642 4672 748 4728; x_wconf 87' lang='lat' dir='ltr'><strong>Sed</strong></span> <span class='ocrx_word' id='word_1_388' title='bbox 793 4673 1065 4726; x_wconf 88' lang='lat' dir='ltr'><strong>videamus</strong></span> <span class='ocrx_word' id='word_1_389' title='bbox 1103 4687 1220 4739; x_wconf 71' lang='lat' dir='ltr'><strong>qua:</strong></span> <span class='ocrx_word' id='word_1_390' title='bbox 1270 4669 1394 4724; x_wconf 90' lang='lat' dir='ltr'><strong>hinc</strong></span> <span class='ocrx_word' id='word_1_391' title='bbox 1440 4680 1750 4738; x_wconf 75' lang='lat' dir='ltr'><strong>sequantur,</strong></span> <span class='ocrx_word' id='word_1_392' title='bbox 1779 4679 1829 4723; x_wconf 93' lang='lat' dir='ltr'><strong>et</strong></span> <span class='ocrx_word' id='word_1_393' title='bbox 1865 4670 1918 4723; x_wconf 88' lang='lat' dir='ltr'><strong>in</strong></span> 
     </span>
    </p>
   </div>
   <div class='ocr_carea' id='block_1_49' title="bbox 331 4760 1920 4838">
    <p class='ocr_par' dir='ltr' id='par_1_49' title="bbox 331 4760 1920 4838">
     <span class='ocr_line' id='line_1_49' title="bbox 331 4760 1920 4838; baseline -0.004 -16"><span class='ocrx_word' id='word_1_394' title='bbox 331 4778 563 4838; x_wconf 85' lang='lat' dir='ltr'><strong>quantas</strong></span> <span class='ocrx_word' id='word_1_395' title='bbox 610 4765 949 4820; x_wconf 90' lang='lat' dir='ltr'><strong>diflicultates</strong></span> <span class='ocrx_word' id='word_1_396' title='bbox 973 4763 1147 4832; x_wconf 89' lang='lat' dir='ltr'><strong>justus</strong></span> <span class='ocrx_word' id='word_1_397' title='bbox 1174 4761 1418 4816; x_wconf 85' lang='lat' dir='ltr'><strong>inciderit</strong></span> <span class='ocrx_word' id='word_1_398' title='bbox 1447 4775 1460 4810; x_wconf 92' lang='lat'><strong>:</strong></span> <span class='ocrx_word' id='word_1_399' title='bbox 1495 4769 1553 4815; x_wconf 90' lang='lat' dir='ltr'><strong>ut</strong></span> <span class='ocrx_word' id='word_1_400' title='bbox 1578 4768 1633 4816; x_wconf 88' lang='lat' dir='ltr'><strong>et</strong></span> <span class='ocrx_word' id='word_1_401' title='bbox 1668 4761 1784 4829; x_wconf 93' lang='lat' dir='ltr'><strong>ejus</strong></span> <span class='ocrx_word' id='word_1_402' title='bbox 1812 4760 1920 4816; x_wconf 87' lang='lat' dir='ltr'><strong>for-</strong></span> 
     </span>
    </p>
   </div>
   <div class='ocr_carea' id='block_1_50' title="bbox 332 4853 1918 4920">
    <p class='ocr_par' dir='ltr' id='par_1_50' title="bbox 332 4853 1918 4920">
     <span class='ocr_line' id='line_1_50' title="bbox 332 4853 1918 4920; baseline -0.007 -4"><span class='ocrx_word' id='word_1_403' title='bbox 332 4860 616 4916; x_wconf 91' lang='lat' dir='ltr'><strong>titudinem</strong></span> <span class='ocrx_word' id='word_1_404' title='bbox 661 4858 960 4920; x_wconf 88' lang='lat' dir='ltr'><strong>discamus,</strong></span> <span class='ocrx_word' id='word_1_405' title='bbox 989 4865 1043 4909; x_wconf 90' lang='lat' dir='ltr'><strong>et</strong></span> <span class='ocrx_word' id='word_1_406' title='bbox 1091 4855 1270 4908; x_wconf 85' lang='lat' dir='ltr'><strong>uxoris</strong></span> <span class='ocrx_word' id='word_1_407' title='bbox 1308 4853 1451 4906; x_wconf 90' lang='lat' dir='ltr'><strong>illius</strong></span> <span class='ocrx_word' id='word_1_408' title='bbox 1489 4853 1763 4920; x_wconf 68' lang='lat' dir='ltr'><strong>sapientiae</strong></span> <span class='ocrx_word' id='word_1_409' title='bbox 1803 4863 1918 4907; x_wconf 87' lang='lat' dir='ltr'><strong>stu-</strong></span> 
     </span>
    </p>
   </div>
   <div class='ocr_carea' id='block_1_51' title="bbox 330 4943 1915 5015">
    <p class='ocr_par' dir='ltr' id='par_1_51' title="bbox 330 4943 1915 5015">
     <span class='ocr_line' id='line_1_51' title="bbox 330 4943 1915 5015; baseline -0.006 -9"><span class='ocrx_word' id='word_1_410' title='bbox 330 4953 543 5006; x_wconf 87' lang='lat' dir='ltr'><strong>diosam</strong></span> <span class='ocrx_word' id='word_1_411' title='bbox 574 4957 830 5003; x_wconf 91' lang='lat' dir='ltr'><strong>mentem.</strong></span> <span class='ocrx_word' id='word_1_412' title='bbox 861 4947 1146 5015; x_wconf 87' lang='lat' dir='ltr'><strong>Postquam</strong></span> <span class='ocrx_word' id='word_1_413' title='bbox 1187 4944 1344 5013; x_wconf 78' lang='lat' dir='ltr'><strong>igitur</strong></span> <span class='ocrx_word' id='word_1_414' title='bbox 1373 4943 1539 4997; x_wconf 90' lang='lat' dir='ltr'><strong>multo</strong></span> <span class='ocrx_word' id='word_1_415' title='bbox 1568 4944 1758 4998; x_wconf 88' lang='lat' dir='ltr'><strong>itinere</strong></span> <span class='ocrx_word' id='word_1_416' title='bbox 1789 4960 1915 5013; x_wconf 90' lang='lat' dir='ltr'><strong>pro—</strong></span> 
     </span>
    </p>
   </div>
   <div class='ocr_carea' id='block_1_52' title="bbox 330 5034 1910 5106">
    <p class='ocr_par' dir='ltr' id='par_1_52' title="bbox 330 5034 1910 5106">
     <span class='ocr_line' id='line_1_52' title="bbox 330 5034 1910 5106; baseline -0.004 -12"><span class='ocrx_word' id='word_1_417' title='bbox 330 5048 629 5103; x_wconf 72' lang='lat' dir='ltr'><strong>cesserant,</strong></span> <span class='ocrx_word' id='word_1_418' title='bbox 661 5049 716 5092; x_wconf 89' lang='lat' dir='ltr'><strong>et</strong></span> <span class='ocrx_word' id='word_1_419' title='bbox 743 5037 979 5106; x_wconf 87' lang='lat' dir='ltr'><strong>proxime</strong></span> <span class='ocrx_word' id='word_1_420' title='bbox 1003 5034 1292 5105; x_wconf 57' lang='lat' dir='ltr'><strong>IEgyptum</strong></span> <span class='ocrx_word' id='word_1_421' title='bbox 1317 5042 1487 5095; x_wconf 88' lang='lat' dir='ltr'><strong>erant,</strong></span> <span class='ocrx_word' id='word_1_422' title='bbox 1515 5034 1688 5103; x_wconf 87' lang='lat' dir='ltr'><strong>justus</strong></span> <span class='ocrx_word' id='word_1_423' title='bbox 1713 5049 1910 5104; x_wconf 85' lang='lat' dir='ltr'><strong>angore</strong></span> 
     </span>
    </p>
   </div>
   <div class='ocr_carea' id='block_1_53' title="bbox 331 5125 1910 5192">
    <p class='ocr_par' dir='ltr' id='par_1_53' title="bbox 331 5125 1910 5192">
     <span class='ocr_line' id='line_1_53' title="bbox 331 5125 1910 5192; baseline -0.004 -7"><span class='ocrx_word' id='word_1_424' title='bbox 331 5132 530 5186; x_wconf 83' lang='lat' dir='ltr'><strong>mentis</strong></span> <span class='ocrx_word' id='word_1_425' title='bbox 556 5129 784 5183; x_wconf 82' lang='lat' dir='ltr'><strong>afﬂictus</strong></span> <span class='ocrx_word' id='word_1_426' title='bbox 815 5136 916 5192; x_wconf 89' lang='lat' dir='ltr'><strong>est,</strong></span> <span class='ocrx_word' id='word_1_427' title='bbox 942 5136 1024 5191; x_wconf 90' lang='lat' dir='ltr'><strong>et,</strong></span> <span class='ocrx_word' id='word_1_428' title='bbox 1059 5135 1114 5179; x_wconf 91' lang='lat' dir='ltr'><strong>ut</strong></span> <span class='ocrx_word' id='word_1_429' title='bbox 1139 5126 1208 5178; x_wconf 91' lang='lat' dir='ltr'><strong>ita</strong></span> <span class='ocrx_word' id='word_1_430' title='bbox 1251 5125 1444 5190; x_wconf 89' lang='lat' dir='ltr'><strong>dicam,</strong></span> <span class='ocrx_word' id='word_1_431' title='bbox 1470 5125 1537 5180; x_wconf 92' lang='lat' dir='ltr'><strong>de</strong></span> <span class='ocrx_word' id='word_1_432' title='bbox 1563 5125 1668 5179; x_wconf 90' lang='lat' dir='ltr'><strong>vita</strong></span> <span class='ocrx_word' id='word_1_433' title='bbox 1707 5141 1801 5180; x_wconf 86' lang='lat' dir='ltr'><strong>sua</strong></span> <span class='ocrx_word' id='word_1_434' title='bbox 1841 5127 1910 5179; x_wconf 85' lang='lat' dir='ltr'><strong>ti-</strong></span> 
     </span>
    </p>
   </div>
   <div class='ocr_carea' id='block_1_54' title="bbox 331 5216 1916 5287">
    <p class='ocr_par' dir='ltr' id='par_1_54' title="bbox 331 5216 1916 5287">
     <span class='ocr_line' id='line_1_54' title="bbox 331 5216 1916 5287; baseline -0.004 -9"><span class='ocrx_word' id='word_1_435' title='bbox 331 5241 486 5278; x_wconf 87' lang='lat' dir='ltr'><strong>mens</strong></span> <span class='ocrx_word' id='word_1_436' title='bbox 517 5232 572 5278; x_wconf 87' lang='lat' dir='ltr'><strong>et</strong></span> <span class='ocrx_word' id='word_1_437' title='bbox 595 5233 828 5276; x_wconf 90' lang='lat' dir='ltr'><strong>tremens</strong></span> <span class='ocrx_word' id='word_1_438' title='bbox 851 5220 1136 5287; x_wconf 87' lang='lat' dir='ltr'><strong>alloquitur</strong></span> <span class='ocrx_word' id='word_1_439' title='bbox 1151 5233 1372 5272; x_wconf 89' lang='lat' dir='ltr'><strong>uxorem</strong></span> <span class='ocrx_word' id='word_1_440' title='bbox 1397 5232 1569 5271; x_wconf 90' lang='lat' dir='ltr'><strong>suam.</strong></span> <span class='ocrx_word' id='word_1_441' title='bbox 1591 5219 1612 5270; x_wconf 85' lang='grc'>1</span> <span class='ocrx_word' id='word_1_442' title='bbox 1631 5217 1648 5268; x_wconf 90' lang='lat' dir='ltr'><strong>l</strong></span> <span class='ocrx_word' id='word_1_443' title='bbox 1664 5257 1676 5270; x_wconf 91' lang='lat'><strong>.</strong></span> <span class='ocrx_word' id='word_1_444' title='bbox 1700 5216 1916 5271; x_wconf 84' lang='lat' dir='ltr'><strong>Factum</strong></span> 
     </span>
    </p>
   </div>
   <div class='ocr_carea' id='block_1_55' title="bbox 331 5309 1920 5386">
    <p class='ocr_par' dir='ltr' id='par_1_55' title="bbox 331 5309 1920 5386">
     <span class='ocr_line' id='line_1_55' title="bbox 331 5309 1920 5386; baseline -0.008 -14"><span class='ocrx_word' id='word_1_445' title='bbox 331 5329 402 5372; x_wconf 80' lang='lat' dir='ltr'><strong>est</strong></span> <span class='ocrx_word' id='word_1_446' title='bbox 425 5361 438 5381; x_wconf 89' lang='lat'><strong>,</strong></span> <span class='ocrx_word' id='word_1_447' title='bbox 473 5318 645 5386; x_wconf 89' lang='lat' dir='ltr'><strong>inquit</strong></span> <span class='ocrx_word' id='word_1_448' title='bbox 670 5357 683 5379; x_wconf 89' lang='lat'><strong>,</strong></span> <span class='ocrx_word' id='word_1_449' title='bbox 707 5314 908 5384; x_wconf 84' lang='lat' dir='ltr'><strong>quando</strong></span> <span class='ocrx_word' id='word_1_450' title='bbox 937 5313 1122 5365; x_wconf 85' lang='lat' dir='ltr'><strong>Abram</strong></span> <span class='ocrx_word' id='word_1_451' title='bbox 1149 5309 1602 5379; x_wconf 80' lang='lat' dir='ltr'><strong>apprOpinquabat,</strong></span> <span class='ocrx_word' id='word_1_452' title='bbox 1630 5318 1684 5362; x_wconf 88' lang='lat' dir='ltr'><strong>ut</strong></span> <span class='ocrx_word' id='word_1_453' title='bbox 1713 5309 1920 5361; x_wconf 85' lang='lat' dir='ltr'><strong>intraret</strong></span> 
     </span>
    </p>
   </div>
   <div class='ocr_carea' id='block_1_56' title="bbox 329 5398 1923 5479">
    <p class='ocr_par' dir='ltr' id='par_1_56' title="bbox 329 5398 1923 5479">
     <span class='ocr_line' id='line_1_56' title="bbox 329 5398 1923 5479; baseline -0.008 -16"><span class='ocrx_word' id='word_1_454' title='bbox 329 5412 383 5463; x_wconf 88' lang='lat' dir='ltr'><strong>in</strong></span> <span class='ocrx_word' id='word_1_455' title='bbox 418 5407 726 5479; x_wconf 75' lang='lat' dir='ltr'><strong>/Egyptum,</strong></span> <span class='ocrx_word' id='word_1_456' title='bbox 756 5405 884 5458; x_wconf 75' lang='lat' dir='ltr'><strong>dixit</strong></span> <span class='ocrx_word' id='word_1_457' title='bbox 934 5403 1080 5457; x_wconf 70' lang='lat' dir='ltr'><strong>Sara</strong></span> <span class='ocrx_word' id='word_1_458' title='bbox 1117 5401 1266 5454; x_wconf 73' lang='lat' dir='ltr'><strong>uxori</strong></span> <span class='ocrx_word' id='word_1_459' title='bbox 1292 5415 1399 5454; x_wconf 66' lang='lat' dir='ltr'><strong>sum</strong></span> <span class='ocrx_word' id='word_1_460' title='bbox 1426 5415 1444 5453; x_wconf 92' lang='lat'><strong><em>:</em></strong></span> <span class='ocrx_word' id='word_1_461' title='bbox 1470 5398 1590 5454; x_wconf 86' lang='lat' dir='ltr'><strong>Scio</strong></span> <span class='ocrx_word' id='word_1_462' title='bbox 1639 5399 1774 5467; x_wconf 85' lang='lat' dir='ltr'><strong>quod</strong></span> <span class='ocrx_word' id='word_1_463' title='bbox 1814 5399 1923 5461; x_wconf 79' lang='lat' dir='ltr'><strong>for-</strong></span> 
     </span>
    </p>
   </div>
   <div class='ocr_carea' id='block_1_57' title="bbox 330 5489 1921 5559">
    <p class='ocr_par' dir='ltr' id='par_1_57' title="bbox 330 5489 1921 5559">
     <span class='ocr_line' id='line_1_57' title="bbox 330 5489 1921 5559; baseline -0.007 -7"><span class='ocrx_word' id='word_1_464' title='bbox 330 5516 475 5552; x_wconf 86' lang='lat' dir='ltr'><strong>mosa</strong></span> <span class='ocrx_word' id='word_1_465' title='bbox 501 5500 569 5551; x_wconf 85' lang='lat' dir='ltr'><strong>sis</strong></span> <span class='ocrx_word' id='word_1_466' title='bbox 590 5497 788 5550; x_wconf 87' lang='lat' dir='ltr'><strong>mulier.</strong></span> <span class='ocrx_word' id='word_1_467' title='bbox 822 5495 910 5549; x_wconf 72' lang='lat'><strong>12.</strong></span> <span class='ocrx_word' id='word_1_468' title='bbox 934 5491 1187 5546; x_wconf 85' lang='lat' dir='ltr'><strong>Futurum</strong></span> <span class='ocrx_word' id='word_1_469' title='bbox 1212 5492 1379 5559; x_wconf 79' lang='lat' dir='ltr'><strong>itaque</strong></span> <span class='ocrx_word' id='word_1_470' title='bbox 1401 5498 1472 5543; x_wconf 88' lang='lat' dir='ltr'><strong>est</strong></span> <span class='ocrx_word' id='word_1_471' title='bbox 1499 5500 1553 5542; x_wconf 91' lang='lat' dir='ltr'><strong>ut</strong></span> <span class='ocrx_word' id='word_1_472' title='bbox 1575 5505 1686 5542; x_wconf 86' lang='lat' dir='ltr'><strong>cum</strong></span> <span class='ocrx_word' id='word_1_473' title='bbox 1709 5500 1755 5541; x_wconf 93' lang='lat' dir='ltr'><strong>te</strong></span> <span class='ocrx_word' id='word_1_474' title='bbox 1780 5489 1921 5541; x_wconf 84' lang='lat' dir='ltr'><strong>vide-</strong></span> 
     </span>
    </p>
   </div>
   <div class='ocr_carea' id='block_1_58' title="bbox 329 5583 1922 5660">
    <p class='ocr_par' dir='ltr' id='par_1_58' title="bbox 329 5583 1922 5660">
     <span class='ocr_line' id='line_1_58' title="bbox 329 5583 1922 5660; baseline -0.007 -16"><span class='ocrx_word' id='word_1_475' title='bbox 329 5594 433 5645; x_wconf 84' lang='lat' dir='ltr'><strong>rint</strong></span> <span class='ocrx_word' id='word_1_476' title='bbox 465 5589 724 5660; x_wconf 63' lang='lat' dir='ltr'><strong>zEgyptii,</strong></span> <span class='ocrx_word' id='word_1_477' title='bbox 760 5588 930 5641; x_wconf 83' lang='lat' dir='ltr'><strong>dicunt</strong></span> <span class='ocrx_word' id='word_1_478' title='bbox 957 5601 976 5639; x_wconf 90' lang='lat'><strong><em>:</em></strong></span> <span class='ocrx_word' id='word_1_479' title='bbox 1005 5583 1115 5637; x_wconf 85' lang='lat' dir='ltr'><strong>Ista</strong></span> <span class='ocrx_word' id='word_1_480' title='bbox 1153 5592 1227 5637; x_wconf 86' lang='lat' dir='ltr'><strong>est</strong></span> <span class='ocrx_word' id='word_1_481' title='bbox 1264 5599 1394 5636; x_wconf 75' lang='lat' dir='ltr'><strong>uxor</strong></span> <span class='ocrx_word' id='word_1_482' title='bbox 1426 5583 1575 5652; x_wconf 85' lang='lat' dir='ltr'><strong>ejus;</strong></span> <span class='ocrx_word' id='word_1_483' title='bbox 1610 5591 1656 5634; x_wconf 89' lang='lat' dir='ltr'><strong>et</strong></span> <span class='ocrx_word' id='word_1_484' title='bbox 1697 5583 1922 5634; x_wconf 81' lang='lat' dir='ltr'><strong>occident</strong></span> 
     </span>
    </p>
   </div>
   <div class='ocr_carea' id='block_1_59' title="bbox 332 5671 1916 5746">
    <p class='ocr_par' dir='ltr' id='par_1_59' title="bbox 332 5671 1916 5746">
     <span class='ocr_line' id='line_1_59' title="bbox 332 5671 1916 5746; baseline -0.006 -12"><span class='ocrx_word' id='word_1_485' title='bbox 332 5699 432 5746; x_wconf 81' lang='lat' dir='ltr'><strong>me,</strong></span> <span class='ocrx_word' id='word_1_486' title='bbox 463 5690 509 5734; x_wconf 91' lang='lat' dir='ltr'><strong>te</strong></span> <span class='ocrx_word' id='word_1_487' title='bbox 535 5689 702 5733; x_wconf 85' lang='lat' dir='ltr'><strong>autent</strong></span> <span class='ocrx_word' id='word_1_488' title='bbox 723 5678 1006 5731; x_wconf 87' lang='lat' dir='ltr'><strong>servabunt.</strong></span> <span class='ocrx_word' id='word_1_489' title='bbox 1035 5675 1122 5729; x_wconf 78' lang='grc'><strong>15.</strong></span> <span class='ocrx_word' id='word_1_490' title='bbox 1153 5673 1250 5726; x_wconf 86' lang='lat' dir='ltr'><strong>Dic</strong></span> <span class='ocrx_word' id='word_1_491' title='bbox 1271 5673 1444 5742; x_wconf 89' lang='lat' dir='ltr'><strong>igitur,</strong></span> <span class='ocrx_word' id='word_1_492' title='bbox 1469 5671 1631 5726; x_wconf 88' lang='lat' dir='ltr'><strong>Soror</strong></span> <span class='ocrx_word' id='word_1_493' title='bbox 1655 5672 1764 5740; x_wconf 86' lang='lat' dir='ltr'><strong>ejus</strong></span> <span class='ocrx_word' id='word_1_494' title='bbox 1788 5689 1916 5736; x_wconf 88' lang='lat' dir='ltr'><strong>sum,</strong></span> 
     </span>
    </p>
   </div>
   <div class='ocr_carea' id='block_1_60' title="bbox 330 5764 1925 5841">
    <p class='ocr_par' dir='ltr' id='par_1_60' title="bbox 330 5764 1925 5841">
     <span class='ocr_line' id='line_1_60' title="bbox 330 5764 1925 5841; baseline -0.006 -15"><span class='ocrx_word' id='word_1_495' title='bbox 330 5785 386 5826; x_wconf 87' lang='lat' dir='ltr'><strong>ut</strong></span> <span class='ocrx_word' id='word_1_496' title='bbox 419 5773 542 5825; x_wconf 85' lang='lat' dir='ltr'><strong>mihi</strong></span> <span class='ocrx_word' id='word_1_497' title='bbox 567 5777 774 5841; x_wconf 84' lang='lat' dir='ltr'><strong>prapter</strong></span> <span class='ocrx_word' id='word_1_498' title='bbox 809 5780 856 5823; x_wconf 89' lang='lat' dir='ltr'><strong>te</strong></span> <span class='ocrx_word' id='word_1_499' title='bbox 884 5769 1002 5822; x_wconf 84' lang='lat' dir='ltr'><strong>bene</strong></span> <span class='ocrx_word' id='word_1_500' title='bbox 1027 5767 1108 5830; x_wconf 83' lang='lat' dir='ltr'><strong>sit,</strong></span> <span class='ocrx_word' id='word_1_501' title='bbox 1133 5773 1178 5818; x_wconf 83' lang='lat' dir='ltr'><strong>ct</strong></span> <span class='ocrx_word' id='word_1_502' title='bbox 1216 5764 1338 5817; x_wconf 85' lang='lat' dir='ltr'><strong>vivet</strong></span> <span class='ocrx_word' id='word_1_503' title='bbox 1376 5764 1545 5816; x_wconf 87' lang='lat' dir='ltr'><strong>anima</strong></span> <span class='ocrx_word' id='word_1_504' title='bbox 1584 5779 1694 5817; x_wconf 85' lang='lat' dir='ltr'><strong>mea</strong></span> <span class='ocrx_word' id='word_1_505' title='bbox 1721 5775 1925 5834; x_wconf 80' lang='lat' dir='ltr'><strong>propter</strong></span> 
     </span>
    </p>
   </div>
   <div class='ocr_carea' id='block_1_61' title="bbox 1385 348 2612 418">
    <p class='ocr_par' dir='ltr' id='par_1_61' title="bbox 1385 348 2612 418">
     <span class='ocr_line' id='line_1_61' title="bbox 1385 348 2612 418; baseline 0.011 -15"><span class='ocrx_word' id='word_1_506' title='bbox 1385 348 1452 404; x_wconf 85' lang='lat' dir='ltr'><strong>IN</strong></span> <span class='ocrx_word' id='word_1_507' title='bbox 1489 349 1642 406; x_wconf 78' lang='lat' dir='ltr'><strong>CAP.</strong></span> <span class='ocrx_word' id='word_1_508' title='bbox 1688 349 1803 406; x_wconf 82' lang='lat' dir='ltr'><strong>XII.</strong></span> <span class='ocrx_word' id='word_1_509' title='bbox 1842 352 2085 410; x_wconf 77' lang='lat' dir='ltr'><strong>GENES.</strong></span> <span class='ocrx_word' id='word_1_510' title='bbox 2127 355 2354 412; x_wconf 78' lang='lat' dir='ltr'><strong>HOMIL.</strong></span> <span class='ocrx_word' id='word_1_511' title='bbox 2397 359 2612 418; x_wconf 77' lang='lat' dir='ltr'><strong>XXXII.</strong></span> 
     </span>
    </p>
   </div>
   <div class='ocr_carea' id='block_1_62' title="bbox 3522 373 3626 431">
    <p class='ocr_par' dir='ltr' id='par_1_62' title="bbox 3522 373 3626 431">
     <span class='ocr_line' id='line_1_62' title="bbox 3522 373 3626 431; baseline 0.048 -4"><span class='ocrx_word' id='word_1_512' title='bbox 3522 373 3626 431; x_wconf 73' lang='lat'><strong>298</strong></span> 
     </span>
    </p>
   </div>
   <div class='ocr_carea' id='block_1_63' title="bbox 2052 466 3628 547">
    <p class='ocr_par' dir='ltr' id='par_1_63' title="bbox 2052 466 3628 547">
     <span class='ocr_line' id='line_1_63' title="bbox 2052 466 3628 547; baseline 0.016 -28"><span class='ocrx_word' id='word_1_513' title='bbox 2052 476 2124 520; x_wconf 82' lang='lat' dir='ltr'><strong>te.</strong></span> <span class='ocrx_word' id='word_1_514' title='bbox 2151 466 2334 523; x_wconf 87' lang='lat' dir='ltr'><strong>Vidisti</strong></span> <span class='ocrx_word' id='word_1_515' title='bbox 2360 487 2424 525; x_wconf 89' lang='lat' dir='ltr'><strong>ex</strong></span> <span class='ocrx_word' id='word_1_516' title='bbox 2457 475 2655 537; x_wconf 87' lang='lat' dir='ltr'><strong>verbis,</strong></span> <span class='ocrx_word' id='word_1_517' title='bbox 2700 475 2750 526; x_wconf 92' lang='lat' dir='ltr'><strong>in</strong></span> <span class='ocrx_word' id='word_1_518' title='bbox 2779 485 2974 544; x_wconf 75' lang='lat' dir='ltr'><strong>quanto</strong></span> <span class='ocrx_word' id='word_1_519' title='bbox 3004 492 3201 547; x_wconf 82' lang='lat' dir='ltr'><strong>angore</strong></span> <span class='ocrx_word' id='word_1_520' title='bbox 3233 489 3289 534; x_wconf 90' lang='lat' dir='ltr'><strong>et</strong></span> <span class='ocrx_word' id='word_1_521' title='bbox 3330 493 3470 538; x_wconf 91' lang='lat' dir='ltr'><strong>metu</strong></span> <span class='ocrx_word' id='word_1_522' title='bbox 3497 501 3628 543; x_wconf 87' lang='lat' dir='ltr'><strong>con-</strong></span> 
     </span>
    </p>
   </div>
   <div class='ocr_carea' id='block_1_64' title="bbox 2049 557 3625 638">
    <p class='ocr_par' dir='ltr' id='par_1_64' title="bbox 2049 557 3625 638">
     <span class='ocr_line' id='line_1_64' title="bbox 2049 557 3625 638; baseline 0.014 -26"><span class='ocrx_word' id='word_1_523' title='bbox 2049 557 2260 612; x_wconf 79' lang='lat' dir='ltr'><strong>stitutus</strong></span> <span class='ocrx_word' id='word_1_524' title='bbox 2303 561 2460 615; x_wconf 87' lang='lat' dir='ltr'><strong>fuerit</strong></span> <span class='ocrx_word' id='word_1_525' title='bbox 2495 562 2710 631; x_wconf 87' lang='lat' dir='ltr'><strong>justus:</strong></span> <span class='ocrx_word' id='word_1_526' title='bbox 2742 582 2915 638; x_wconf 87' lang='lat' dir='ltr'><strong>neque</strong></span> <span class='ocrx_word' id='word_1_527' title='bbox 2955 578 3129 625; x_wconf 85' lang='lat' dir='ltr'><strong>tamen</strong></span> <span class='ocrx_word' id='word_1_528' title='bbox 3177 573 3486 632; x_wconf 86' lang='lat' dir='ltr'><strong>turbabatur</strong></span> <span class='ocrx_word' id='word_1_529' title='bbox 3509 582 3625 634; x_wconf 89' lang='lat' dir='ltr'><strong>ani-</strong></span> 
     </span>
    </p>
   </div>
   <div class='ocr_carea' id='block_1_65' title="bbox 2047 654 3629 729">
    <p class='ocr_par' dir='ltr' id='par_1_65' title="bbox 2047 654 3629 729">
     <span class='ocr_line' id='line_1_65' title="bbox 2047 654 3629 729; baseline 0.014 -28"><span class='ocrx_word' id='word_1_530' title='bbox 2047 663 2138 702; x_wconf 90' lang='lat' dir='ltr'><strong>mo</strong></span> <span class='ocrx_word' id='word_1_531' title='bbox 2161 690 2175 712; x_wconf 91' lang='lat'><strong>,</strong></span> <span class='ocrx_word' id='word_1_532' title='bbox 2205 666 2377 720; x_wconf 84' lang='lat' dir='ltr'><strong>neque</strong></span> <span class='ocrx_word' id='word_1_533' title='bbox 2401 654 2636 722; x_wconf 85' lang='lat' dir='ltr'><strong>cogitans</strong></span> <span class='ocrx_word' id='word_1_534' title='bbox 2668 656 2801 710; x_wconf 89' lang='lat' dir='ltr'><strong>intra</strong></span> <span class='ocrx_word' id='word_1_535' title='bbox 2830 673 2909 725; x_wconf 90' lang='lat' dir='ltr'><strong>se,</strong></span> <span class='ocrx_word' id='word_1_536' title='bbox 2940 659 3146 715; x_wconf 87' lang='lat' dir='ltr'><strong>dicebat</strong></span> <span class='ocrx_word' id='word_1_537' title='bbox 3175 680 3188 714; x_wconf 93' lang='lat'>:</span> <span class='ocrx_word' id='word_1_538' title='bbox 3215 665 3350 729; x_wconf 88' lang='lat' dir='ltr'><strong>Quid</strong></span> <span class='ocrx_word' id='word_1_539' title='bbox 3380 667 3480 720; x_wconf 91' lang='lat' dir='ltr'><strong>hoc</strong></span> <span class='ocrx_word' id='word_1_540' title='bbox 3504 671 3629 723; x_wconf 86' lang='lat' dir='ltr'><strong>est?</strong></span> 
     </span>
    </p>
   </div>
   <div class='ocr_carea' id='block_1_66' title="bbox 2050 742 3630 820">
    <p class='ocr_par' dir='ltr' id='par_1_66' title="bbox 2050 742 3630 820">
     <span class='ocr_line' id='line_1_66' title="bbox 2050 742 3630 820; baseline 0.013 -27"><span class='ocrx_word' id='word_1_541' title='bbox 2050 755 2174 794; x_wconf 90' lang='lat' dir='ltr'><strong>num</strong></span> <span class='ocrx_word' id='word_1_542' title='bbox 2211 742 2443 798; x_wconf 88' lang='lat' dir='ltr'><strong>derelicti</strong></span> <span class='ocrx_word' id='word_1_543' title='bbox 2487 761 2668 802; x_wconf 87' lang='lat' dir='ltr'><strong>sumus</strong></span> <span class='ocrx_word' id='word_1_544' title='bbox 2690 747 2712 800; x_wconf 91' lang='lat'><strong>?</strong></span> <span class='ocrx_word' id='word_1_545' title='bbox 2732 765 2858 803; x_wconf 91' lang='lat' dir='ltr'><strong>num</strong></span> <span class='ocrx_word' id='word_1_546' title='bbox 2884 751 3089 820; x_wconf 87' lang='lat' dir='ltr'><strong>decepti</strong></span> <span class='ocrx_word' id='word_1_547' title='bbox 3128 769 3311 811; x_wconf 88' lang='lat' dir='ltr'><strong>sumus</strong></span> <span class='ocrx_word' id='word_1_548' title='bbox 3331 760 3354 810; x_wconf 66' lang='grc' dir='ltr'><strong><em>ἲ</em></strong></span> <span class='ocrx_word' id='word_1_549' title='bbox 3376 775 3500 814; x_wconf 91' lang='lat' dir='ltr'><strong>num</strong></span> <span class='ocrx_word' id='word_1_550' title='bbox 3533 777 3630 816; x_wconf 84' lang='lat' dir='ltr'><strong>nos</strong></span> 
     </span>
    </p>
   </div>
   <div class='ocr_carea' id='block_1_67' title="bbox 2055 831 3625 918">
    <p class='ocr_par' dir='ltr' id='par_1_67' title="bbox 2055 831 3625 918">
     <span class='ocr_line' id='line_1_67' title="bbox 2055 831 3625 918; baseline 0.015 -37"><span class='ocrx_word' id='word_1_551' title='bbox 2055 831 2378 897; x_wconf 86' lang='lat' dir='ltr'><strong>providentia</strong></span> <span class='ocrx_word' id='word_1_552' title='bbox 2406 849 2498 888; x_wconf 88' lang='lat' dir='ltr'><strong>sua</strong></span> <span class='ocrx_word' id='word_1_553' title='bbox 2522 835 2758 891; x_wconf 90' lang='lat' dir='ltr'><strong>destituit</strong></span> <span class='ocrx_word' id='word_1_554' title='bbox 2787 840 3071 896; x_wconf 87' lang='lat' dir='ltr'><strong>Dominus?</strong></span> <span class='ocrx_word' id='word_1_555' title='bbox 3096 861 3220 898; x_wconf 89' lang='lat' dir='ltr'><strong>num</strong></span> <span class='ocrx_word' id='word_1_556' title='bbox 3248 847 3336 902; x_wconf 90' lang='lat' dir='ltr'><strong>ille</strong></span> <span class='ocrx_word' id='word_1_557' title='bbox 3361 851 3449 918; x_wconf 91' lang='lat' dir='ltr'><strong>qui</strong></span> <span class='ocrx_word' id='word_1_558' title='bbox 3473 851 3625 906; x_wconf 85' lang='lat' dir='ltr'><strong>dixit:</strong></span> 
     </span>
    </p>
   </div>
   <div class='ocr_carea' id='block_1_68' title="bbox 2048 916 3628 998">
    <p class='ocr_par' dir='ltr' id='par_1_68' title="bbox 2048 916 3628 998">
     <span class='ocr_line' id='line_1_68' title="bbox 2048 916 3628 998; baseline 0.018 -30"><span class='ocrx_word' id='word_1_559' title='bbox 2048 916 2387 988; x_wconf 80' lang='lat' dir='ltr'><strong>Magniﬁcabo</strong></span> <span class='ocrx_word' id='word_1_560' title='bbox 2426 932 2500 988; x_wconf 80' lang='lat' dir='ltr'><strong>te,</strong></span> <span class='ocrx_word' id='word_1_561' title='bbox 2536 935 2580 978; x_wconf 88' lang='lat' dir='ltr'><strong>et</strong></span> <span class='ocrx_word' id='word_1_562' title='bbox 2605 929 2781 980; x_wconf 84' lang='lat' dir='ltr'><strong>semini</strong></span> <span class='ocrx_word' id='word_1_563' title='bbox 2813 939 2896 982; x_wconf 87' lang='lat' dir='ltr'><strong>tuo</strong></span> <span class='ocrx_word' id='word_1_564' title='bbox 2939 931 3068 986; x_wconf 81' lang='lat' dir='ltr'><strong>dabo</strong></span> <span class='ocrx_word' id='word_1_565' title='bbox 3113 945 3296 990; x_wconf 86' lang='lat' dir='ltr'><strong>terram</strong></span> <span class='ocrx_word' id='word_1_566' title='bbox 3334 916 3463 993; x_wconf 77' lang='lat' dir='ltr'><strong>lianc</strong></span> <span class='ocrx_word' id='word_1_567' title='bbox 3485 960 3503 994; x_wconf 83' lang='lat'><strong>.&#39;</strong></span> <span class='ocrx_word' id='word_1_568' title='bbox 3531 960 3628 998; x_wconf 92' lang='lat' dir='ltr'><strong>nos</strong></span> 
     </span>
    </p>
   </div>
   <div class='ocr_carea' id='block_1_69' title="bbox 2045 1008 3630 1095">
    <p class='ocr_par' dir='ltr' id='par_1_69' title="bbox 2045 1008 3630 1095">
     <span class='ocr_line' id='line_1_69' title="bbox 2045 1008 3630 1095; baseline 0.018 -34"><span class='ocrx_word' id='word_1_569' title='bbox 2045 1008 2114 1061; x_wconf 89' lang='lat' dir='ltr'><strong>ita</strong></span> <span class='ocrx_word' id='word_1_570' title='bbox 2140 1012 2389 1081; x_wconf 91' lang='lat' dir='ltr'><strong>relinquit</strong></span> <span class='ocrx_word' id='word_1_571' title='bbox 2411 1031 2551 1069; x_wconf 90' lang='lat' dir='ltr'><strong>nunc</strong></span> <span class='ocrx_word' id='word_1_572' title='bbox 2579 1025 2634 1070; x_wconf 85' lang='lat' dir='ltr'><strong>Iit</strong></span> <span class='ocrx_word' id='word_1_573' title='bbox 2659 1019 2724 1070; x_wconf 88' lang='lat' dir='ltr'><strong>de</strong></span> <span class='ocrx_word' id='word_1_574' title='bbox 2745 1023 2996 1076; x_wconf 81' lang='lat' dir='ltr'><strong>extremis</strong></span> <span class='ocrx_word' id='word_1_575' title='bbox 3022 1025 3323 1095; x_wconf 80' lang='lat' dir='ltr'><strong>timeamus,</strong></span> <span class='ocrx_word' id='word_1_576' title='bbox 3356 1040 3409 1084; x_wconf 89' lang='lat' dir='ltr'><strong>et</strong></span> <span class='ocrx_word' id='word_1_577' title='bbox 3435 1033 3487 1086; x_wconf 87' lang='lat' dir='ltr'><strong>in</strong></span> <span class='ocrx_word' id='word_1_578' title='bbox 3515 1051 3630 1088; x_wconf 85' lang='lat' dir='ltr'><strong>ma-</strong></span> 
     </span>
    </p>
   </div>
   <div class='ocr_carea' id='block_1_70' title="bbox 2045 1098 3624 1180">
    <p class='ocr_par' dir='ltr' id='par_1_70' title="bbox 2045 1098 3624 1180">
     <span class='ocr_line' id='line_1_70' title="bbox 2045 1098 3624 1180; baseline 0.019 -29"><span class='ocrx_word' id='word_1_579' title='bbox 2045 1098 2292 1155; x_wconf 86' lang='lat' dir='ltr'><strong>nifestum</strong></span> <span class='ocrx_word' id='word_1_580' title='bbox 2340 1101 2632 1162; x_wconf 82' lang='lat' dir='ltr'><strong>incidamus</strong></span> <span class='ocrx_word' id='word_1_581' title='bbox 2678 1113 3008 1177; x_wconf 83' lang='lat' dir='ltr'><strong>perieulum?</strong></span> <span class='ocrx_word' id='word_1_582' title='bbox 3049 1116 3187 1170; x_wconf 88' lang='lat' dir='ltr'><strong>Nihil</strong></span> <span class='ocrx_word' id='word_1_583' title='bbox 3228 1119 3414 1176; x_wconf 90' lang='lat' dir='ltr'><strong>horum</strong></span> <span class='ocrx_word' id='word_1_584' title='bbox 3455 1127 3536 1179; x_wconf 78' lang='lat' dir='ltr'><strong>vel</strong></span> <span class='ocrx_word' id='word_1_585' title='bbox 3574 1129 3624 1180; x_wconf 91' lang='lat' dir='ltr'><strong>in</strong></span> 
     </span>
    </p>
   </div>
   <div class='ocr_carea' id='block_1_71' title="bbox 2044 1194 3623 1276">
    <p class='ocr_par' dir='ltr' id='par_1_71' title="bbox 2044 1194 3623 1276">
     <span class='ocr_line' id='line_1_71' title="bbox 2044 1194 3623 1276; baseline 0.019 -35"><span class='ocrx_word' id='word_1_586' title='bbox 2044 1201 2276 1246; x_wconf 90' lang='lat' dir='ltr'><strong>mentem</strong></span> <span class='ocrx_word' id='word_1_587' title='bbox 2317 1194 2700 1251; x_wconf 87' lang='lat' dir='ltr'><strong>admittendum</strong></span> <span class='ocrx_word' id='word_1_588' title='bbox 2729 1205 3052 1260; x_wconf 87' lang='lat' dir='ltr'><strong>existimavit</strong></span> <span class='ocrx_word' id='word_1_589' title='bbox 3086 1208 3258 1276; x_wconf 89' lang='lat' dir='ltr'><strong>justus</strong></span> <span class='ocrx_word' id='word_1_590' title='bbox 3285 1253 3298 1276; x_wconf 87' lang='lat'><strong>,</strong></span> <span class='ocrx_word' id='word_1_591' title='bbox 3331 1214 3423 1268; x_wconf 84' lang='lat' dir='ltr'><strong>scd</strong></span> <span class='ocrx_word' id='word_1_592' title='bbox 3463 1232 3623 1272; x_wconf 89' lang='lat' dir='ltr'><strong>unum</strong></span> 
     </span>
    </p>
   </div>
   <div class='ocr_carea' id='block_1_72' title="bbox 2042 1280 3626 1375">
    <p class='ocr_par' dir='ltr' id='par_1_72' title="bbox 2042 1280 3626 1375">
     <span class='ocr_line' id='line_1_72' title="bbox 2042 1280 3626 1375; baseline 0.019 -41"><span class='ocrx_word' id='word_1_593' title='bbox 2042 1280 2144 1336; x_wconf 90' lang='lat' dir='ltr'><strong>hoc</strong></span> <span class='ocrx_word' id='word_1_594' title='bbox 2184 1286 2434 1352; x_wconf 85' lang='lat' dir='ltr'><strong>curabat,</strong></span> <span class='ocrx_word' id='word_1_595' title='bbox 2464 1291 2730 1359; x_wconf 85' lang='lat' dir='ltr'><strong>quomodo</strong></span> <span class='ocrx_word' id='word_1_596' title='bbox 2772 1306 2886 1348; x_wconf 86' lang='lat' dir='ltr'><strong>arte</strong></span> <span class='ocrx_word' id='word_1_597' title='bbox 2925 1298 3096 1367; x_wconf 86' lang='lat' dir='ltr'><strong>aliqua</strong></span> <span class='ocrx_word' id='word_1_598' title='bbox 3125 1307 3417 1372; x_wconf 84' lang='lat' dir='ltr'><strong>excogitata</strong></span> <span class='ocrx_word' id='word_1_599' title='bbox 3450 1320 3626 1375; x_wconf 81' lang='lat' dir='ltr'><strong>posset</strong></span> 
     </span>
    </p>
   </div>
   <div class='ocr_carea' id='block_1_73' title="bbox 2041 1373 3622 1471">
    <p class='ocr_par' dir='ltr' id='par_1_73' title="bbox 2041 1373 3622 1471">
     <span class='ocr_line' id='line_1_73' title="bbox 2041 1373 3622 1471; baseline 0.019 -46"><span class='ocrx_word' id='word_1_600' title='bbox 2041 1373 2193 1427; x_wconf 90' lang='lat' dir='ltr'><strong>famis</strong></span> <span class='ocrx_word' id='word_1_601' title='bbox 2217 1377 2507 1432; x_wconf 90' lang='lat' dir='ltr'><strong>remedium</strong></span> <span class='ocrx_word' id='word_1_602' title='bbox 2546 1397 2608 1434; x_wconf 90' lang='lat' dir='ltr'><strong>ac</strong></span> <span class='ocrx_word' id='word_1_603' title='bbox 2633 1387 3047 1442; x_wconf 84' lang='lat' dir='ltr'><strong>consolationem</strong></span> <span class='ocrx_word' id='word_1_604' title='bbox 3081 1393 3337 1461; x_wconf 80' lang='lat' dir='ltr'><strong>invenire,</strong></span> <span class='ocrx_word' id='word_1_605' title='bbox 3370 1407 3424 1451; x_wconf 86' lang='lat' dir='ltr'><strong>et</strong></span> <span class='ocrx_word' id='word_1_606' title='bbox 3451 1373 3622 1471; x_wconf 56' lang='lat' dir='ltr'><strong>Egy-</strong></span> 
     </span>
    </p>
   </div>
   <div class='ocr_carea' id='block_1_74' title="bbox 2041 1465 3625 1558">
    <p class='ocr_par' dir='ltr' id='par_1_74' title="bbox 2041 1465 3625 1558">
     <span class='ocr_line' id='line_1_74' title="bbox 2041 1465 3625 1558; baseline 0.02 -44"><span class='ocrx_word' id='word_1_607' title='bbox 2041 1465 2270 1532; x_wconf 89' lang='lat' dir='ltr'><strong>ptiorum</strong></span> <span class='ocrx_word' id='word_1_608' title='bbox 2303 1485 2489 1522; x_wconf 90' lang='lat' dir='ltr'><strong>manus</strong></span> <span class='ocrx_word' id='word_1_609' title='bbox 2518 1472 2767 1542; x_wconf 81' lang='lat' dir='ltr'><strong>elI&#39;ugcre.</strong></span> <span class='ocrx_word' id='word_1_610' title='bbox 2800 1477 2921 1530; x_wconf 88' lang='lat' dir='ltr'><strong>Scio</strong></span> <span class='ocrx_word' id='word_1_611' title='bbox 2944 1521 2958 1543; x_wconf 92' lang='lat'><strong>,</strong></span> <span class='ocrx_word' id='word_1_612' title='bbox 2995 1483 3194 1551; x_wconf 89' lang='lat' dir='ltr'><strong>inquit,</strong></span> <span class='ocrx_word' id='word_1_613' title='bbox 3225 1490 3360 1556; x_wconf 82' lang='lat' dir='ltr'><strong>quod</strong></span> <span class='ocrx_word' id='word_1_614' title='bbox 3403 1465 3625 1558; x_wconf 40' lang='lat' dir='ltr'><strong>[arula-sa</strong></span> 
     </span>
    </p>
   </div>
   <div class='ocr_carea' id='block_1_75' title="bbox 2039 1555 3620 1637">
    <p class='ocr_par' dir='ltr' id='par_1_75' title="bbox 2039 1555 3620 1637">
     <span class='ocr_line' id='line_1_75' title="bbox 2039 1555 3620 1637; baseline 0.022 -34"><span class='ocrx_word' id='word_1_615' title='bbox 2039 1555 2218 1607; x_wconf 80' lang='lat' dir='ltr'><strong>mulier</strong></span> <span class='ocrx_word' id='word_1_616' title='bbox 2245 1557 2333 1610; x_wconf 80' lang='lat' dir='ltr'><strong>sis.</strong></span> <span class='ocrx_word' id='word_1_617' title='bbox 2364 1559 2494 1614; x_wconf 91' lang='lat' dir='ltr'><strong>Vide</strong></span> <span class='ocrx_word' id='word_1_618' title='bbox 2518 1575 2712 1631; x_wconf 87' lang='lat' dir='ltr'><strong>quanta</strong></span> <span class='ocrx_word' id='word_1_619' title='bbox 2744 1569 2980 1623; x_wconf 75' lang='lat' dir='ltr'><strong>mulieris</strong></span> <span class='ocrx_word' id='word_1_620' title='bbox 3001 1582 3114 1626; x_wconf 85' lang='lat' dir='ltr'><strong>erat</strong></span> <span class='ocrx_word' id='word_1_621' title='bbox 3142 1555 3473 1633; x_wconf 79' lang='lat' dir='ltr'><strong>formositas:</strong></span> <span class='ocrx_word' id='word_1_622' title='bbox 3500 1600 3620 1637; x_wconf 78' lang='lat' dir='ltr'><strong>nam</strong></span> 
     </span>
    </p>
   </div>
   <div class='ocr_carea' id='block_1_76' title="bbox 2038 1649 3620 1735">
    <p class='ocr_par' dir='ltr' id='par_1_76' title="bbox 2038 1649 3620 1735">
     <span class='ocr_line' id='line_1_76' title="bbox 2038 1649 3620 1735; baseline 0.018 -38"><span class='ocrx_word' id='word_1_623' title='bbox 2038 1655 2234 1700; x_wconf 91' lang='lat' dir='ltr'><strong>etcum</strong></span> <span class='ocrx_word' id='word_1_624' title='bbox 2263 1649 2313 1702; x_wconf 92' lang='lat' dir='ltr'><strong>in</strong></span> <span class='ocrx_word' id='word_1_625' title='bbox 2343 1665 2610 1708; x_wconf 89' lang='lat' dir='ltr'><strong>senectam</strong></span> <span class='ocrx_word' id='word_1_626' title='bbox 2633 1656 2741 1724; x_wconf 87' lang='lat' dir='ltr'><strong>jam</strong></span> <span class='ocrx_word' id='word_1_627' title='bbox 2773 1672 3044 1731; x_wconf 81' lang='lat' dir='ltr'><strong>vergeret,</strong></span> <span class='ocrx_word' id='word_1_628' title='bbox 3077 1676 3131 1718; x_wconf 87' lang='lat' dir='ltr'><strong>et</strong></span> <span class='ocrx_word' id='word_1_629' title='bbox 3167 1679 3285 1735; x_wconf 90' lang='lat' dir='ltr'><strong>post</strong></span> <span class='ocrx_word' id='word_1_630' title='bbox 3327 1679 3405 1725; x_wconf 84' lang='lat' dir='ltr'><strong>tot</strong></span> <span class='ocrx_word' id='word_1_631' title='bbox 3449 1689 3620 1727; x_wconf 85' lang='lat' dir='ltr'><strong>atmo-</strong></span> 
     </span>
    </p>
   </div>
   <div class='ocr_carea' id='block_1_77' title="bbox 2038 1745 3623 1819">
    <p class='ocr_par' dir='ltr' id='par_1_77' title="bbox 2038 1745 3623 1819">
     <span class='ocr_line' id='line_1_77' title="bbox 2038 1745 3623 1819; baseline 0.02 -32"><span class='ocrx_word' id='word_1_632' title='bbox 2038 1749 2153 1788; x_wconf 90' lang='lat' dir='ltr'><strong>rnm</strong></span> <span class='ocrx_word' id='word_1_633' title='bbox 2185 1753 2459 1794; x_wconf 89' lang='lat' dir='ltr'><strong>numerum</strong></span> <span class='ocrx_word' id='word_1_634' title='bbox 2482 1785 2496 1808; x_wconf 96' lang='lat'><strong>,</strong></span> <span class='ocrx_word' id='word_1_635' title='bbox 2523 1745 2698 1801; x_wconf 91' lang='lat' dir='ltr'><strong>adhuc</strong></span> <span class='ocrx_word' id='word_1_636' title='bbox 2717 1750 2796 1802; x_wconf 92' lang='lat' dir='ltr'><strong>vis</strong></span> <span class='ocrx_word' id='word_1_637' title='bbox 2819 1753 3225 1819; x_wconf 84' lang='lat' dir='ltr'><strong>pulchritudinis</strong></span> <span class='ocrx_word' id='word_1_638' title='bbox 3248 1759 3297 1812; x_wconf 96' lang='lat' dir='ltr'><strong>in</strong></span> <span class='ocrx_word' id='word_1_639' title='bbox 3326 1759 3460 1816; x_wconf 88' lang='lat' dir='ltr'><strong>faeie</strong></span> <span class='ocrx_word' id='word_1_640' title='bbox 3489 1767 3623 1818; x_wconf 83' lang='lat' dir='ltr'><strong>emi-</strong></span> 
     </span>
    </p>
   </div>
   <div class='ocr_carea' id='block_1_78' title="bbox 2005 1827 3619 1922">
    <p class='ocr_par' dir='ltr' id='par_1_78' title="bbox 2005 1827 3619 1922">
     <span class='ocr_line' id='line_1_78' title="bbox 2005 1827 3619 1922; baseline 0.021 -45"><span class='ocrx_word' id='word_1_641' title='bbox 2005 1896 2010 1898; x_wconf 87' lang='lat'>_</span> <span class='ocrx_word' id='word_1_642' title='bbox 2037 1827 2210 1922; x_wconf 82' lang='lat' dir='ltr'><strong>cabat,</strong></span> <span class='ocrx_word' id='word_1_643' title='bbox 2238 1833 2395 1886; x_wconf 90' lang='lat' dir='ltr'><strong>etiam</strong></span> <span class='ocrx_word' id='word_1_644' title='bbox 2423 1847 2541 1902; x_wconf 91' lang='lat' dir='ltr'><strong>post</strong></span> <span class='ocrx_word' id='word_1_645' title='bbox 2571 1847 2649 1892; x_wconf 92' lang='lat' dir='ltr'><strong>tot</strong></span> <span class='ocrx_word' id='word_1_646' title='bbox 2679 1840 2884 1897; x_wconf 87' lang='lat' dir='ltr'><strong>labores</strong></span> <span class='ocrx_word' id='word_1_647' title='bbox 2912 1856 2966 1898; x_wconf 92' lang='lat' dir='ltr'><strong>et</strong></span> <span class='ocrx_word' id='word_1_648' title='bbox 2989 1862 3274 1916; x_wconf 82' lang='lat' dir='ltr'><strong>aerumnas,</strong></span> <span class='ocrx_word' id='word_1_649' title='bbox 3296 1869 3426 1921; x_wconf 88' lang='lat' dir='ltr'><strong>quas</strong></span> <span class='ocrx_word' id='word_1_650' title='bbox 3453 1857 3502 1922; x_wconf 78' lang='lat' dir='ltr'><strong>in</strong></span> <span class='ocrx_word' id='word_1_651' title='bbox 3539 1861 3619 1911; x_wconf 85' lang='lat' dir='ltr'><strong>via</strong></span> 
     </span>
    </p>
   </div>
   <div class='ocr_carea' id='block_1_79' title="bbox 2038 1917 3621 2008">
    <p class='ocr_par' dir='ltr' id='par_1_79' title="bbox 2038 1917 3621 2008">
     <span class='ocr_line' id='line_1_79' title="bbox 2038 1917 3621 2008; baseline 0.021 -38"><span class='ocrx_word' id='word_1_652' title='bbox 2038 1917 2104 1970; x_wconf 88' lang='lat' dir='ltr'><strong>de</strong></span> <span class='ocrx_word' id='word_1_653' title='bbox 2138 1920 2266 1975; x_wconf 92' lang='lat' dir='ltr'><strong>locis</strong></span> <span class='ocrx_word' id='word_1_654' title='bbox 2301 1924 2356 1978; x_wconf 92' lang='lat' dir='ltr'><strong>in</strong></span> <span class='ocrx_word' id='word_1_655' title='bbox 2384 1926 2498 1981; x_wconf 90' lang='lat' dir='ltr'><strong>loca</strong></span> <span class='ocrx_word' id='word_1_656' title='bbox 2538 1935 2859 1989; x_wconf 86' lang='lat' dir='ltr'><strong>transeundo</strong></span> <span class='ocrx_word' id='word_1_657' title='bbox 2888 1950 3107 2006; x_wconf 84' lang='lat' dir='ltr'><strong>experta</strong></span> <span class='ocrx_word' id='word_1_658' title='bbox 3133 1952 3215 1996; x_wconf 90' lang='lat' dir='ltr'><strong>est</strong></span> <span class='ocrx_word' id='word_1_659' title='bbox 3239 1986 3253 2008; x_wconf 90' lang='lat'><strong>,</strong></span> <span class='ocrx_word' id='word_1_660' title='bbox 3285 1960 3312 1997; x_wconf 91' lang='lat' dir='ltr'><strong>a</strong></span> <span class='ocrx_word' id='word_1_661' title='bbox 3341 1946 3621 2003; x_wconf 63' lang='lat' dir='ltr'><strong>Chalda&#39;o-</strong></span> 
     </span>
    </p>
   </div>
   <div class='ocr_carea' id='block_1_80' title="bbox 2040 2015 3622 2094">
    <p class='ocr_par' dir='ltr' id='par_1_80' title="bbox 2040 2015 3622 2094">
     <span class='ocr_line' id='line_1_80' title="bbox 2040 2015 3622 2094; baseline 0.02 -32"><span class='ocrx_word' id='word_1_662' title='bbox 2040 2026 2158 2064; x_wconf 88' lang='lat' dir='ltr'><strong>rmn</strong></span> <span class='ocrx_word' id='word_1_663' title='bbox 2189 2029 2379 2086; x_wconf 90' lang='lat' dir='ltr'><strong>nempe</strong></span> <span class='ocrx_word' id='word_1_664' title='bbox 2406 2021 2620 2089; x_wconf 80' lang='lat' dir='ltr'><strong>regione</strong></span> <span class='ocrx_word' id='word_1_665' title='bbox 2646 2023 2698 2076; x_wconf 94' lang='lat' dir='ltr'><strong>in</strong></span> <span class='ocrx_word' id='word_1_666' title='bbox 2723 2015 2982 2094; x_wconf 85' lang='lat' dir='ltr'><strong>Charran,</strong></span> <span class='ocrx_word' id='word_1_667' title='bbox 3001 2040 3054 2084; x_wconf 90' lang='lat' dir='ltr'><strong>et</strong></span> <span class='ocrx_word' id='word_1_668' title='bbox 3080 2046 3108 2084; x_wconf 91' lang='lat' dir='ltr'><strong>a</strong></span> <span class='ocrx_word' id='word_1_669' title='bbox 3138 2031 3376 2090; x_wconf 88' lang='lat' dir='ltr'><strong>Charran</strong></span> <span class='ocrx_word' id='word_1_670' title='bbox 3410 2039 3460 2091; x_wconf 93' lang='lat' dir='ltr'><strong>in</strong></span> <span class='ocrx_word' id='word_1_671' title='bbox 3487 2040 3622 2093; x_wconf 62' lang='lat' dir='ltr'><strong>Cha.</strong></span> 
     </span>
    </p>
   </div>
   <div class='ocr_carea' id='block_1_81' title="bbox 2041 2110 3622 2193">
    <p class='ocr_par' dir='ltr' id='par_1_81' title="bbox 2041 2110 3622 2193">
     <span class='ocr_line' id='line_1_81' title="bbox 2041 2110 3622 2193; baseline 0.022 -43"><span class='ocrx_word' id='word_1_672' title='bbox 2041 2115 2194 2167; x_wconf 89' lang='lat' dir='ltr'><strong>naan,</strong></span> <span class='ocrx_word' id='word_1_673' title='bbox 2225 2115 2277 2157; x_wconf 91' lang='lat' dir='ltr'><strong>et</strong></span> <span class='ocrx_word' id='word_1_674' title='bbox 2305 2121 2489 2162; x_wconf 90' lang='lat' dir='ltr'><strong>rursus</strong></span> <span class='ocrx_word' id='word_1_675' title='bbox 2512 2111 2562 2163; x_wconf 93' lang='lat' dir='ltr'><strong>in</strong></span> <span class='ocrx_word' id='word_1_676' title='bbox 2587 2110 2884 2170; x_wconf 70' lang='lat' dir='ltr'><strong>Chananaza</strong></span> <span class='ocrx_word' id='word_1_677' title='bbox 2913 2117 3018 2173; x_wconf 89' lang='lat' dir='ltr'><strong>huc</strong></span> <span class='ocrx_word' id='word_1_678' title='bbox 3039 2131 3198 2191; x_wconf 89' lang='lat' dir='ltr'><strong>atque</strong></span> <span class='ocrx_word' id='word_1_679' title='bbox 3226 2125 3370 2193; x_wconf 91' lang='lat' dir='ltr'><strong>illuc,</strong></span> <span class='ocrx_word' id='word_1_680' title='bbox 3401 2139 3454 2182; x_wconf 91' lang='lat' dir='ltr'><strong>et</strong></span> <span class='ocrx_word' id='word_1_681' title='bbox 3483 2147 3622 2186; x_wconf 86' lang='lat' dir='ltr'><strong>nunc</strong></span> 
     </span>
    </p>
   </div>
   <div class='ocr_carea' id='block_1_82' title="bbox 2037 2189 3622 2275">
    <p class='ocr_par' dir='ltr' id='par_1_82' title="bbox 2037 2189 3622 2275">
     <span class='ocr_line' id='line_1_82' title="bbox 2037 2189 3622 2275; baseline 0.021 -33"><span class='ocrx_word' id='word_1_682' title='bbox 2037 2189 2228 2247; x_wconf 90' lang='lat' dir='ltr'><strong>iterum</strong></span> <span class='ocrx_word' id='word_1_683' title='bbox 2260 2195 2312 2248; x_wconf 90' lang='lat' dir='ltr'><strong>in</strong></span> <span class='ocrx_word' id='word_1_684' title='bbox 2339 2195 2650 2269; x_wconf 68' lang='lat' dir='ltr'><strong>Egyptum.</strong></span> <span class='ocrx_word' id='word_1_685' title='bbox 2682 2204 2846 2271; x_wconf 87' lang='lat' dir='ltr'><strong>Quem</strong></span> <span class='ocrx_word' id='word_1_686' title='bbox 2876 2224 2980 2262; x_wconf 92' lang='lat' dir='ltr'><strong>non</strong></span> <span class='ocrx_word' id='word_1_687' title='bbox 3016 2210 3228 2267; x_wconf 90' lang='lat' dir='ltr'><strong>fortium</strong></span> <span class='ocrx_word' id='word_1_688' title='bbox 3260 2217 3493 2272; x_wconf 90' lang='lat' dir='ltr'><strong>virorum</strong></span> <span class='ocrx_word' id='word_1_689' title='bbox 3529 2222 3622 2275; x_wconf 85' lang='lat' dir='ltr'><strong>de-</strong></span> 
     </span>
    </p>
   </div>
   <div class='ocr_carea' id='block_1_83' title="bbox 2035 2281 3621 2380">
    <p class='ocr_par' dir='ltr' id='par_1_83' title="bbox 2035 2281 3621 2380">
     <span class='ocr_line' id='line_1_83' title="bbox 2035 2281 3621 2380; baseline 0.021 -47"><span class='ocrx_word' id='word_1_690' title='bbox 2035 2281 2314 2380; x_wconf 76' lang='lat' dir='ltr'><strong>fatigarent</strong></span> <span class='ocrx_word' id='word_1_691' title='bbox 2338 2296 2414 2342; x_wconf 86' lang='lat' dir='ltr'><strong>tot</strong></span> <span class='ocrx_word' id='word_1_692' title='bbox 2433 2292 2697 2347; x_wconf 71' lang='lat' dir='ltr'><strong>continua:</strong></span> <span class='ocrx_word' id='word_1_693' title='bbox 2722 2299 3175 2366; x_wconf 88' lang='lat' dir='ltr'><strong>peregrinationes</strong></span> <span class='ocrx_word' id='word_1_694' title='bbox 3199 2306 3224 2358; x_wconf 84' lang='lat'><strong>?</strong></span> <span class='ocrx_word' id='word_1_695' title='bbox 3253 2306 3446 2362; x_wconf 83' lang='lat' dir='ltr'><strong>Verum</strong></span> <span class='ocrx_word' id='word_1_696' title='bbox 3472 2326 3621 2380; x_wconf 83' lang='lat' dir='ltr'><strong>egre-</strong></span> 
     </span>
    </p>
   </div>
   <div class='ocr_carea' id='block_1_84' title="bbox 2035 2371 3625 2457">
    <p class='ocr_par' dir='ltr' id='par_1_84' title="bbox 2035 2371 3625 2457">
     <span class='ocr_line' id='line_1_84' title="bbox 2035 2371 3625 2457; baseline 0.021 -34"><span class='ocrx_word' id='word_1_697' title='bbox 2035 2371 2118 2440; x_wconf 85' lang='lat' dir='ltr'><strong>gia</strong></span> <span class='ocrx_word' id='word_1_698' title='bbox 2158 2372 2274 2428; x_wconf 70' lang='lat' dir='ltr'><strong>haec</strong></span> <span class='ocrx_word' id='word_1_699' title='bbox 2312 2379 2504 2434; x_wconf 90' lang='lat' dir='ltr'><strong>mulier</strong></span> <span class='ocrx_word' id='word_1_700' title='bbox 2540 2383 2698 2437; x_wconf 88' lang='lat' dir='ltr'><strong>etiam</strong></span> <span class='ocrx_word' id='word_1_701' title='bbox 2742 2399 2862 2455; x_wconf 90' lang='lat' dir='ltr'><strong>post</strong></span> <span class='ocrx_word' id='word_1_702' title='bbox 2904 2399 2982 2444; x_wconf 91' lang='lat' dir='ltr'><strong>tot</strong></span> <span class='ocrx_word' id='word_1_703' title='bbox 3017 2396 3311 2452; x_wconf 84' lang='lat' dir='ltr'><strong>exantlatas</strong></span> <span class='ocrx_word' id='word_1_704' title='bbox 3359 2371 3625 2457; x_wconf 64' lang='lat' dir='ltr'><strong>aerumnas</strong></span> 
     </span>
    </p>
   </div>
   <div class='ocr_carea' id='block_1_85' title="bbox 2036 2462 3622 2546">
    <p class='ocr_par' dir='ltr' id='par_1_85' title="bbox 2036 2462 3622 2546">
     <span class='ocr_line' id='line_1_85' title="bbox 2036 2462 3622 2546; baseline 0.021 -32"><span class='ocrx_word' id='word_1_705' title='bbox 2036 2462 2299 2520; x_wconf 88' lang='lat' dir='ltr'><strong>luculenta</strong></span> <span class='ocrx_word' id='word_1_706' title='bbox 2338 2469 2509 2525; x_wconf 92' lang='lat' dir='ltr'><strong>adhuc</strong></span> <span class='ocrx_word' id='word_1_707' title='bbox 2543 2484 2657 2527; x_wconf 87' lang='lat' dir='ltr'><strong>erat</strong></span> <span class='ocrx_word' id='word_1_708' title='bbox 2685 2474 2836 2542; x_wconf 86' lang='lat' dir='ltr'><strong>facie,</strong></span> <span class='ocrx_word' id='word_1_709' title='bbox 2863 2481 3005 2535; x_wconf 90' lang='lat' dir='ltr'><strong>unde</strong></span> <span class='ocrx_word' id='word_1_710' title='bbox 3030 2493 3084 2537; x_wconf 87' lang='lat' dir='ltr'><strong>et</strong></span> <span class='ocrx_word' id='word_1_711' title='bbox 3114 2487 3479 2544; x_wconf 87' lang='lat' dir='ltr'><strong>vehementem</strong></span> <span class='ocrx_word' id='word_1_712' title='bbox 3509 2492 3622 2546; x_wconf 83' lang='lat' dir='ltr'><strong>for—</strong></span> 
     </span>
    </p>
   </div>
   <div class='ocr_carea' id='block_1_86' title="bbox 2037 2555 3621 2649">
    <p class='ocr_par' dir='ltr' id='par_1_86' title="bbox 2037 2555 3621 2649">
     <span class='ocr_line' id='line_1_86' title="bbox 2037 2555 3621 2649; baseline 0.021 -44"><span class='ocrx_word' id='word_1_713' title='bbox 2037 2555 2290 2610; x_wconf 89' lang='lat' dir='ltr'><strong>midinem</strong></span> <span class='ocrx_word' id='word_1_714' title='bbox 2331 2559 2582 2616; x_wconf 78' lang='lat' dir='ltr'><strong>afferebat</strong></span> <span class='ocrx_word' id='word_1_715' title='bbox 2613 2565 2760 2634; x_wconf 92' lang='lat' dir='ltr'><strong>justo</strong></span> <span class='ocrx_word' id='word_1_716' title='bbox 2788 2586 2801 2621; x_wconf 91' lang='lat'>:</span> <span class='ocrx_word' id='word_1_717' title='bbox 2839 2569 2958 2625; x_wconf 91' lang='lat' dir='ltr'><strong>ideo</strong></span> <span class='ocrx_word' id='word_1_718' title='bbox 2982 2583 3036 2627; x_wconf 90' lang='lat' dir='ltr'><strong>et</strong></span> <span class='ocrx_word' id='word_1_719' title='bbox 3063 2575 3271 2631; x_wconf 89' lang='lat' dir='ltr'><strong>dicebat</strong></span> <span class='ocrx_word' id='word_1_720' title='bbox 3300 2597 3314 2632; x_wconf 90' lang='lat'><strong>:</strong></span> <span class='ocrx_word' id='word_1_721' title='bbox 3345 2580 3465 2635; x_wconf 86' lang='lat' dir='ltr'><strong>Scio</strong></span> <span class='ocrx_word' id='word_1_722' title='bbox 3487 2584 3621 2649; x_wconf 83' lang='lat' dir='ltr'><strong>quod</strong></span> 
     </span>
    </p>
   </div>
   <div class='ocr_carea' id='block_1_87' title="bbox 2035 2646 3618 2733">
    <p class='ocr_par' dir='ltr' id='par_1_87' title="bbox 2035 2646 3618 2733">
     <span class='ocr_line' id='line_1_87' title="bbox 2035 2646 3618 2733; baseline 0.021 -38"><span class='ocrx_word' id='word_1_723' title='bbox 2035 2646 2215 2698; x_wconf 82' lang='lat' dir='ltr'><strong>mulier</strong></span> <span class='ocrx_word' id='word_1_724' title='bbox 2239 2652 2463 2716; x_wconf 80' lang='lat' dir='ltr'><strong>formosa</strong></span> <span class='ocrx_word' id='word_1_725' title='bbox 2491 2654 2560 2706; x_wconf 88' lang='lat' dir='ltr'><strong>sis</strong></span> <span class='ocrx_word' id='word_1_726' title='bbox 2590 2671 2609 2708; x_wconf 89' lang='lat'><strong><em>:</em></strong></span> <span class='ocrx_word' id='word_1_727' title='bbox 2634 2661 2863 2726; x_wconf 81' lang='lat' dir='ltr'><strong>futurum</strong></span> <span class='ocrx_word' id='word_1_728' title='bbox 2889 2662 3056 2733; x_wconf 86' lang='lat' dir='ltr'><strong>itaque</strong></span> <span class='ocrx_word' id='word_1_729' title='bbox 3081 2677 3152 2720; x_wconf 82' lang='lat' dir='ltr'><strong>est</strong></span> <span class='ocrx_word' id='word_1_730' title='bbox 3177 2679 3228 2720; x_wconf 92' lang='lat' dir='ltr'><strong>ut</strong></span> <span class='ocrx_word' id='word_1_731' title='bbox 3254 2686 3367 2723; x_wconf 89' lang='lat' dir='ltr'><strong>cum</strong></span> <span class='ocrx_word' id='word_1_732' title='bbox 3395 2683 3442 2726; x_wconf 84' lang='lat' dir='ltr'><strong>te</strong></span> <span class='ocrx_word' id='word_1_733' title='bbox 3484 2677 3618 2729; x_wconf 81' lang='lat' dir='ltr'><strong>vide-</strong></span> 
     </span>
    </p>
   </div>
   <div class='ocr_carea' id='block_1_88' title="bbox 2032 2737 3615 2827">
    <p class='ocr_par' dir='ltr' id='par_1_88' title="bbox 2032 2737 3615 2827">
     <span class='ocr_line' id='line_1_88' title="bbox 2032 2737 3615 2827; baseline 0.02 -39"><span class='ocrx_word' id='word_1_734' title='bbox 2032 2737 2133 2790; x_wconf 88' lang='lat' dir='ltr'><strong>rint</strong></span> <span class='ocrx_word' id='word_1_735' title='bbox 2179 2738 2421 2810; x_wconf 75' lang='lat' dir='ltr'><strong>.Egyptii</strong></span> <span class='ocrx_word' id='word_1_736' title='bbox 2438 2785 2453 2810; x_wconf 92' lang='lat'><strong>,</strong></span> <span class='ocrx_word' id='word_1_737' title='bbox 2483 2745 2694 2801; x_wconf 87' lang='lat' dir='ltr'><strong>dicant:</strong></span> <span class='ocrx_word' id='word_1_738' title='bbox 2720 2748 2831 2803; x_wconf 84' lang='lat' dir='ltr'><strong>Ista</strong></span> <span class='ocrx_word' id='word_1_739' title='bbox 2861 2764 2934 2806; x_wconf 86' lang='lat' dir='ltr'><strong>est</strong></span> <span class='ocrx_word' id='word_1_740' title='bbox 2969 2771 3097 2810; x_wconf 74' lang='lat' dir='ltr'><strong>uxor</strong></span> <span class='ocrx_word' id='word_1_741' title='bbox 3136 2760 3247 2827; x_wconf 86' lang='lat' dir='ltr'><strong>ejus</strong></span> <span class='ocrx_word' id='word_1_742' title='bbox 3274 2777 3294 2824; x_wconf 90' lang='lat'><strong><em>;</em></strong></span> <span class='ocrx_word' id='word_1_743' title='bbox 3321 2773 3366 2815; x_wconf 91' lang='lat' dir='ltr'><strong>et</strong></span> <span class='ocrx_word' id='word_1_744' title='bbox 3393 2766 3615 2820; x_wconf 73' lang='lat' dir='ltr'><strong>occident</strong></span> 
     </span>
    </p>
   </div>
   <div class='ocr_carea' id='block_1_89' title="bbox 2032 2839 3618 2920">
    <p class='ocr_par' dir='ltr' id='par_1_89' title="bbox 2032 2839 3618 2920">
     <span class='ocr_line' id='line_1_89' title="bbox 2032 2839 3618 2920; baseline 0.021 -41"><span class='ocrx_word' id='word_1_745' title='bbox 2032 2845 2129 2893; x_wconf 90' lang='lat' dir='ltr'><strong>me,</strong></span> <span class='ocrx_word' id='word_1_746' title='bbox 2163 2841 2209 2883; x_wconf 88' lang='lat' dir='ltr'><strong>te</strong></span> <span class='ocrx_word' id='word_1_747' title='bbox 2236 2843 2400 2887; x_wconf 80' lang='lat' dir='ltr'><strong>autent</strong></span> <span class='ocrx_word' id='word_1_748' title='bbox 2425 2839 2708 2893; x_wconf 86' lang='lat' dir='ltr'><strong>servabunt.</strong></span> <span class='ocrx_word' id='word_1_749' title='bbox 2751 2842 3064 2914; x_wconf 87' lang='lat' dir='ltr'><strong>Considera,</strong></span> <span class='ocrx_word' id='word_1_750' title='bbox 3096 2864 3351 2920; x_wconf 88' lang='lat' dir='ltr'><strong>quantum</strong></span> <span class='ocrx_word' id='word_1_751' title='bbox 3385 2860 3618 2912; x_wconf 87' lang='lat' dir='ltr'><strong>conlide-</strong></span> 
     </span>
    </p>
   </div>
   <div class='ocr_carea' id='block_1_90' title="bbox 2035 2918 3615 3005">
    <p class='ocr_par' dir='ltr' id='par_1_90' title="bbox 2035 2918 3615 3005">
     <span class='ocr_line' id='line_1_90' title="bbox 2035 2918 3615 3005; baseline 0.022 -33"><span class='ocrx_word' id='word_1_752' title='bbox 2035 2918 2124 2973; x_wconf 89' lang='lat' dir='ltr'><strong>bat</strong></span> <span class='ocrx_word' id='word_1_753' title='bbox 2151 2924 2386 2980; x_wconf 91' lang='lat' dir='ltr'><strong>moribus</strong></span> <span class='ocrx_word' id='word_1_754' title='bbox 2413 2929 2669 2994; x_wconf 90' lang='lat' dir='ltr'><strong>mulieris,</strong></span> <span class='ocrx_word' id='word_1_755' title='bbox 2695 2949 2800 2988; x_wconf 89' lang='lat' dir='ltr'><strong>non</strong></span> <span class='ocrx_word' id='word_1_756' title='bbox 2825 2948 3067 2994; x_wconf 90' lang='lat' dir='ltr'><strong>metuens</strong></span> <span class='ocrx_word' id='word_1_757' title='bbox 3088 2918 3154 2996; x_wconf 20' lang='lat' dir='ltr'><strong>nte</strong></span> <span class='ocrx_word' id='word_1_758' title='bbox 3178 2944 3420 3002; x_wconf 89' lang='lat' dir='ltr'><strong>laudibus</strong></span> <span class='ocrx_word' id='word_1_759' title='bbox 3448 2954 3615 3005; x_wconf 86' lang='lat' dir='ltr'><strong>emol-</strong></span> 
     </span>
    </p>
   </div>
   <div class='ocr_carea' id='block_1_91' title="bbox 2031 3011 3615 3103">
    <p class='ocr_par' dir='ltr' id='par_1_91' title="bbox 2031 3011 3615 3103">
     <span class='ocr_line' id='line_1_91' title="bbox 2031 3011 3615 3103; baseline 0.023 -38"><span class='ocrx_word' id='word_1_760' title='bbox 2031 3011 2218 3067; x_wconf 91' lang='lat' dir='ltr'><strong>lirctur</strong></span> <span class='ocrx_word' id='word_1_761' title='bbox 2237 3057 2251 3077; x_wconf 89' lang='lat'><strong>,</strong></span> <span class='ocrx_word' id='word_1_762' title='bbox 2280 3019 2404 3085; x_wconf 90' lang='lat' dir='ltr'><strong>quin</strong></span> <span class='ocrx_word' id='word_1_763' title='bbox 2427 3031 2481 3075; x_wconf 92' lang='lat' dir='ltr'><strong>et</strong></span> <span class='ocrx_word' id='word_1_764' title='bbox 2511 3024 2610 3077; x_wconf 91' lang='lat' dir='ltr'><strong>lale</strong></span> <span class='ocrx_word' id='word_1_765' title='bbox 2638 3025 2838 3081; x_wconf 90' lang='lat' dir='ltr'><strong>inducit</strong></span> <span class='ocrx_word' id='word_1_766' title='bbox 2863 3034 3166 3103; x_wconf 89' lang='lat' dir='ltr'><strong>consilium,</strong></span> <span class='ocrx_word' id='word_1_767' title='bbox 3195 3037 3378 3095; x_wconf 89' lang='lat' dir='ltr'><strong>dicens</strong></span> <span class='ocrx_word' id='word_1_768' title='bbox 3410 3060 3422 3095; x_wconf 95' lang='lat'>:</span> <span class='ocrx_word' id='word_1_769' title='bbox 3456 3043 3518 3099; x_wconf 90' lang='lat' dir='ltr'><strong>Ut</strong></span> <span class='ocrx_word' id='word_1_770' title='bbox 3549 3063 3615 3100; x_wconf 85' lang='lat' dir='ltr'><strong>ne</strong></span> 
     </span>
    </p>
   </div>
   <div class='ocr_carea' id='block_1_92' title="bbox 2031 3107 3612 3205">
    <p class='ocr_par' dir='ltr' id='par_1_92' title="bbox 2031 3107 3612 3205">
     <span class='ocr_line' id='line_1_92' title="bbox 2031 3107 3612 3205; baseline 0.022 -49"><span class='ocrx_word' id='word_1_771' title='bbox 2031 3118 2116 3158; x_wconf 91' lang='lat' dir='ltr'><strong>me</strong></span> <span class='ocrx_word' id='word_1_772' title='bbox 2146 3107 2359 3174; x_wconf 91' lang='lat' dir='ltr'><strong>quidem</strong></span> <span class='ocrx_word' id='word_1_773' title='bbox 2388 3113 2664 3179; x_wconf 89' lang='lat' dir='ltr'><strong>occidant,</strong></span> <span class='ocrx_word' id='word_1_774' title='bbox 2697 3126 2748 3170; x_wconf 90' lang='lat' dir='ltr'><strong>te</strong></span> <span class='ocrx_word' id='word_1_775' title='bbox 2786 3131 2962 3175; x_wconf 91' lang='lat' dir='ltr'><strong>autem</strong></span> <span class='ocrx_word' id='word_1_776' title='bbox 3013 3139 3229 3182; x_wconf 85' lang='lat' dir='ltr'><strong>servent</strong></span> <span class='ocrx_word' id='word_1_777' title='bbox 3263 3147 3275 3183; x_wconf 92' lang='lat'><strong>:</strong></span> <span class='ocrx_word' id='word_1_778' title='bbox 3310 3131 3401 3185; x_wconf 84' lang='lat' dir='ltr'><strong>Dic</strong></span> <span class='ocrx_word' id='word_1_779' title='bbox 3429 3136 3612 3205; x_wconf 80' lang='lat' dir='ltr'><strong>igitur,</strong></span> 
     </span>
    </p>
   </div>
   <div class='ocr_carea' id='block_1_93' title="bbox 2030 3195 3614 3280">
    <p class='ocr_par' dir='ltr' id='par_1_93' title="bbox 2030 3195 3614 3280">
     <span class='ocr_line' id='line_1_93' title="bbox 2030 3195 3614 3280; baseline 0.02 -32"><span class='ocrx_word' id='word_1_780' title='bbox 2030 3195 2193 3250; x_wconf 89' lang='lat' dir='ltr'><strong>Soror</strong></span> <span class='ocrx_word' id='word_1_781' title='bbox 2220 3202 2328 3269; x_wconf 85' lang='lat' dir='ltr'><strong>ejus</strong></span> <span class='ocrx_word' id='word_1_782' title='bbox 2351 3219 2463 3255; x_wconf 88' lang='lat' dir='ltr'><strong>sum</strong></span> <span class='ocrx_word' id='word_1_783' title='bbox 2485 3247 2499 3270; x_wconf 93' lang='lat'><strong>,</strong></span> <span class='ocrx_word' id='word_1_784' title='bbox 2527 3216 2581 3258; x_wconf 89' lang='lat' dir='ltr'><strong>ut</strong></span> <span class='ocrx_word' id='word_1_785' title='bbox 2609 3210 2732 3262; x_wconf 78' lang='lat' dir='ltr'><strong>ini/ti</strong></span> <span class='ocrx_word' id='word_1_786' title='bbox 2759 3210 2881 3265; x_wconf 83' lang='lat' dir='ltr'><strong>bene</strong></span> <span class='ocrx_word' id='word_1_787' title='bbox 2916 3215 3016 3280; x_wconf 84' lang='lat' dir='ltr'><strong>sit,</strong></span> <span class='ocrx_word' id='word_1_788' title='bbox 3041 3225 3088 3270; x_wconf 81' lang='lat' dir='ltr'><strong>et</strong></span> <span class='ocrx_word' id='word_1_789' title='bbox 3123 3219 3247 3272; x_wconf 77' lang='lat' dir='ltr'><strong>vivet</strong></span> <span class='ocrx_word' id='word_1_790' title='bbox 3288 3195 3469 3276; x_wconf 49' lang='lat' dir='ltr'><strong>animav</strong></span> <span class='ocrx_word' id='word_1_791' title='bbox 3505 3245 3614 3280; x_wconf 81' lang='lat' dir='ltr'><strong>mea</strong></span> 
     </span>
    </p>
   </div>
   <div class='ocr_carea' id='block_1_94' title="bbox 2030 3297 3606 3384">
    <p class='ocr_par' dir='ltr' id='par_1_94' title="bbox 2030 3297 3606 3384">
     <span class='ocr_line' id='line_1_94' title="bbox 2030 3297 3606 3384; baseline 0.02 -44"><span class='ocrx_word' id='word_1_792' title='bbox 2030 3300 2234 3360; x_wconf 84' lang='lat' dir='ltr'><strong>propter</strong></span> <span class='ocrx_word' id='word_1_793' title='bbox 2259 3297 2600 3362; x_wconf 87' lang='lat' dir='ltr'><strong>te.Quoniam</strong></span> <span class='ocrx_word' id='word_1_794' title='bbox 2631 3316 2737 3354; x_wconf 91' lang='lat' dir='ltr'><strong>non</strong></span> <span class='ocrx_word' id='word_1_795' title='bbox 2767 3305 2978 3374; x_wconf 80' lang='lat' dir='ltr'><strong>vulgare</strong></span> <span class='ocrx_word' id='word_1_796' title='bbox 3001 3321 3115 3362; x_wconf 89' lang='lat' dir='ltr'><strong>erat</strong></span> <span class='ocrx_word' id='word_1_797' title='bbox 3135 3312 3274 3379; x_wconf 87' lang='lat' dir='ltr'><strong>quod</strong></span> <span class='ocrx_word' id='word_1_798' title='bbox 3297 3313 3606 3384; x_wconf 77' lang='lat' dir='ltr'><strong>imperabat,</strong></span> 
     </span>
    </p>
   </div>
   <div class='ocr_carea' id='block_1_95' title="bbox 2029 3390 3607 3463">
    <p class='ocr_par' dir='ltr' id='par_1_95' title="bbox 2029 3390 3607 3463">
     <span class='ocr_line' id='line_1_95' title="bbox 2029 3390 3607 3463; baseline 0.018 -30"><span class='ocrx_word' id='word_1_799' title='bbox 2029 3395 2312 3452; x_wconf 87' lang='lat' dir='ltr'><strong>propterea</strong></span> <span class='ocrx_word' id='word_1_800' title='bbox 2357 3390 2531 3444; x_wconf 88' lang='lat' dir='ltr'><strong>verbis</strong></span> <span class='ocrx_word' id='word_1_801' title='bbox 2568 3408 2686 3460; x_wconf 72' lang='lat' dir='ltr'><strong>qua:</strong></span> <span class='ocrx_word' id='word_1_802' title='bbox 2726 3396 2992 3463; x_wconf 89' lang='lat' dir='ltr'><strong>subdidit,</strong></span> <span class='ocrx_word' id='word_1_803' title='bbox 3023 3401 3236 3458; x_wconf 87' lang='lat' dir='ltr'><strong>allicere</strong></span> <span class='ocrx_word' id='word_1_804' title='bbox 3277 3421 3392 3459; x_wconf 90' lang='lat' dir='ltr'><strong>eam</strong></span> <span class='ocrx_word' id='word_1_805' title='bbox 3442 3419 3496 3462; x_wconf 89' lang='lat' dir='ltr'><strong>et</strong></span> <span class='ocrx_word' id='word_1_806' title='bbox 3542 3411 3607 3462; x_wconf 90' lang='lat' dir='ltr'><strong>ad</strong></span> 
     </span>
    </p>
   </div>
   <div class='ocr_carea' id='block_1_96' title="bbox 2027 3473 3611 3560">
    <p class='ocr_par' dir='ltr' id='par_1_96' title="bbox 2027 3473 3611 3560">
     <span class='ocr_line' id='line_1_96' title="bbox 2027 3473 3611 3560; baseline 0.018 -34"><span class='ocrx_word' id='word_1_807' title='bbox 2027 3473 2442 3532; x_wconf 81' lang='lat' dir='ltr'><strong>misericordiam</strong></span> <span class='ocrx_word' id='word_1_808' title='bbox 2488 3480 2727 3546; x_wconf 81' lang='lat' dir='ltr'><strong>ﬂectere,</strong></span> <span class='ocrx_word' id='word_1_809' title='bbox 2757 3489 3182 3560; x_wconf 89' lang='lat' dir='ltr'><strong>persuadereque</strong></span> <span class='ocrx_word' id='word_1_810' title='bbox 3208 3495 3254 3547; x_wconf 91' lang='lat' dir='ltr'><strong>ei</strong></span> <span class='ocrx_word' id='word_1_811' title='bbox 3285 3497 3490 3551; x_wconf 87' lang='lat' dir='ltr'><strong>volebat</strong></span> <span class='ocrx_word' id='word_1_812' title='bbox 3510 3541 3524 3560; x_wconf 85' lang='lat'><em>.</em></span> <span class='ocrx_word' id='word_1_813' title='bbox 3554 3512 3611 3554; x_wconf 91' lang='lat' dir='ltr'><strong>nt</strong></span> 
     </span>
    </p>
   </div>
   <div class='ocr_carea' id='block_1_97' title="bbox 2028 3568 3608 3652">
    <p class='ocr_par' dir='ltr' id='par_1_97' title="bbox 2028 3568 3608 3652">
     <span class='ocr_line' id='line_1_97' title="bbox 2028 3568 3608 3652; baseline 0.018 -37"><span class='ocrx_word' id='word_1_814' title='bbox 2028 3577 2270 3634; x_wconf 89' lang='lat' dir='ltr'><strong>prompte</strong></span> <span class='ocrx_word' id='word_1_815' title='bbox 2315 3568 2367 3622; x_wconf 93' lang='lat' dir='ltr'><strong>in</strong></span> <span class='ocrx_word' id='word_1_816' title='bbox 2399 3569 2496 3624; x_wconf 90' lang='lat' dir='ltr'><strong>hac</strong></span> <span class='ocrx_word' id='word_1_817' title='bbox 2531 3571 2705 3627; x_wconf 86' lang='lat' dir='ltr'><strong>fabula</strong></span> <span class='ocrx_word' id='word_1_818' title='bbox 2733 3589 2910 3642; x_wconf 88' lang='lat' dir='ltr'><strong>partes</strong></span> <span class='ocrx_word' id='word_1_819' title='bbox 2952 3594 3079 3634; x_wconf 89' lang='lat' dir='ltr'><strong>suas</strong></span> <span class='ocrx_word' id='word_1_820' title='bbox 3122 3595 3322 3652; x_wconf 88' lang='lat' dir='ltr'><strong>ageret.</strong></span> <span class='ocrx_word' id='word_1_821' title='bbox 3357 3587 3608 3644; x_wconf 83' lang='lat' dir='ltr'><strong>Futurum</strong></span> 
     </span>
    </p>
   </div>
   <div class='ocr_carea' id='block_1_98' title="bbox 2026 3656 3610 3740">
    <p class='ocr_par' dir='ltr' id='par_1_98' title="bbox 2026 3656 3610 3740">
     <span class='ocr_line' id='line_1_98' title="bbox 2026 3656 3610 3740; baseline 0.017 -33"><span class='ocrx_word' id='word_1_822' title='bbox 2026 3663 2097 3707; x_wconf 85' lang='lat' dir='ltr'><strong>est</strong></span> <span class='ocrx_word' id='word_1_823' title='bbox 2124 3656 2292 3724; x_wconf 83' lang='lat' dir='ltr'><strong>itaque</strong></span> <span class='ocrx_word' id='word_1_824' title='bbox 2315 3670 2368 3712; x_wconf 92' lang='lat' dir='ltr'><strong>ut</strong></span> <span class='ocrx_word' id='word_1_825' title='bbox 2393 3677 2506 3714; x_wconf 87' lang='lat' dir='ltr'><strong>cum</strong></span> <span class='ocrx_word' id='word_1_826' title='bbox 2533 3673 2579 3714; x_wconf 88' lang='lat' dir='ltr'><strong>te</strong></span> <span class='ocrx_word' id='word_1_827' title='bbox 2613 3665 2823 3719; x_wconf 84' lang='lat' dir='ltr'><strong>viderint</strong></span> <span class='ocrx_word' id='word_1_828' title='bbox 2857 3667 3095 3740; x_wconf 62' lang='lat' dir='ltr'><strong>zEgyptii</strong></span> <span class='ocrx_word' id='word_1_829' title='bbox 3113 3713 3128 3737; x_wconf 94' lang='lat'><strong>,</strong></span> <span class='ocrx_word' id='word_1_830' title='bbox 3158 3675 3329 3730; x_wconf 86' lang='lat' dir='ltr'><strong>dicant</strong></span> <span class='ocrx_word' id='word_1_831' title='bbox 3357 3693 3377 3730; x_wconf 91' lang='lat'><strong><em>:</em></strong></span> <span class='ocrx_word' id='word_1_832' title='bbox 3404 3678 3513 3732; x_wconf 84' lang='lat' dir='ltr'><strong>Ista</strong></span> <span class='ocrx_word' id='word_1_833' title='bbox 3540 3693 3610 3734; x_wconf 82' lang='lat' dir='ltr'><strong>est</strong></span> 
     </span>
    </p>
   </div>
   <div class='ocr_carea' id='block_1_99' title="bbox 2026 3751 3604 3826">
    <p class='ocr_par' dir='ltr' id='par_1_99' title="bbox 2026 3751 3604 3826">
     <span class='ocr_line' id='line_1_99' title="bbox 2026 3751 3604 3826; baseline 0.016 -26"><span class='ocrx_word' id='word_1_834' title='bbox 2026 3764 2156 3802; x_wconf 73' lang='lat' dir='ltr'><strong>uxor</strong></span> <span class='ocrx_word' id='word_1_835' title='bbox 2187 3751 2337 3818; x_wconf 86' lang='lat' dir='ltr'><strong>ejus;</strong></span> <span class='ocrx_word' id='word_1_836' title='bbox 2383 3761 2430 3806; x_wconf 88' lang='lat' dir='ltr'><strong>et</strong></span> <span class='ocrx_word' id='word_1_837' title='bbox 2473 3756 2698 3810; x_wconf 75' lang='lat' dir='ltr'><strong>occident</strong></span> <span class='ocrx_word' id='word_1_838' title='bbox 2738 3775 2848 3822; x_wconf 87' lang='lat' dir='ltr'><strong>me,</strong></span> <span class='ocrx_word' id='word_1_839' title='bbox 2885 3771 2932 3814; x_wconf 87' lang='lat' dir='ltr'><strong>te</strong></span> <span class='ocrx_word' id='word_1_840' title='bbox 2970 3771 3136 3816; x_wconf 84' lang='lat' dir='ltr'><strong>autent</strong></span> <span class='ocrx_word' id='word_1_841' title='bbox 3175 3767 3458 3824; x_wconf 84' lang='lat' dir='ltr'><strong>servabunt.</strong></span> <span class='ocrx_word' id='word_1_842' title='bbox 3492 3772 3604 3826; x_wconf 85' lang='lat' dir='ltr'><strong>Non</strong></span> 
     </span>
    </p>
   </div>
   <div class='ocr_carea' id='block_1_100' title="bbox 2025 3839 3602 3918">
    <p class='ocr_par' dir='ltr' id='par_1_100' title="bbox 2025 3839 3602 3918">
     <span class='ocr_line' id='line_1_100' title="bbox 2025 3839 3602 3918; baseline 0.017 -27"><span class='ocrx_word' id='word_1_843' title='bbox 2025 3839 2179 3906; x_wconf 86' lang='lat' dir='ltr'><strong>dixit,</strong></span> <span class='ocrx_word' id='word_1_844' title='bbox 2221 3841 2565 3899; x_wconf 85' lang='lat' dir='ltr'><strong>Contumeliis</strong></span> <span class='ocrx_word' id='word_1_845' title='bbox 2605 3856 2655 3901; x_wconf 90' lang='lat' dir='ltr'><strong>te</strong></span> <span class='ocrx_word' id='word_1_846' title='bbox 2690 3848 2969 3908; x_wconf 83' lang='lat' dir='ltr'><strong>afﬁcient:</strong></span> <span class='ocrx_word' id='word_1_847' title='bbox 3012 3869 3117 3908; x_wconf 91' lang='lat' dir='ltr'><strong>non</strong></span> <span class='ocrx_word' id='word_1_848' title='bbox 3159 3858 3267 3910; x_wconf 89' lang='lat' dir='ltr'><strong>vult</strong></span> <span class='ocrx_word' id='word_1_849' title='bbox 3301 3862 3442 3915; x_wconf 87' lang='lat' dir='ltr'><strong>enim</strong></span> <span class='ocrx_word' id='word_1_850' title='bbox 3487 3880 3602 3918; x_wconf 87' lang='lat' dir='ltr'><strong>eam</strong></span> 
     </span>
    </p>
   </div>
   <div class='ocr_carea' id='block_1_101' title="bbox 2026 3935 3603 4022">
    <p class='ocr_par' dir='ltr' id='par_1_101' title="bbox 2026 3935 3603 4022">
     <span class='ocr_line' id='line_1_101' title="bbox 2026 3935 3603 4022; baseline 0.015 -37"><span class='ocrx_word' id='word_1_851' title='bbox 2026 3947 2170 3986; x_wconf 91' lang='lat' dir='ltr'><strong>nunc</strong></span> <span class='ocrx_word' id='word_1_852' title='bbox 2194 3935 2370 3989; x_wconf 90' lang='lat' dir='ltr'><strong>verbis</strong></span> <span class='ocrx_word' id='word_1_853' title='bbox 2402 3947 2635 4004; x_wconf 85' lang='lat' dir='ltr'><strong>terrere,</strong></span> <span class='ocrx_word' id='word_1_854' title='bbox 2677 3943 2941 4011; x_wconf 68' lang='lat' dir='ltr'><strong>praacipue</strong></span> <span class='ocrx_word' id='word_1_855' title='bbox 2964 3959 3091 3999; x_wconf 89' lang='lat' dir='ltr'><strong>vero</strong></span> <span class='ocrx_word' id='word_1_856' title='bbox 3131 3950 3400 4005; x_wconf 88' lang='lat' dir='ltr'><strong>metuebat</strong></span> <span class='ocrx_word' id='word_1_857' title='bbox 3443 3967 3603 4022; x_wconf 90' lang='lat' dir='ltr'><strong>super</strong></span> 
     </span>
    </p>
   </div>
   <div class='ocr_carea' id='block_1_102' title="bbox 2028 4023 3600 4098">
    <p class='ocr_par' dir='ltr' id='par_1_102' title="bbox 2028 4023 3600 4098">
     <span class='ocr_line' id='line_1_102' title="bbox 2028 4023 3600 4098; baseline 0.015 -23"><span class='ocrx_word' id='word_1_858' title='bbox 2028 4023 2120 4077; x_wconf 91' lang='lat' dir='ltr'><strong>Dei</strong></span> <span class='ocrx_word' id='word_1_859' title='bbox 2172 4026 2540 4093; x_wconf 90' lang='lat' dir='ltr'><strong>promissione.</strong></span> <span class='ocrx_word' id='word_1_860' title='bbox 2587 4029 2873 4098; x_wconf 87' lang='lat' dir='ltr'><strong>Propterea</strong></span> <span class='ocrx_word' id='word_1_861' title='bbox 2921 4033 3049 4088; x_wconf 91' lang='lat' dir='ltr'><strong>dicit</strong></span> <span class='ocrx_word' id='word_1_862' title='bbox 3077 4053 3090 4090; x_wconf 90' lang='lat'><strong>:</strong></span> <span class='ocrx_word' id='word_1_863' title='bbox 3123 4035 3193 4089; x_wconf 84' lang='lat' dir='ltr'><strong>Te</strong></span> <span class='ocrx_word' id='word_1_864' title='bbox 3225 4050 3392 4094; x_wconf 85' lang='lat' dir='ltr'><strong>autem</strong></span> <span class='ocrx_word' id='word_1_865' title='bbox 3425 4059 3600 4097; x_wconf 85' lang='lat' dir='ltr'><strong>serva-</strong></span> 
     </span>
    </p>
   </div>
   <div class='ocr_carea' id='block_1_103' title="bbox 2028 4115 3601 4202">
    <p class='ocr_par' dir='ltr' id='par_1_103' title="bbox 2028 4115 3601 4202">
     <span class='ocr_line' id='line_1_103' title="bbox 2028 4115 3601 4202; baseline 0.012 -33"><span class='ocrx_word' id='word_1_866' title='bbox 2028 4115 2148 4170; x_wconf 89' lang='lat' dir='ltr'><strong>bunt</strong></span> <span class='ocrx_word' id='word_1_867' title='bbox 2176 4134 2194 4170; x_wconf 94' lang='lat'><em>:</em></span> <span class='ocrx_word' id='word_1_868' title='bbox 2224 4118 2302 4171; x_wconf 78' lang='lat' dir='ltr'><strong>dic</strong></span> <span class='ocrx_word' id='word_1_869' title='bbox 2334 4119 2507 4188; x_wconf 87' lang='lat' dir='ltr'><strong>igitur,</strong></span> <span class='ocrx_word' id='word_1_870' title='bbox 2532 4119 2692 4175; x_wconf 89' lang='lat' dir='ltr'><strong>Soror</strong></span> <span class='ocrx_word' id='word_1_871' title='bbox 2717 4124 2824 4194; x_wconf 86' lang='lat' dir='ltr'><strong>ejus</strong></span> <span class='ocrx_word' id='word_1_872' title='bbox 2846 4140 2976 4180; x_wconf 91' lang='lat' dir='ltr'><strong>sum.</strong></span> <span class='ocrx_word' id='word_1_873' title='bbox 3005 4125 3184 4198; x_wconf 84' lang='lat' dir='ltr'><strong>Cogita</strong></span> <span class='ocrx_word' id='word_1_874' title='bbox 3209 4170 3224 4192; x_wconf 93' lang='lat'><strong>,</strong></span> <span class='ocrx_word' id='word_1_875' title='bbox 3245 4146 3427 4200; x_wconf 68' lang='lat' dir='ltr'><strong>quwso</strong></span> <span class='ocrx_word' id='word_1_876' title='bbox 3451 4175 3466 4199; x_wconf 91' lang='lat'><strong>,</strong></span> <span class='ocrx_word' id='word_1_877' title='bbox 3497 4151 3601 4202; x_wconf 89' lang='lat' dir='ltr'><strong>quo</strong></span> 
     </span>
    </p>
   </div>
   <div class='ocr_carea' id='block_1_104' title="bbox 2026 4215 3599 4292">
    <p class='ocr_par' dir='ltr' id='par_1_104' title="bbox 2026 4215 3599 4292">
     <span class='ocr_line' id='line_1_104' title="bbox 2026 4215 3599 4292; baseline 0.014 -28"><span class='ocrx_word' id='word_1_878' title='bbox 2026 4215 2188 4269; x_wconf 86' lang='lat' dir='ltr'><strong>fuisse</strong></span> <span class='ocrx_word' id='word_1_879' title='bbox 2208 4222 2316 4268; x_wconf 83' lang='lat' dir='ltr'><strong>tu‘m</strong></span> <span class='ocrx_word' id='word_1_880' title='bbox 2346 4217 2395 4270; x_wconf 92' lang='lat' dir='ltr'><strong>in</strong></span> <span class='ocrx_word' id='word_1_881' title='bbox 2436 4227 2575 4272; x_wconf 85' lang='lat' dir='ltr'><strong>statu</strong></span> <span class='ocrx_word' id='word_1_882' title='bbox 2615 4219 2746 4283; x_wconf 87' lang='lat' dir='ltr'><strong>justi</strong></span> <span class='ocrx_word' id='word_1_883' title='bbox 2775 4231 3006 4275; x_wconf 89' lang='lat' dir='ltr'><strong>mentem</strong></span> <span class='ocrx_word' id='word_1_884' title='bbox 3031 4223 3319 4279; x_wconf 87' lang='lat' dir='ltr'><strong>verisimile</strong></span> <span class='ocrx_word' id='word_1_885' title='bbox 3347 4229 3448 4292; x_wconf 87' lang='lat' dir='ltr'><strong>sit,</strong></span> <span class='ocrx_word' id='word_1_886' title='bbox 3477 4244 3599 4286; x_wconf 86' lang='lat' dir='ltr'><strong>cum</strong></span> 
     </span>
    </p>
   </div>
   <div class='ocr_carea' id='block_1_105' title="bbox 2027 4306 3602 4389">
    <p class='ocr_par' dir='ltr' id='par_1_105' title="bbox 2027 4306 3602 4389">
     <span class='ocr_line' id='line_1_105' title="bbox 2027 4306 3602 4389; baseline 0.012 -30"><span class='ocrx_word' id='word_1_887' title='bbox 2027 4306 2123 4359; x_wconf 89' lang='lat' dir='ltr'><strong>ista</strong></span> <span class='ocrx_word' id='word_1_888' title='bbox 2150 4308 2300 4362; x_wconf 76' lang='lat' dir='ltr'><strong>uxori</strong></span> <span class='ocrx_word' id='word_1_889' title='bbox 2329 4311 2648 4364; x_wconf 87' lang='lat' dir='ltr'><strong>consuleret.</strong></span> <span class='ocrx_word' id='word_1_890' title='bbox 2677 4311 2832 4367; x_wconf 91' lang='lat' dir='ltr'><strong>Scitis</strong></span> <span class='ocrx_word' id='word_1_891' title='bbox 2853 4315 2993 4371; x_wconf 90' lang='lat' dir='ltr'><strong>enim</strong></span> <span class='ocrx_word' id='word_1_892' title='bbox 3016 4357 3029 4379; x_wconf 91' lang='lat'><strong>,</strong></span> <span class='ocrx_word' id='word_1_893' title='bbox 3061 4318 3208 4370; x_wconf 86' lang='lat' dir='ltr'><strong>scitis</strong></span> <span class='ocrx_word' id='word_1_894' title='bbox 3235 4318 3361 4372; x_wconf 90' lang='lat' dir='ltr'><strong>nihil</strong></span> <span class='ocrx_word' id='word_1_895' title='bbox 3389 4324 3602 4389; x_wconf 83' lang='lat' dir='ltr'><strong>gravius</strong></span> 
     </span>
    </p>
   </div>
   <div class='ocr_carea' id='block_1_106' title="bbox 2024 4397 3600 4480">
    <p class='ocr_par' dir='ltr' id='par_1_106' title="bbox 2024 4397 3600 4480">
     <span class='ocr_line' id='line_1_106' title="bbox 2024 4397 3600 4480; baseline 0.012 -31"><span class='ocrx_word' id='word_1_896' title='bbox 2024 4397 2229 4451; x_wconf 88' lang='lat' dir='ltr'><strong>maritis</strong></span> <span class='ocrx_word' id='word_1_897' title='bbox 2257 4413 2410 4466; x_wconf 91' lang='lat' dir='ltr'><strong>esse,</strong></span> <span class='ocrx_word' id='word_1_898' title='bbox 2437 4417 2594 4468; x_wconf 88' lang='lat' dir='ltr'><strong>quam</strong></span> <span class='ocrx_word' id='word_1_899' title='bbox 2631 4412 2687 4455; x_wconf 92' lang='lat' dir='ltr'><strong>ut</strong></span> <span class='ocrx_word' id='word_1_900' title='bbox 2712 4404 2796 4456; x_wconf 91' lang='lat' dir='ltr'><strong>vel</strong></span> <span class='ocrx_word' id='word_1_901' title='bbox 2840 4405 2891 4458; x_wconf 91' lang='lat' dir='ltr'><strong>in</strong></span> <span class='ocrx_word' id='word_1_902' title='bbox 2935 4407 3194 4472; x_wconf 90' lang='lat' dir='ltr'><strong>ejusmodi</strong></span> <span class='ocrx_word' id='word_1_903' title='bbox 3246 4413 3600 4480; x_wconf 76' lang='lat' dir='ltr'><strong>sn5pieionmn</strong></span> 
     </span>
    </p>
   </div>
   <div class='ocr_carea' id='block_1_107' title="bbox 2018 4489 3604 4564">
    <p class='ocr_par' dir='ltr' id='par_1_107' title="bbox 2018 4489 3604 4564">
     <span class='ocr_line' id='line_1_107' title="bbox 2018 4489 3604 4564; baseline 0.011 -22"><span class='ocrx_word' id='word_1_904' title='bbox 2018 4504 2160 4543; x_wconf 85' lang='lat' dir='ltr'><strong>uxor</strong></span> <span class='ocrx_word' id='word_1_905' title='bbox 2187 4491 2385 4544; x_wconf 88' lang='lat' dir='ltr'><strong>veniat.</strong></span> <span class='ocrx_word' id='word_1_906' title='bbox 2419 4489 2791 4548; x_wconf 83' lang='lat' dir='ltr'><strong>Verumtamen</strong></span> <span class='ocrx_word' id='word_1_907' title='bbox 2829 4495 2915 4551; x_wconf 89' lang='lat' dir='ltr'><strong>hic</strong></span> <span class='ocrx_word' id='word_1_908' title='bbox 2949 4498 3125 4564; x_wconf 91' lang='lat' dir='ltr'><strong>justus</strong></span> <span class='ocrx_word' id='word_1_909' title='bbox 3163 4510 3216 4554; x_wconf 84' lang='lat' dir='ltr'><strong>et</strong></span> <span class='ocrx_word' id='word_1_910' title='bbox 3253 4506 3526 4559; x_wconf 89' lang='lat' dir='ltr'><strong>contendit</strong></span> <span class='ocrx_word' id='word_1_911' title='bbox 3551 4516 3604 4560; x_wconf 92' lang='lat' dir='ltr'><strong>et</strong></span> 
     </span>
    </p>
   </div>
   <div class='ocr_carea' id='block_1_108' title="bbox 2023 4583 3602 4663">
    <p class='ocr_par' dir='ltr' id='par_1_108' title="bbox 2023 4583 3602 4663">
     <span class='ocr_line' id='line_1_108' title="bbox 2023 4583 3602 4663; baseline 0.011 -29"><span class='ocrx_word' id='word_1_912' title='bbox 2023 4597 2236 4635; x_wconf 90' lang='lat' dir='ltr'><strong>omnem</strong></span> <span class='ocrx_word' id='word_1_913' title='bbox 2272 4583 2500 4652; x_wconf 89' lang='lat' dir='ltr'><strong>lapidem</strong></span> <span class='ocrx_word' id='word_1_914' title='bbox 2548 4595 2759 4651; x_wconf 89' lang='lat' dir='ltr'><strong>movet,</strong></span> <span class='ocrx_word' id='word_1_915' title='bbox 2789 4596 2849 4641; x_wconf 93' lang='lat' dir='ltr'><strong>ut</strong></span> <span class='ocrx_word' id='word_1_916' title='bbox 2893 4589 3207 4646; x_wconf 88' lang='lat' dir='ltr'><strong>adulterium</strong></span> <span class='ocrx_word' id='word_1_917' title='bbox 3245 4610 3408 4663; x_wconf 82' lang='lat' dir='ltr'><strong>apere</strong></span> <span class='ocrx_word' id='word_1_918' title='bbox 3455 4613 3602 4651; x_wconf 90' lang='lat' dir='ltr'><strong>com-</strong></span> 
     </span>
    </p>
   </div>
   <div class='ocr_carea' id='block_1_109' title="bbox 2022 4673 3596 4756">
    <p class='ocr_par' dir='ltr' id='par_1_109' title="bbox 2022 4673 3596 4756">
     <span class='ocr_line' id='line_1_109' title="bbox 2022 4673 3596 4756; baseline 0.013 -33"><span class='ocrx_word' id='word_1_919' title='bbox 2022 4673 2252 4741; x_wconf 88' lang='lat' dir='ltr'><strong>pleatur.</strong></span> <span class='ocrx_word' id='word_1_920' title='bbox 2274 4673 2393 4728; x_wconf 85' lang='lat' dir='ltr'><strong>Noli</strong></span> <span class='ocrx_word' id='word_1_921' title='bbox 2416 4684 2588 4730; x_wconf 88' lang='lat' dir='ltr'><strong>tamen</strong></span> <span class='ocrx_word' id='word_1_922' title='bbox 2608 4676 2808 4745; x_wconf 85' lang='lat' dir='ltr'><strong>justum</strong></span> <span class='ocrx_word' id='word_1_923' title='bbox 2832 4679 2972 4736; x_wconf 92' lang='lat' dir='ltr'><strong>hunc</strong></span> <span class='ocrx_word' id='word_1_924' title='bbox 3000 4693 3197 4739; x_wconf 89' lang='lat' dir='ltr'><strong>temere</strong></span> <span class='ocrx_word' id='word_1_925' title='bbox 3220 4687 3596 4756; x_wconf 89' lang='lat' dir='ltr'><strong>condemnare,</strong></span> 
     </span>
    </p>
   </div>
   <div class='ocr_carea' id='block_1_110' title="bbox 2023 4764 3602 4846">
    <p class='ocr_par' dir='ltr' id='par_1_110' title="bbox 2023 4764 3602 4846">
     <span class='ocr_line' id='line_1_110' title="bbox 2023 4764 3602 4846; baseline 0.011 -29"><span class='ocrx_word' id='word_1_926' title='bbox 2023 4764 2364 4819; x_wconf 88' lang='lat' dir='ltr'><strong>dilectissime</strong></span> <span class='ocrx_word' id='word_1_927' title='bbox 2389 4807 2402 4830; x_wconf 96' lang='lat'><strong>,</strong></span> <span class='ocrx_word' id='word_1_928' title='bbox 2435 4766 2527 4820; x_wconf 91' lang='lat' dir='ltr'><strong>sed</strong></span> <span class='ocrx_word' id='word_1_929' title='bbox 2552 4783 2614 4822; x_wconf 88' lang='lat' dir='ltr'><strong>ex</strong></span> <span class='ocrx_word' id='word_1_930' title='bbox 2648 4767 2748 4823; x_wconf 94' lang='lat' dir='ltr'><strong>hoc</strong></span> <span class='ocrx_word' id='word_1_931' title='bbox 2780 4772 2954 4839; x_wconf 91' lang='lat' dir='ltr'><strong>potius</strong></span> <span class='ocrx_word' id='word_1_932' title='bbox 2983 4774 3200 4827; x_wconf 86' lang='lat' dir='ltr'><strong>multam</strong></span> <span class='ocrx_word' id='word_1_933' title='bbox 3229 4776 3343 4844; x_wconf 89' lang='lat' dir='ltr'><strong>cjns</strong></span> <span class='ocrx_word' id='word_1_934' title='bbox 3373 4779 3602 4846; x_wconf 87' lang='lat' dir='ltr'><strong>pruden-</strong></span> 
     </span>
    </p>
   </div>
   <div class='ocr_carea' id='block_1_111' title="bbox 2025 4853 3598 4938">
    <p class='ocr_par' dir='ltr' id='par_1_111' title="bbox 2025 4853 3598 4938">
     <span class='ocr_line' id='line_1_111' title="bbox 2025 4853 3598 4938; baseline 0.013 -33"><span class='ocrx_word' id='word_1_935' title='bbox 2025 4853 2150 4906; x_wconf 89' lang='lat' dir='ltr'><strong>tiam</strong></span> <span class='ocrx_word' id='word_1_936' title='bbox 2178 4869 2241 4908; x_wconf 90' lang='lat' dir='ltr'><strong>ac</strong></span> <span class='ocrx_word' id='word_1_937' title='bbox 2270 4856 2628 4912; x_wconf 90' lang='lat' dir='ltr'><strong>fortitudinem</strong></span> <span class='ocrx_word' id='word_1_938' title='bbox 2653 4874 2950 4928; x_wconf 78' lang='lat' dir='ltr'><strong>cognosce;</strong></span> <span class='ocrx_word' id='word_1_939' title='bbox 2975 4862 3336 4920; x_wconf 88' lang='lat' dir='ltr'><strong>fortitudinem</strong></span> <span class='ocrx_word' id='word_1_940' title='bbox 3363 4868 3598 4938; x_wconf 90' lang='lat' dir='ltr'><strong>quidem,</strong></span> 
     </span>
    </p>
   </div>
   <div class='ocr_carea' id='block_1_112' title="bbox 2023 4943 3601 5024">
    <p class='ocr_par' dir='ltr' id='par_1_112' title="bbox 2023 4943 3601 5024">
     <span class='ocr_line' id='line_1_112' title="bbox 2023 4943 3601 5024; baseline 0.013 -30"><span class='ocrx_word' id='word_1_941' title='bbox 2023 4943 2165 5012; x_wconf 89' lang='lat' dir='ltr'><strong>quod</strong></span> <span class='ocrx_word' id='word_1_942' title='bbox 2209 4944 2277 4997; x_wconf 90' lang='lat' dir='ltr'><strong>ita</strong></span> <span class='ocrx_word' id='word_1_943' title='bbox 2321 4960 2580 5015; x_wconf 86' lang='lat' dir='ltr'><strong>generose</strong></span> <span class='ocrx_word' id='word_1_944' title='bbox 2625 4949 2854 5002; x_wconf 89' lang='lat' dir='ltr'><strong>motibus</strong></span> <span class='ocrx_word' id='word_1_945' title='bbox 2895 4951 3272 5020; x_wconf 82' lang='lat' dir='ltr'><strong>cogitationum</strong></span> <span class='ocrx_word' id='word_1_946' title='bbox 3305 4957 3601 5024; x_wconf 90' lang='lat' dir='ltr'><strong>restiterit,</strong></span> 
     </span>
    </p>
   </div>
   <div class='ocr_carea' id='block_1_113' title="bbox 2027 5036 3597 5103">
    <p class='ocr_par' dir='ltr' id='par_1_113' title="bbox 2027 5036 3597 5103">
     <span class='ocr_line' id='line_1_113' title="bbox 2027 5036 3597 5103; baseline 0.011 -17"><span class='ocrx_word' id='word_1_947' title='bbox 2027 5048 2224 5102; x_wconf 90' lang='lat' dir='ltr'><strong>eosque</strong></span> <span class='ocrx_word' id='word_1_948' title='bbox 2251 5036 2535 5103; x_wconf 88' lang='lat' dir='ltr'><strong>superarit,</strong></span> <span class='ocrx_word' id='word_1_949' title='bbox 2563 5046 2619 5091; x_wconf 88' lang='lat' dir='ltr'><strong>ut</strong></span> <span class='ocrx_word' id='word_1_950' title='bbox 2647 5039 2806 5092; x_wconf 87' lang='lat' dir='ltr'><strong>etiam</strong></span> <span class='ocrx_word' id='word_1_951' title='bbox 2841 5040 2934 5094; x_wconf 87' lang='lat' dir='ltr'><strong>ista</strong></span> <span class='ocrx_word' id='word_1_952' title='bbox 2964 5043 3286 5098; x_wconf 89' lang='lat' dir='ltr'><strong>consuleret.</strong></span> <span class='ocrx_word' id='word_1_953' title='bbox 3320 5045 3429 5101; x_wconf 85' lang='lat' dir='ltr'><strong>I-Iac</strong></span> <span class='ocrx_word' id='word_1_954' title='bbox 3457 5049 3597 5103; x_wconf 91' lang='lat' dir='ltr'><strong>enim</strong></span> 
     </span>
    </p>
   </div>
   <div class='ocr_carea' id='block_1_114' title="bbox 2027 5123 3601 5209">
    <p class='ocr_par' dir='ltr' id='par_1_114' title="bbox 2027 5123 3601 5209">
     <span class='ocr_line' id='line_1_114' title="bbox 2027 5123 3601 5209; baseline 0.012 -34"><span class='ocrx_word' id='word_1_955' title='bbox 2027 5138 2085 5176; x_wconf 89' lang='lat' dir='ltr'><strong>re</strong></span> <span class='ocrx_word' id='word_1_956' title='bbox 2121 5123 2250 5178; x_wconf 91' lang='lat' dir='ltr'><strong>nihil</strong></span> <span class='ocrx_word' id='word_1_957' title='bbox 2301 5141 2420 5180; x_wconf 90' lang='lat' dir='ltr'><strong>esse</strong></span> <span class='ocrx_word' id='word_1_958' title='bbox 2463 5127 2842 5182; x_wconf 89' lang='lat' dir='ltr'><strong>intolerabilius</strong></span> <span class='ocrx_word' id='word_1_959' title='bbox 2885 5132 3004 5184; x_wconf 88' lang='lat' dir='ltr'><strong>audi</strong></span> <span class='ocrx_word' id='word_1_960' title='bbox 3053 5147 3115 5186; x_wconf 83' lang='lat' dir='ltr'><strong>ex</strong></span> <span class='ocrx_word' id='word_1_961' title='bbox 3162 5133 3481 5203; x_wconf 90' lang='lat' dir='ltr'><strong>Salomone,</strong></span> <span class='ocrx_word' id='word_1_962' title='bbox 3513 5142 3601 5209; x_wconf 92' lang='lat' dir='ltr'><strong>qui</strong></span> 
     </span>
    </p>
   </div>
   <div class='ocr_carea' id='block_1_115' title="bbox 2027 5213 3602 5299">
    <p class='ocr_par' dir='ltr' id='par_1_115' title="bbox 2027 5213 3602 5299">
     <span class='ocr_line' id='line_1_115' title="bbox 2027 5213 3602 5299; baseline 0.011 -32"><span class='ocrx_word' id='word_1_963' title='bbox 2027 5213 2198 5269; x_wconf 89' lang='lat' dir='ltr'><strong>dicit:</strong></span> <span class='ocrx_word' id='word_1_964' title='bbox 2235 5214 2424 5268; x_wconf 85' lang='lat' dir='ltr'><strong>Plenus</strong></span> <span class='ocrx_word' id='word_1_965' title='bbox 2471 5217 2602 5269; x_wconf 87' lang='lat' dir='ltr'><strong>enim</strong></span> <span class='ocrx_word' id='word_1_966' title='bbox 2647 5219 2743 5271; x_wconf 77' lang='lat' dir='ltr'><strong>zeli</strong></span> <span class='ocrx_word' id='word_1_967' title='bbox 2770 5223 2915 5290; x_wconf 87' lang='lat' dir='ltr'><strong>furor</strong></span> <span class='ocrx_word' id='word_1_968' title='bbox 2957 5222 3050 5275; x_wconf 86' lang='lat' dir='ltr'><strong>viri</strong></span> <span class='ocrx_word' id='word_1_969' title='bbox 3094 5225 3235 5290; x_wconf 81' lang='lat' dir='ltr'><strong>eius;</strong></span> <span class='ocrx_word' id='word_1_970' title='bbox 3283 5243 3385 5281; x_wconf 87' lang='lat' dir='ltr'><strong>non</strong></span> <span class='ocrx_word' id='word_1_971' title='bbox 3433 5243 3602 5299; x_wconf 85' lang='lat' dir='ltr'><strong>parcet</strong></span> 
     </span>
    </p>
   </div>
   <div class='ocr_carea' id='block_1_116' title="bbox 2027 5304 3603 5376">
    <p class='ocr_par' dir='ltr' id='par_1_116' title="bbox 2027 5304 3603 5376">
     <span class='ocr_line' id='line_1_116' title="bbox 2027 5304 3603 5376; baseline 0.011 -20"><span class='ocrx_word' id='word_1_972' title='bbox 2027 5305 2081 5358; x_wconf 87' lang='lat' dir='ltr'><strong>in</strong></span> <span class='ocrx_word' id='word_1_973' title='bbox 2115 5304 2196 5358; x_wconf 88' lang='lat' dir='ltr'><strong>die</strong></span> <span class='ocrx_word' id='word_1_974' title='bbox 2239 5306 2461 5374; x_wconf 81' lang='lat' dir='ltr'><strong>judicii,</strong></span> <span class='ocrx_word' id='word_1_975' title='bbox 2493 5323 2649 5376; x_wconf 89' lang='lat' dir='ltr'><strong>neque</strong></span> <span class='ocrx_word' id='word_1_976' title='bbox 2687 5312 3008 5364; x_wconf 88' lang='lat' dir='ltr'><strong>commutabit</strong></span> <span class='ocrx_word' id='word_1_977' title='bbox 3037 5315 3206 5368; x_wconf 84' lang='lat' dir='ltr'><strong>odium</strong></span> <span class='ocrx_word' id='word_1_978' title='bbox 3247 5319 3416 5371; x_wconf 87' lang='lat' dir='ltr'><strong>multis</strong></span> <span class='ocrx_word' id='word_1_979' title='bbox 3458 5319 3603 5372; x_wconf 84' lang='lat' dir='ltr'><strong>donis</strong></span> 
     </span>
    </p>
   </div>
   <div class='ocr_carea' id='block_1_117' title="bbox 2027 5395 3602 5480">
    <p class='ocr_par' dir='ltr' id='par_1_117' title="bbox 2027 5395 3602 5480">
     <span class='ocr_line' id='line_1_117' title="bbox 2027 5395 3602 5480; baseline 0.013 -34"><span class='ocrx_word' id='word_1_980' title='bbox 2027 5397 2044 5462; x_wconf 93' lang='lat'><strong>(</strong></span> <span class='ocrx_word' id='word_1_981' title='bbox 2068 5395 2221 5449; x_wconf 86' lang='lat' dir='ltr'><strong>Prov.</strong></span> <span class='ocrx_word' id='word_1_982' title='bbox 2251 5399 2301 5450; x_wconf 82' lang='lat'><strong>6.</strong></span> <span class='ocrx_word' id='word_1_983' title='bbox 2337 5399 2424 5450; x_wconf 71' lang='lat'><strong>54.</strong></span> <span class='ocrx_word' id='word_1_984' title='bbox 2571 5416 2583 5451; x_wconf 94' lang='lat'><strong>:</strong></span> <span class='ocrx_word' id='word_1_985' title='bbox 2613 5408 2668 5454; x_wconf 87' lang='lat' dir='ltr'><strong>et</strong></span> <span class='ocrx_word' id='word_1_986' title='bbox 2697 5417 2899 5469; x_wconf 89' lang='lat' dir='ltr'><strong>rursus,</strong></span> <span class='ocrx_word' id='word_1_987' title='bbox 2929 5403 3101 5461; x_wconf 86' lang='lat' dir='ltr'><strong>Durus</strong></span> <span class='ocrx_word' id='word_1_988' title='bbox 3128 5419 3179 5460; x_wconf 93' lang='lat' dir='ltr'><strong>ut</strong></span> <span class='ocrx_word' id='word_1_989' title='bbox 3207 5411 3436 5480; x_wconf 77' lang='lat' dir='ltr'><strong>infernus</strong></span> <span class='ocrx_word' id='word_1_990' title='bbox 3465 5415 3602 5467; x_wconf 79' lang='lat' dir='ltr'><strong>zelus</strong></span> 
     </span>
    </p>
   </div>
   <div class='ocr_carea' id='block_1_118' title="bbox 2029 5485 3018 5569">
    <p class='ocr_par' dir='ltr' id='par_1_118' title="bbox 2029 5485 3018 5569">
     <span class='ocr_line' id='line_1_118' title="bbox 2029 5485 3018 5569; baseline -0.002 -28"><span class='ocrx_word' id='word_1_991' title='bbox 2029 5485 2198 5558; x_wconf 86' lang='lat' dir='ltr'><strong>(Cant.</strong></span> <span class='ocrx_word' id='word_1_992' title='bbox 2228 5487 2280 5540; x_wconf 91' lang='lat'><strong>8.</strong></span> <span class='ocrx_word' id='word_1_993' title='bbox 2311 5486 2386 5556; x_wconf 89' lang='lat'><strong>6).</strong></span> <span class='ocrx_word' id='word_1_994' title='bbox 3007 5560 3018 5569; x_wconf 75' lang='lat'><em>_</em></span> 
     </span>
    </p>
   </div>
   <div class='ocr_carea' id='block_1_119' title="bbox 2096 5578 3604 5653">
    <p class='ocr_par' dir='ltr' id='par_1_119' title="bbox 2096 5578 3604 5653">
     <span class='ocr_line' id='line_1_119' title="bbox 2096 5578 3604 5653; baseline 0.009 -19"><span class='ocrx_word' id='word_1_995' title='bbox 2096 5580 2149 5634; x_wconf 86' lang='lat'><strong>5.</strong></span> <span class='ocrx_word' id='word_1_996' title='bbox 2178 5578 2457 5649; x_wconf 70' lang='lat' dir='ltr'><strong>Zelotypiaz</strong></span> <span class='ocrx_word' id='word_1_997' title='bbox 2495 5580 2694 5635; x_wconf 88' lang='lat' dir='ltr'><strong>insania</strong></span> <span class='ocrx_word' id='word_1_998' title='bbox 2719 5596 2926 5653; x_wconf 90' lang='lat' dir='ltr'><strong>quanta.</strong></span> <span class='ocrx_word' id='word_1_999' title='bbox 2949 5616 3016 5626; x_wconf 89' lang='grc'><strong>--</strong></span> <span class='ocrx_word' id='word_1_1000' title='bbox 3034 5587 3228 5643; x_wconf 81' lang='lat' dir='ltr'><strong>Multos</strong></span> <span class='ocrx_word' id='word_1_1001' title='bbox 3254 5599 3430 5645; x_wconf 89' lang='lat' dir='ltr'><strong>autem</strong></span> <span class='ocrx_word' id='word_1_1002' title='bbox 3457 5593 3604 5647; x_wconf 88' lang='lat' dir='ltr'><strong>vide-</strong></span> 
     </span>
    </p>
   </div>
   <div class='ocr_carea' id='block_1_120' title="bbox 2030 5669 3601 5744">
    <p class='ocr_par' dir='ltr' id='par_1_120' title="bbox 2030 5669 3601 5744">
     <span class='ocr_line' id='line_1_120' title="bbox 2030 5669 3601 5744; baseline 0.011 -22"><span class='ocrx_word' id='word_1_1003' title='bbox 2030 5683 2148 5723; x_wconf 90' lang='lat' dir='ltr'><strong>mus</strong></span> <span class='ocrx_word' id='word_1_1004' title='bbox 2171 5671 2220 5722; x_wconf 90' lang='lat' dir='ltr'><strong>in</strong></span> <span class='ocrx_word' id='word_1_1005' title='bbox 2249 5680 2445 5723; x_wconf 87' lang='lat' dir='ltr'><strong>tantam</strong></span> <span class='ocrx_word' id='word_1_1006' title='bbox 2474 5669 2732 5726; x_wconf 89' lang='lat' dir='ltr'><strong>insaniam</strong></span> <span class='ocrx_word' id='word_1_1007' title='bbox 2760 5677 3066 5744; x_wconf 87' lang='lat' dir='ltr'><strong>prorupisse</strong></span> <span class='ocrx_word' id='word_1_1008' title='bbox 3084 5718 3100 5743; x_wconf 92' lang='lat'><strong>,</strong></span> <span class='ocrx_word' id='word_1_1009' title='bbox 3128 5688 3186 5732; x_wconf 94' lang='lat' dir='ltr'><strong>ut</strong></span> <span class='ocrx_word' id='word_1_1010' title='bbox 3227 5695 3325 5733; x_wconf 90' lang='lat' dir='ltr'><strong>nec</strong></span> <span class='ocrx_word' id='word_1_1011' title='bbox 3350 5684 3601 5739; x_wconf 80' lang='lat' dir='ltr'><strong>uxoribus</strong></span> 
     </span>
    </p>
   </div>
   <div class='ocr_carea' id='block_1_121' title="bbox 2031 5763 3603 5842">
    <p class='ocr_par' dir='ltr' id='par_1_121' title="bbox 2031 5763 3603 5842">
     <span class='ocr_line' id='line_1_121' title="bbox 2031 5763 3603 5842; baseline 0.009 -26"><span class='ocrx_word' id='word_1_1012' title='bbox 2031 5763 2157 5832; x_wconf 88' lang='lat' dir='ltr'><strong>ipsis</strong></span> <span class='ocrx_word' id='word_1_1013' title='bbox 2181 5771 2479 5832; x_wconf 85' lang='lat' dir='ltr'><strong>parcerent,</strong></span> <span class='ocrx_word' id='word_1_1014' title='bbox 2507 5763 2600 5819; x_wconf 90' lang='lat' dir='ltr'><strong>sed</strong></span> <span class='ocrx_word' id='word_1_1015' title='bbox 2640 5775 2690 5820; x_wconf 87' lang='lat' dir='ltr'><strong>et</strong></span> <span class='ocrx_word' id='word_1_1016' title='bbox 2712 5765 3008 5823; x_wconf 88' lang='lat' dir='ltr'><strong>adulterum</strong></span> <span class='ocrx_word' id='word_1_1017' title='bbox 3037 5769 3208 5841; x_wconf 85' lang='lat' dir='ltr'><strong>ipsum</strong></span> <span class='ocrx_word' id='word_1_1018' title='bbox 3237 5786 3603 5842; x_wconf 73' lang='lat' dir='ltr'><strong>Stepcmunero</strong></span> 
     </span>
    </p>
   </div>
  </div>
