4062 6396
506 352 609 405 299

507 478 561 521 et
588 465 899 533 semctipsos
926 462 1311 516 iuterimerent.
1341 460 1507 514 Tanta
1536 460 1612 515 rei
1643 460 1800 528 hujus
1828 470 1909 513 est
1938 459 2082 512 insa-

508 559 593 611 nia
614 598 629 622 ,
662 564 765 609 tam
798 556 1061 623 impotens
1084 560 1139 607 et
1165 550 1418 605 indomita
1446 559 1530 605 est
1554 549 1833 621 zelotypia,
1864 557 1922 603 ut
1962 564 2082 603 cum

510 649 598 716 qui
630 645 793 700 semel
821 643 918 697 hac
938 642 1248 712 aegritudine
1272 648 1550 710 correptus
1574 641 1661 700 sit.
1691 639 1887 692 efficiat
1924 641 2083 691 etiam

510 737 772 805 propriam
799 734 1024 789 salutem
1056 741 1418 786 contemnere.
1450 733 1528 785 Ac
1554 728 1917 784 fortitudinem
1962 729 2081 797 qui-

506 832 626 884 dem
662 830 791 899 justi
838 829 963 884 licet
1010 827 1133 883 inde
1175 842 1538 897 cognoscere:
1568 827 1899 897 prudentiam
1953 841 2085 880 vero

444 905 449 917 ’
507 937 612 973 non
641 920 964 973 mediocrem
991 934 1055 972 ex
1082 933 1169 985 eo,
1199 918 1340 987 quod
1383 919 1438 971 in
1487 927 1659 972 tantas
1703 918 1948 972 redactus
1989 932 2081 970 an-

504 1012 703 1077 gustias
741 1021 795 1063 et
827 1018 1093 1079 tamquam
1125 1009 1325 1078 laqueis
1351 1009 1606 1073 irretitus,
1637 1009 1773 1062 hanc
1819 1009 1955 1061 viam
1985 1023 2081 1077 po-

506 1101 664 1153 tuerit
690 1099 1018 1163 adinvenire,
1049 1113 1152 1167 qua
1183 1099 1376 1152 malum
1412 1098 1829 1152 imminueretur.
1858 1096 1989 1151 Nam
2037 1097 2082 1150 si

503 1190 715 1257 quidem
739 1189 958 1243 dixisset
987 1204 1205 1243 uxorem
1226 1202 1285 1242 se
1313 1189 1452 1242 illius
1477 1202 1616 1254 esse,
1641 1203 1810 1258 neque
1854 1188 2080 1241 fabulam

504 1284 646 1336 illam
675 1283 887 1351 egisset,
915 1298 977 1336 ac
1002 1282 1201 1337 sororis
1249 1297 1441 1335 nomen
1487 1289 1831 1349 usurpasset:
1861 1290 1915 1334 et
1969 1280 2080 1348 ipsa

500 1377 641 1443 justo
668 1384 849 1442 erepta
872 1382 1031 1436 esset,
1059 1388 1178 1426 cum
1206 1373 1321 1441 ejus
1347 1372 1529 1426 forma:
1560 1371 1894 1441 pulchritudo
1922 1370 2081 1424 lasci-

502 1482 624 1520 vum
653 1464 1026 1536 Egyptiorum
1052 1464 1287 1518 animum
1331 1464 1655 1532 pellexisset,
1685 1474 1736 1517 et
1773 1462 2081 1517 interfectus

498 1557 670 1625 justus
701 1555 904 1621 fuisset,
958 1565 1013 1609 nt
1056 1556 1273 1610 sceleris
1310 1564 1583 1608 accusator
1607 1569 1637 1609 e
1663 1554 1837 1607 medio
1865 1554 2079 1608 tollere-

504 1656 606 1701 tur.
636 1648 855 1713 Quando
884 1646 1039 1717 igitur
1070 1647 1151 1698 bte
1194 1645 1310 1699 dua:
1334 1645 1567 1699 molesta:
1604 1659 1689 1699 res
1716 1644 1934 1697 omnino
1960 1658 2083 1712 pro-

503 1750 621 1808 pter
650 1740 919 1791 hominum
953 1738 1163 1791 illorum
1209 1737 1664 1805 intemperantiam
1724 1739 1968 1803 regisque
2000 1746 2080 1805 ty-

504 1830 777 1884 rannidem
804 1837 1070 1882 eventurze
1096 1835 1270 1892 erant,
1298 1835 1352 1879 ut
1398 1828 1448 1878 in
1480 1827 1635 1879 tantis
1681 1824 2079 1879 difficultatibus

502 1898 747 1989 exiguum
786 1919 1000 1987 aliquod
1044 1917 1289 1971 solatium
1335 1916 1566 1969 nancisci
1622 1923 1837 1984 possent
1890 1932 1904 1969 :
1955 1913 2073 1980 Dic,

503 2012 689 2080 inquit,
724 2011 883 2064 Soror
916 2010 1025 2079 ejus
1059 2024 1210 2072 sum;
1239 2008 1339 2062 hoc
1359 2010 1499 2061 enim
1544 2006 1771 2062 fortasse
1800 2023 1885 2063 me
1921 2024 1948 2061 a
1982 2023 2079 2077 pe-

503 2102 682 2156 riculis
708 2101 967 2156 liberabit.
991 2100 1119 2154 Nam
1146 2101 1285 2168 quod
1311 2099 1375 2153 ad
1404 2110 1454 2153 te
1483 2098 1693 2168 quidem
1726 2100 1931 2161 attinet,
1963 2099 2080 2153 sive

500 2208 739 2247 sororem
770 2191 987 2261 teipsam
1013 2191 1231 2255 dixeris,
1262 2192 1374 2244 sive
1410 2191 1709 2259 conjugem,
1738 2207 1893 2244 nemo
1922 2206 2080 2260 nega-

500 2286 573 2338 bit
603 2285 726 2353 quin
748 2284 965 2337 omnino
995 2282 1227 2336 futurum
1254 2282 1342 2345 sit,
1376 2292 1432 2334 ut
1477 2291 1525 2335 te
1574 2289 1793 2349 propter
1836 2280 2081 2349 corporis

502 2376 946 2449 pulchritudinem
1000 2374 1281 2430 confestim
1320 2374 1583 2443 eripiant;
1622 2390 1707 2428 me
1730 2389 1857 2426 vero
1884 2374 2078 2442 proba-

500 2470 606 2522 bile
630 2477 712 2522 est
739 2467 959 2521 insidias
995 2480 1297 2529 evasurum,
1333 2465 1376 2517 si
1410 2481 1600 2517 nomen
1623 2465 1822 2518 sororis
1848 2480 2077 2533 usurpa-

500 2561 660 2614 veris.
696 2559 855 2614 Vides
879 2558 1211 2627 prudentiam
1235 2557 1394 2627 justi;
1427 2572 1531 2626 quo
1561 2566 1711 2625 pacto
1754 2558 2078 2626 interceptus

505 2655 642 2704 viam
692 2649 922 2719 potuerit
964 2650 1236 2709 invenire.
1288 2663 1352 2702 ac
1397 2649 1611 2702 modum
1664 2648 2072 2717 excogitaverit,

499 2761 605 2814 quo
650 2743 1017 2814 [Egyptiorum
1066 2740 1281 2795 insidias
1334 2749 1511 2811 posset
1555 2741 1826 2795 evadere?
1876 2741 2076 2795 Rursus

498 2838 598 2891 hoc
627 2836 744 2891 loco
775 2835 901 2889 mihi
934 2834 1239 2903 patientiam
1289 2848 1502 2903 quoque
1534 2833 1660 2901 justi
1694 2832 1981 2901 perpende,
2012 2848 2075 2886 ac

496 2927 733 2980 mulieris
759 2926 1075 2995 probitatem
1107 2940 1119 2975 :
1145 2923 1271 2993 justi
1318 2924 1553 2993 quidem,
1608 2926 1747 2991 quod
1787 2938 1892 2976 non
1940 2924 2077 2976 indi-

495 3027 683 3085 gnatus
712 3017 780 3070 sit
808 3030 976 3084 neque
1006 3014 1201 3068 dixerit
1225 3032 1239 3067 :
1262 3014 1369 3067 Cur
1407 3024 1581 3067 autem
1621 3012 1756 3066 hanc
1800 3012 2072 3067 mulierem

497 3123 704 3160 mecum
721 3107 877 3170 duco,
904 3106 1056 3174 cujus
1083 3105 1251 3173 gratia
1279 3112 1421 3157 tanta
1445 3104 1497 3156 in
1524 3118 1607 3157 me
1630 3112 1911 3170 tempestas
1932 3104 2075 3157 exei-

498 3198 678 3251 tatur?
705 3196 830 3266 quid
860 3198 1002 3250 enim
1028 3195 1144 3264 ejus
1183 3194 1311 3248 mihi
1340 3194 1555 3262 prodest
1576 3194 1923 3257 consuetudo,
1954 3210 2072 3248 cum

494 3291 609 3357 ejus
635 3304 794 3344 causa
835 3289 886 3343 in
931 3303 1195 3342 summum
1241 3287 1429 3356 capitis
1477 3286 1763 3341 discrimen
1801 3287 2073 3342 adducar?

495 3382 619 3451 quid
651 3382 777 3435 mihi
802 3381 1028 3451 proficit,
1056 3395 1176 3433 cum
1206 3394 1311 3433 non
1355 3378 1514 3432 modo
1554 3379 1698 3433 nullo
1757 3395 1842 3433 me
1883 3380 2072 3433 solatio

492 3473 660 3540 juvet,
692 3472 784 3526 sed
815 3476 972 3525 etiam
1000 3486 1092 3524 sua
1132 3468 1521 3539 pulchritudine
1547 3469 1732 3523 mortis
1778 3469 1902 3523 mihi
1936 3471 2074 3539 peri-

494 3564 673 3616 culum
717 3561 1065 3616 creet‘lNihil
1099 3560 1287 3614 horum
1336 3559 1469 3614 dixit
1514 3568 1605 3613 aut
1659 3561 1925 3629 cogitavit,
1976 3560 2071 3614 sed

496 3656 639 3707 mimi
670 3653 929 3722 ejusmodi
970 3653 1165 3721 rejecta
1213 3652 1532 3721 cogitatione
1575 3650 1643 3705 de
1669 3652 1760 3705 Dei
1810 3652 2071 3720 promisso

496 3748 713 3800 minime
736 3745 1025 3809 dubitavit;
1050 3744 1142 3797 sed
1166 3744 1216 3797 in
1241 3744 1289 3797 id
1316 3760 1474 3797 unum
1503 3744 1758 3810 incubuit,
1788 3754 1845 3798 ut
1883 3745 2071 3813 prazvi-

495 3854 609 3899 sum
638 3837 922 3890 discrimen
947 3845 1125 3904 posset
1153 3836 1403 3889 evadere.
1439 3835 1532 3888 llic
1582 3836 1723 3888 enim
1753 3835 2069 3891 ineffabilem

494 3930 585 3982 Dei
616 3930 918 3998 patientiam
955 3927 1336 3993 animadverte,
1384 3926 1747 3989 dilectiSsime,
1780 3944 1884 3996 quo
1917 3936 2068 3996 pacto

492 4035 598 4071 non
647 4021 859 4072 assistat
897 4033 1067 4087 neque
1090 4017 1640 4085 consoleturjustmn,
1685 4017 1777 4071 sed
1829 4018 2069 4087 ingrave-

491 4124 641 4163 scere
667 4108 801 4161 mala
833 4108 972 4161 sinat
995 4118 1047 4161 ct
1072 4108 1269 4177 augeri,
1300 4117 1455 4177 atque
1503 4109 1554 4161 in
1590 4117 1854 4163 extremas
1898 4124 2065 4177 angu~

492 4200 621 4251 stias
670 4199 858 4267 redigi,
904 4207 1121 4268 tumque
1164 4213 1311 4251 suam
1368 4198 1750 4267 providentiam
1800 4199 2063 4253 ostendat.

491 4289 589 4341 Dic
612 4288 786 4356 igitur,
810 4288 998 4357 inquit,
1029 4289 1189 4341 Soror
1236 4290 1343 4356 ejus
1395 4304 1507 4339 sum
1533 4302 1552 4340 .'
1576 4297 1629 4340 ut
1675 4287 1797 4341 bene
1835 4288 1898 4341 sit
1942 4289 2065 4341 milii

493 4391 696 4449 propter
740 4392 807 4444 te,
856 4389 903 4433 et
950 4380 1074 4432 vivet
1123 4381 1294 4432 anima
1329 4396 1438 4432 mea
1464 4389 1665 4449 propter
1684 4388 1748 4433 te.
1774 4379 1888 4433 Non
1916 4382 2063 4448 quasi

492 4471 745 4523 moritura
771 4478 913 4523 esset
938 4470 1101 4537 ipsius
1129 4469 1323 4532 anima,
1348 4468 1461 4521 hzec
1486 4468 1618 4522 dixit
1644 4468 1814 4537 justus
1855 4468 2066 4537 (Nolite

488 4564 628 4615 enim
652 4562 842 4628 timere,
872 4561 1058 4630 inquit,
1090 4577 1173 4614 eos
1207 4561 1291 4629 qui
1320 4561 1553 4614 occidunt
1592 4578 1793 4631 corpus,
1844 4563 2063 4615 animam

489 4665 657 4705 autem
685 4668 785 4704 non
810 4660 1013 4721 possunt
1040 4651 1263 4703 occidere
1290 4649 1501 4724 [Matth.
1532 4651 1617 4707 10.
1649 4651 1788 4722 28]),
1818 4652 1909 4706 sed
1933 4657 2061 4706 sim-

494 4745 697 4813 pliciter
718 4758 783 4796 ex
803 4741 1186 4794 consuetudine
1210 4740 1291 4793 his
1313 4740 1486 4793 verbis
1508 4755 1724 4793 uxorem
1748 4740 1936 4795 affatus
1960 4750 2058 4796 est.

492 4835 558 4889 Ut
580 4838 700 4887 bene
728 4832 851 4884 milii
868 4832 951 4896 sit,
983 4832 1167 4900 inquit,
1195 4841 1395 4901 propter
1422 4841 1488 4896 Ie,
1524 4842 1572 4884 et
1596 4829 1716 4885 vivet
1755 4833 1924 4885 anima
1953 4850 2062 4887 mea

489 4937 690 4997 prapter
732 4934 779 4978 te
810 4941 829 4979 :
856 4926 1006 4993 quasi
1033 4925 1235 4978 diceret
1281 4925 1353 4978 illi
1384 4942 1396 4979 :
1422 4924 1539 4988 Dic,
1585 4924 1746 4979 Soror
1772 4928 1878 4990 eius
1903 4944 2012 4979 sum
2041 4943 2060 4981 :

489 5034 555 5071 ne
581 5017 782 5071 efficias
809 5026 885 5081 ut,
912 5031 1032 5069 cum
1065 5023 1279 5084 prOpter
1306 5014 1495 5069 famem
1535 5031 1567 5070 θ
1590 5016 1886 5070 Chananaea
1916 5018 2059 5088 fuge-

488 5108 606 5171 rim,
641 5107 885 5160 manibus
922 5120 1113 5160 enecer
1140 5106 1532 5176 Egyptiorum.
1565 5106 1686 5161 Fias
1731 5109 1906 5176 potius
1931 5110 2059 5164 mihi

489 5198 673 5250 salutis
703 5211 882 5259 causa,
918 5195 987 5250 Ut
1026 5198 1145 5250 bene
1175 5197 1239 5249 sit
1282 5197 1402 5249 mihi
1432 5206 1632 5265 propter
1656 5206 1719 5250 te.
1747 5197 2058 5253 bliserabilia

485 5298 609 5340 sunt
638 5287 752 5343 lucc
791 5287 973 5352 verba,
1024 5288 1195 5342 sedet
1240 5290 1436 5342 multus
1477 5299 1591 5342 erat
1635 5289 1792 5342 timor
1842 5302 2057 5359 propter

487 5378 744 5432 insaniam
778 5377 1139 5446 [Egyptiacam
1161 5418 1175 5441 ,
1218 5386 1272 5431 et
1322 5377 1439 5446 quia
1484 5378 1717 5431 nondum
1742 5380 1925 5433 mortis
1946 5390 2059 5436 erat

486 5470 659 5521 soluta
681 5468 943 5538 tyrannis;
977 5478 1252 5537 propterea
1279 5468 1329 5519 in
1355 5467 1667 5521 adulterium
1707 5470 1885 5522 uxoris
1931 5484 2058 5523 con-

484 5560 643 5610 sentit
683 5559 875 5626 justus,
908 5566 963 5611 et
1003 5558 1152 5626 quasi
1204 5559 1367 5611 servit
1412 5557 1653 5611 adultero
1704 5559 1756 5612 iu
1806 5559 2046 5613 mulieris

484 5647 880 5713 contumeliam,
910 5658 966 5700 ut
1008 5657 1231 5701 mortem
1281 5647 1513 5717 effugiat.
1556 5649 1681 5703 Erat
1716 5651 1858 5704 enim
1885 5649 2058 5705 adhuc

488 5739 734 5791 terribilis
776 5740 934 5795 facies
967 5738 1192 5806 mortis;
1237 5740 1469 5795 nondum
1522 5753 1671 5798 erant
1707 5760 1861 5800 aereae
1888 5754 2055 5817 portae

1283 348 1340 406 S.
1379 348 1652 405 JOANNIS
1688 346 2156 404 Clll‘iYSOSTOlll
2199 348 2512 404 ARCIIIEP.
2553 351 3074 410 CONSTANTINOP.

3669 368 3770 424 300

2192 458 2477 515 confracta:
2530 478 2544 526 ;
2597 463 2829 518 nondum
2876 479 2990 521 erat
3039 469 3255 525 aculeus
3305 474 3421 542 ejus
3469 478 3765 534 hebetatus.

2196 547 2381 605 Vidisti
2422 552 2691 607 vinculum
2736 556 2971 610 caritatis
3024 559 3118 613 viri
3166 572 3223 616 et
3266 562 3543 621 mulieris?
3589 571 3766 625 vidisti

2189 641 2398 705 virum,
2431 643 2604 710 qualia
2628 645 2833 700 mulieri
2860 661 3141 715 suggerere
3170 654 3239 705 sit
3280 670 3463 720 ausus,
3511 666 3566 712 et
3605 662 3762 728 quale

2188 732 2467 786 consilium
2495 735 2759 805 acceperit
2785 738 3014 792 mulier?
3041 739 3156 795 Non
3183 746 3397 810 renuit,
3425 765 3598 817 neque
3642 767 3768 819 gra-

2188 822 2351 874 vatim
2378 822 2523 877 fert:
2554 826 2645 879 sed
2675 829 2852 881 omnia
2897 828 3059 895 facit,
3088 833 3159 886 ita
3205 843 3263 888 ut
3312 836 3487 891 fabula
3528 849 3583 893 et
3623 842 3767 895 fictio

2189 910 2278 965 illa
2319 912 2497 968 lateat.
2543 916 2776 970 Audiant
2824 919 2920 973 viri
2968 929 3022 974 et
3068 924 3358 989 mulieres,
3402 936 3457 980 et
3495 930 3767 985 imitentur

2189 999 2378 1055 borum
2431 1005 2811 1073 concordiam,
2868 1010 3136 1066 vinculum
3192 1016 3457 1082 caritatis,
3516 1019 3763 1087 pietatem

2189 1092 2482 1163 insignem,
2530 1106 2584 1152 et
2620 1098 2766 1154 Sara:
2816 1104 3193 1159 continentiam
3243 1108 3589 1174 temulentur;
3643 1127 3765 1181 quae

2190 1184 2364 1239 vetula
2404 1185 2456 1239 in
2502 1195 2643 1242 tanta
2688 1198 2963 1245 venustate
2996 1208 3344 1262 permanens,
3383 1200 3619 1253 certabat
3643 1216 3764 1255 cum

2182 1275 2331 1344 justo
2362 1277 2640 1334 virtutibus
2671 1297 2684 1333 :
2714 1281 2833 1336 ideo
2863 1293 2913 1337 et
2949 1293 3146 1339 tantam
3197 1289 3313 1356 ejus
3354 1304 3535 1344 curam
3584 1290 3768 1346 habuit

2190 1366 2328 1420 Deus
2356 1408 2371 1433 ,
2403 1376 2711 1440 tantumque
2740 1386 2969 1441 superne
2999 1375 3071 1428 illi
3103 1378 3416 1433 retributum
3446 1389 3547 1435 est.
3579 1380 3766 1436 Nullus

2189 1456 2347 1524 igitur
2384 1467 2603 1513 accuset
2646 1461 3125 1530 pulchritudinem,
3177 1468 3353 1522 nullus
3399 1468 3515 1523 hzec
3562 1471 3766 1525 inutilia

2186 1548 2344 1603 verba
2370 1549 2511 1604 dicat
2537 1567 2552 1603 :
2584 1550 2731 1607 Hanc
2774 1554 3006 1621 perdidit
3034 1556 3237 1622 forma;
3268 1557 3389 1613 huic
3433 1560 3765 1628 pulchritudo

2185 1654 2342 1694 causa
2394 1642 2489 1696 fuit
2526 1643 2785 1699 interitus.
2824 1646 2937 1700 Non
2985 1649 3321 1716 pulchritudo
3361 1651 3412 1705 in
3457 1668 3610 1707 causa
3633 1663 3760 1709 est:

2184 1729 2349 1793 absit;
2379 1745 2512 1799 opus
2540 1734 2684 1787 enim
2706 1734 2797 1788 Dei
2820 1746 2900 1790 est
2925 1748 2978 1791 et
3002 1738 3113 1807 ipsa
3138 1756 3151 1791 :
3177 1740 3269 1795 sed
3297 1756 3545 1808 perversa
3575 1744 3764 1799 volun-

2196 1827 2278 1873 tas
2308 1820 2567 1875 malorum
2602 1826 2837 1879 omnium
2864 1838 3025 1879 causa
3049 1838 3151 1882 est.
3188 1828 3375 1884 Vidisti
3400 1831 3762 1889 admirabilem

2196 1910 2332 1964 hanc
2357 1914 2631 1968 mulierem
2659 1916 2902 1985 utrinque
2929 1918 3273 1986 relucentem,
3302 1932 3356 1976 et
3381 1923 3450 1976 ob
3475 1924 3765 1991 pulchritu-

2183 2001 2361 2056 dinem
2387 2004 2599 2071 animze,
2623 2015 2677 2060 et
2704 2007 2772 2061 ob
2799 2006 3185 2065 formositatem
3211 2010 3365 2066 faciei
3392 2016 3611 2085 vestigia
3632 2016 3762 2083 jUsli

2184 2100 2424 2165 proxime
2468 2100 2820 2169 sequentem?
2852 2099 2999 2155 Hanc
3043 2102 3315 2157 imitentur
3359 2105 3626 2160 mulieres.
3667 2108 3763 2161 Et-

2182 2191 2323 2243 enim
2353 2205 2451 2244 nec
2477 2191 2766 2245 venustatis
2793 2191 2979 2257 decor,
3010 2208 3109 2246 nec
3130 2194 3399 2260 sterilitas,
3430 2211 3528 2251 nec
3562 2206 3762 2254 tantum

2186 2290 2416 2349 tempus,
2446 2295 2543 2335 nec
2564 2280 2868 2335 facultatum
2910 2282 3250 2349 abundantia,
3277 2300 3449 2354 neque
3476 2295 3552 2340 tot
3576 2289 3764 2356 migra-

2186 2371 2376 2437 tiones,
2410 2385 2578 2441 neque
2618 2372 3087 2441 peregrinationes,
3129 2382 3185 2427 et
3224 2377 3489 2429 continua:
3530 2377 3763 2431 crebra:-

2182 2477 2284 2530 que
2331 2463 2685 2526 tentationes,
2732 2462 2814 2516 vel
2865 2463 3119 2533 quidquid
3173 2465 3311 2531 tale,
3360 2475 3592 2523 mentem
3642 2468 3761 2535 ejus

2183 2567 2395 2605 movere
2425 2560 2746 2621 potuerunt:
2777 2554 3061 2607 immobilis
3096 2556 3237 2608 enim
3271 2557 3482 2610 mansit.
3515 2557 3661 2612 Unde
3690 2560 3761 2612 ob

2184 2644 2529 2712 patientiam,
2579 2643 2791 2713 dignam
2839 2646 3135 2700 mercedem
3191 2649 3479 2715 reportavit
3512 2667 3524 2701 :
3559 2650 3610 2701 in
3658 2664 3759 2703 ex-

2185 2743 2350 2788 trema
2376 2735 2516 2787 enim
2546 2745 2838 2799 senectute,
2862 2753 2924 2789 ex
2950 2736 3101 2791 vulva
3130 2738 3297 2791 sterili
3326 2748 3379 2792 et
3407 2749 3555 2792 utero
3581 2755 3759 2794 emor-

2184 2834 2271 2876 tuo
2295 2839 2481 2891 parere
2510 2826 2698 2892 potuit.
2734 2824 2799 2879 Ut
2826 2827 2966 2890 milii,
2994 2826 3182 2896 inquit,
3212 2828 3333 2881 bene
3356 2829 3418 2880 sit
3445 2841 3647 2900 propter
3674 2843 3755 2898 te,

2180 2913 2371 2965 etvivet
2414 2915 2582 2966 anima
2626 2931 2733 2967 mea
2782 2926 2984 2985 prepter
3021 2926 3085 2969 te.
3137 2918 3297 2982 Quasi
3346 2919 3587 2974 diceret:
3617 2921 3757 2977 Nihil

2179 3004 2318 3057 aliud
2347 3004 2582 3058 relictum
2614 3005 2741 3059 mihi
2788 3017 2867 3059 est
2914 3008 2978 3060 ad
3035 3009 3281 3073 salutem,
3312 3026 3466 3079 quam
3497 3021 3553 3066 ut
3574 3014 3753 3069 dicas:

2181 3094 2341 3147 Soror
2384 3096 2491 3166 ejus
2531 3113 2659 3149 sum.
2712 3097 2973 3151 Fortassis
3002 3100 3141 3153 enim
3185 3102 3431 3171 effugiam
3466 3106 3754 3173 periculum

2180 3184 2319 3252 quod
2353 3187 2637 3240 reformido
2663 3226 2678 3252 ,
2707 3198 2759 3241 et
2782 3188 2997 3256 posthac
3025 3204 3241 3260 propter
3267 3203 3316 3247 te
3349 3196 3555 3261 vivam,
3586 3207 3638 3249 et
3661 3199 3755 3253 tibi

2178 3274 2316 3342 quod
2341 3275 2599 3344 reliquum
2626 3279 2742 3330 vita:
2766 3278 2921 3331 fuerit
2946 3291 3218 3351 arceptum
3246 3283 3492 3338 referam.
3521 3286 3755 3345 Sufficie-

2178 3366 2304 3420 bant
2341 3367 2454 3422 hinc
2488 3369 2647 3422 verba
2678 3370 2744 3423 ad
2772 3372 3287 3428 comniiseratiunem
3321 3379 3500 3431 uxoris
3529 3396 3753 3435 moven-

2177 3457 2336 3521 dam,
2380 3468 2431 3511 et
2477 3458 2542 3512 ad
2591 3460 3038 3529 persuadendum.

2247 3549 2298 3602 6.
2333 3548 2444 3602 lloc
2481 3564 2607 3604 vere
2634 3562 2715 3604 est
2740 3552 3037 3621 conjugium
3060 3594 3075 3617 ,
3117 3556 3329 3624 quando
3362 3574 3463 3613 non
3494 3560 3668 3616 solum
3700 3562 3750 3617 iu

2178 3640 2547 3707 prosperitate,
2571 3640 2663 3695 sed
2691 3651 2743 3694 et
2769 3641 2819 3694 in
2842 3644 3093 3711 periculis
3120 3646 3276 3699 simul
3306 3649 3579 3703 ambulant
3609 3673 3621 3706 :
3650 3652 3751 3707 hoc

2173 3746 2441 3800 germanae
2467 3734 2700 3787 caritatis
2727 3734 2976 3790 indicium
3005 3746 3087 3790 est
3111 3754 3125 3799 ;
3150 3737 3250 3791 hoc
3283 3741 3431 3808 signo
3456 3744 3750 3799 certissime

2175 3821 2545 3876 internoscitur
2568 3822 2815 3876 amicitia.
2844 3824 2957 3878 Non
2984 3827 3061 3881 sic
3085 3826 3325 3881 diadema
3351 3832 3400 3883 in
3418 3833 3585 3898 capite
3606 3835 3748 3901 posi-

2174 3920 2285 3965 tum
2312 3928 2488 3982 regem
2514 3914 2755 3979 illustrat,
2778 3924 2936 3984 atque
2954 3917 3249 3971 obedientia
3270 3921 3376 3983 illa,
3401 3938 3500 3989 qua
3526 3926 3749 3977 consilio

2167 4005 2293 4072 justi
2318 4005 2507 4072 paruit,
2535 4006 2669 4059 hanc
2689 4006 2893 4060 beatam
2918 4008 3163 4063 feminam
3190 4012 3445 4067 illustrem
3473 4026 3523 4068 et
3547 4017 3748 4072 claram

2171 4094 2569 4147 demonstravit.
2621 4094 2785 4160 Quem
2834 4097 2991 4166 igitur
3017 4115 3121 4153 non
3170 4102 3595 4170 obstupefaceret
3633 4109 3747 4162 hzec

2172 4184 2393 4253 parendi
2420 4184 2678 4239 facilitas?
2725 4188 2842 4255 quis
2883 4188 3018 4243 hanc
3060 4191 3186 4243 satis
3235 4193 3572 4261 laudaverit,
3605 4199 3745 4265 quod

2171 4285 2289 4344 post
2331 4285 2527 4330 tantam
2570 4278 2989 4344 continentiam,
3020 4290 3075 4335 et
3111 4282 3164 4347 in
3205 4286 3291 4337 tali
3336 4296 3491 4339 aetate
3535 4286 3602 4341 ad
3643 4288 3747 4343 hoc

2171 4375 2227 4420 ut
2265 4367 2463 4435 justum
2492 4379 2697 4435 servet,
2731 4382 2985 4440 quantum
3012 4388 3077 4427 ex
3103 4373 3266 4442 ipsius
3306 4378 3571 4432 voluntate
3612 4395 3745 4448 pen-

2169 4456 2358 4521 debat,
2394 4460 2551 4512 etiatn
2601 4460 2860 4515 adulterio
2913 4477 2972 4516 se
3021 4467 3262 4532 expo‘uit
3304 4475 3358 4519 et
3399 4467 3745 4523 barbarorum

2167 4551 2519 4618 congressui?
2566 4552 2670 4607 Sed
2710 4554 2974 4623 paulisper
3020 4567 3295 4625 exspecta,
3324 4567 3377 4612 et
3425 4560 3631 4634 videbis
3657 4578 3743 4615 sa—

2171 4643 2397 4710 pientem
2427 4645 2780 4713 solertemque
2807 4646 2896 4699 Det
2932 4648 3336 4715 providentiam.
3367 4649 3495 4703 Nam
3527 4664 3742 4721 prepter

2169 4734 2270 4787 hoc
2300 4734 2436 4787 Deus
2462 4744 2657 4789 tantam
2684 4751 2792 4804 prie
2822 4753 2879 4790 se
2909 4740 3023 4791 tulit
3052 4740 3353 4807 patientiam
3375 4782 3390 4805 ,
3418 4752 3469 4795 et
3496 4745 3741 4812 opitulari

2166 4825 2399 4889 distulit,
2424 4834 2480 4878 ut
2502 4827 2700 4893 justum
2726 4828 3003 4882 clariorem
3036 4832 3264 4892 faceret,
3293 4841 3346 4885 et
3379 4848 3472 4901 per
3496 4849 3556 4888 ea
3581 4874 3600 4900 ,
3626 4852 3743 4905 qua:

2167 4915 2274 4969 illic
2295 4926 2441 4984 gesta
2462 4926 2617 4982 sunt,
2646 4932 2748 4971 non
2784 4919 2954 4972 solum
2986 4920 3240 4990 Egyptii,
3273 4925 3363 4977 sed
3394 4935 3446 4977 et
3476 4927 3739 4981 l’alznstini

2166 5006 2500 5060 erudirentur
2523 5048 2537 5072 ,
2564 5018 2810 5076 quantam
2838 5012 3257 5067 benevolentiam
3292 5015 3495 5069 Domini
3528 5021 3741 5072 univer-

2166 5112 2345 5153 sorum
2375 5101 2705 5169 experiretur
2723 5104 3039 5170 patriarcha.
3072 5106 3157 5159 H.
3188 5105 3401 5160 Factum
3421 5120 3513 5171 est,
3548 5111 3738 5178 inquit,

2164 5194 2365 5262 quando
2380 5195 2579 5247 intravit
2597 5195 2780 5248 Abram
2797 5198 2849 5249 in
2865 5195 2937 5249 ΑΞ
2941 5214 3005 5266 gy
3011 5209 3170 5262 ptum,
3197 5211 3249 5251 ut
3270 5201 3741 5272 videruntzEgyplii

2164 5301 2391 5351 uxorem,
2423 5286 2557 5354 quod
2585 5299 2707 5341 esset
2727 5289 2871 5341 valde
2892 5290 3102 5357 pulchra
3133 5306 3152 5343 :
3185 5293 3268 5345 15.
3295 5304 3340 5344 et
3367 5294 3596 5347 viderunt
3629 5313 3741 5350 eam

2165 5376 2413 5446 principes
2440 5375 2746 5442 Pharaonis,
2774 5390 2821 5431 et
2846 5381 3176 5433 laudauerunt
3203 5398 3312 5435 eam
3338 5385 3476 5451 apud
3504 5383 3741 5437 Pharum

2164 5485 2295 5532 nem,
2344 5479 2390 5522 et
2430 5468 2810 5523 introduxerunt
2836 5488 2946 5524 eam
2980 5473 3030 5525 in
3068 5474 3268 5526 domum
3308 5474 3615 5540 Pharaonis,
3649 5478 3736 5531 16.

2162 5568 2209 5613 et
2255 5560 2441 5612 Abram
2470 5561 2590 5613 bene
2617 5562 2691 5614 usi
2725 5572 2841 5615 sunt
2897 5573 3098 5630 propter
3138 5564 3301 5616 illam.
3344 5563 3411 5616 Et
3455 5571 3651 5635 {uerunt
3695 5570 3738 5619 ei

2162 5665 2296 5713 oues,
2319 5660 2366 5704 et
2393 5651 2551 5715 vituli,
2594 5661 2638 5704 et
2665 5654 2814 5718 asini,
2856 5663 2900 5705 et
2946 5655 3091 5718 servi,
3134 5665 3180 5707 et
3202 5657 3419 5721 ancillte,
3448 5669 3494 5710 et
3528 5659 3670 5723 muli,
3693 5668 3738 5711 et

2164 5742 2360 5797 cameli.
2392 5740 2521 5797 Vide
2544 5742 2808 5813 quomodo
2834 5759 2895 5800 ea
2921 5761 3038 5815 qua:
3067 5746 3211 5815 prius
3236 5747 3409 5815 justus
3431 5752 3742 5821 snSpit-aba-
