4062 6396
265 387 377 446 29.9

265 514 418 574 τοὺς.
452 508 702 578 Τοσαύτη
724 507 820 562 τοῦ
845 506 1168 579 πράγματός
1189 508 1339 561 ἐστιν
1362 509 1396 580 ἠ
1431 507 1618 579 μανία,
1649 507 1744 564 καὶ
1774 507 1946 570 οὓτως

266 597 574 661 ἀκάθεκτός
603 599 752 650 ἐστιν
782 599 810 650 6
839 595 1020 667 ζῆλος,
1049 595 1124 658 ὡς
1150 592 1591 666 παρασκευάζειν
1619 595 1714 649 καὶ
1747 597 1842 665 τῆς
1871 596 1950 647 οἰ-

267 684 425 748 κείας
447 683 723 755 σωτηρίας
745 684 1018 756 ὑπεριδεῖν
1042 683 1132 736 τὸν
1154 680 1304 747 ἅπαξ
1325 682 1521 739 ἁλόντα
1538 682 1613 753 τῷ
1632 682 1814 740 πάθει.
1840 681 1946 735 Καὶ

266 774 366 844 τὴν
400 773 501 843 μὲν
525 773 780 844 ἀνδρείαν
811 773 1022 826 ἐκεῖθεν
1055 771 1171 824 ἐστι
1214 769 1553 842 καταμαθεῖν
1584 770 1678 824 τοῦ
1709 770 1943 824 δικαίουο

263 861 368 930 τήν
399 861 456 913 δὲ
485 860 700 913 σύνεσιν
727 860 894 912 αὐτοῦ
925 859 1022 931 τὴν
1058 858 1279 930 πολλὴν,
1311 858 1393 910 δτι
1421 859 1478 910 ἐν
1505 857 1788 929 ἀμηχανίᾳ
1819 875 1944 911 τοσ-

263 948 426 1019 αύτῃ,
451 947 547 1000 καὶ
576 946 766 1018 ῶσπερ
797 948 854 999 ἐν
889 945 1128 1010 δικτύοις
1155 945 1490 1016 ἀποληφθεὶς
1516 947 1699 1016 ἴσχυσε
1739 946 1944 1016 ταύτην

260 1038 448 1108 εὑρεῖν
477 1037 576 1106 τὴν
603 1036 743 1097 ὁδὸν,
778 1035 846 1088 δι’
873 1031 944 1107 ἧς
971 1035 1189 1088 ἔλαττον
1221 1033 1288 1088 ἂν
1316 1033 1527 1102 γένοιτο
1559 1033 1619 1086 τὸ
1649 1033 1839 1088 κακόν.
1878 1035 1942 1086 Εἰ

265 1123 369 1192 μὲν
394 1123 505 1194 γὰρ
527 1119 700 1185 εἶπεν,
733 1124 815 1176 ὅτι
837 1123 976 1194 γυνὴ
1005 1121 1169 1175 αὐτοῦ
1191 1119 1280 1194 ἦν,
1305 1109 1399 1176 καὶ
1428 1122 1500 1194 μὴ
1529 1122 1860 1194 ὑπεκρίνατο
1883 1122 1944 1174 τὸ

259 1211 472 1282 δρᾶμα,
510 1213 604 1265 καὶ
624 1209 703 1281 τῷ
730 1212 830 1282 τῆς
858 1210 1090 1280 ἀδελφῆς
1115 1211 1338 1281 ὀνόματι
1359 1211 1649 1281 ἐχρήσατο,
1681 1212 1776 1265 καὶ
1803 1209 1938 1281 αὐτὴ

258 1299 328 1352 ἂν
360 1299 614 1372 ἀφῃρέθη
668 1299 763 1352 τοῦ
810 1299 1050 1365 δικαίου,
1093 1298 1188 1352 τοῦ
1223 1299 1454 1363 κάλλους
1497 1300 1596 1371 τῆς
1636 1298 1941 1372 εὐμορφίας

258 1387 650 1458 ἐπισπωμένου
697 1387 806 1439 τῶν
855 1386 1170 1454 Αἰγυπτίων
1216 1387 1315 1458 τὴν
1360 1387 1660 1440 ἀκόλαστον
1687 1387 1936 1456 γνώμην,

259 1475 358 1530 καὶ
381 1476 413 1529 6
439 1474 649 1538 δίκαιος
669 1473 736 1526 ἂν
755 1473 994 1544 ἐσφάγη,
1027 1473 1168 1526 ὥστε
1195 1473 1268 1545 μὴ
1296 1471 1438 1528 εἰναι
1466 1475 1558 1527 τὸν
1586 1474 1806 1546 ἔλεγχον
1837 1476 1936 1543 τῆς

255 1563 630 1634 παρανομίας.
659 1562 776 1621 Ἵνα
808 1557 924 1625 οῦν,
949 1561 1057 1614 τῶν
1090 1561 1183 1615 δύο
1205 1561 1408 1616 τούτων
1435 1563 1687 1632 χαλεπῶν
1715 1562 1936 1633 μελλόν-

254 1669 368 1706 των
414 1654 635 1714 πάντως
689 1649 961 1706 ἐκϐαίνειν
992 1649 1082 1702 διὰ
1108 1649 1207 1720 τὴν
1236 1649 1508 1720 ἀκρασίαν
1541 1649 1650 1702 τῶν
1702 1650 1932 1721 ἀνδρῶν,

256 1741 356 1793 καὶ
388 1738 482 1792 τοῦ
524 1737 788 1808 βασιλέως
831 1739 929 1806 τὴν
973 1736 1292 1808 τυραννίδα,
1320 1736 1621 1808 δυνηθῶσιν
1648 1737 1707 1790 ἐν
1731 1737 1936 1808 ἀπορία

255 1828 431 1899 πολλῇ
462 1828 665 1899 μικράν
689 1843 812 1881 τινα
834 1826 1191 1897 παραμυθίαν
1212 1828 1413 1898 εὑρεῖν,
1441 1827 1627 1898 φησιν’
1654 1826 1822 1891 Εἰπὲ,
1846 1827 1935 1881 ὅτι

268 1915 536 1985 ’Δδελφὴ
574 1915 760 1972 αὐτοῦ
791 1917 909 1984 εἰμι
934 1933 946 1945 ο
975 1913 1134 1967 τοῦτο
1165 1913 1273 1985 γάρ
1293 1914 1392 1986 ἐμὲ
1421 1913 1551 1979 ἴσως
1579 1913 1934 1985 ἐλευθερώσει

253 2003 368 2058 τῶν
389 2003 671 2058 κινδύνων.
697 2003 770 2060 T6
793 2002 904 2072 γὰρ
922 2001 1037 2069 σὸν,
1062 2001 1164 2058 κάν
1187 2018 1244 2054 τε
1271 2000 1504 2072 ἀδελφὴν
1533 2001 1695 2074 είπῃς
1710 2000 1930 2072 σαυτὴν,

253 2092 361 2146 κάν
388 2109 450 2146 τε
481 2093 736 2160 γυναῖκα,
764 2089 938 2152 οὐδεὶς
981 2090 1199 2160 ἀντερεῖ
1231 2090 1314 2142 ὅτι
1355 2088 1572 2153 πάντως
1613 2089 1930 2160 ἐκϐήσεται,

253 2179 353 2233 καὶ
377 2177 748 2250 ἐπιδραμοῦσι
777 2181 843 2250 τῇ
869 2178 1156 2248 ἀφαιρέσει
1177 2177 1267 2232 διά
1288 2176 1385 2248 τὴν
1403 2177 1504 2246 τῆς
1529 2177 1725 2249 σαρκὸς
1741 2177 1935 2248 εὐμορ-

253 2272 417 2340 φίαν⁸
459 2269 559 2340 ἐμὲ
594 2269 654 2321 δέ
680 2268 828 2330 εἰκὸς
864 2267 1149 2336 διαφυγεῖν
1177 2267 1275 2337 τὴν
1293 2265 1606 2334 ἐπιϐουλὴν,
1644 2268 1692 2319 εἰ
1728 2265 1806 2337 τῷ
1831 2265 1933 2336 τῆς

251 2359 495 2429 ἀδελφῆς
527 2357 753 2426 ὀνόματι
805 2356 1059 2427 χρήσαιο.
1096 2350 1252 2418 Εἶδες
1306 2355 1520 2408 σύνεσιν
1565 2353 1662 2408 τοῦ
1694 2353 1926 2418 δικαίου,

251 2449 372 2511 πῶς
401 2444 742 2514 ἀποληφθεὶς
764 2444 882 2496 ὁδόν
917 2460 1040 2496 τινα
1093 2442 1312 2513 ῐσχυσεν
1357 2442 1557 2513 εὑρεῖν,
1601 2441 1668 2494 δι’
1689 2435 1756 2512 ἦς
1784 2440 1932 2494 ἐϐου-

249 2538 462 2602 λεύετο,
493 2536 613 2598 πῶς
647 2534 713 2588 ἂν
744 2531 999 2602 δυνηθείη
1035 2531 1136 2601 τῆς
1161 2531 1270 2584 τῶν
1305 2530 1615 2599 Αἰγυπτίων
1635 2527 1929 2598 ἐπιϐουλῆς

249 2625 528 2696 ἀνώτερος
554 2621 844 2692 γενέσθαι;
874 2619 1042 2672 [Ιάλιν
1067 2615 1385 2685 ἀναλογίζου
1413 2635 1501 2687 μοι
1525 2617 1802 2670 κάνταῦθα
1834 2619 1930 2670 καὶ

246 2715 346 2768 τοῦ
369 2712 579 2766 δικαίου
609 2709 708 2780 τὴν
741 2709 1040 2778 ὑπομονὴν,
1059 2707 1154 2759 καὶ
1183 2705 1284 2774 τῆς
1316 2704 1574 2773 γυναικὸς
1604 2703 1666 2758 τὸ
1695 2703 1927 2772 φιλάγα-

247 2802 344 2856 θον
364 2819 379 2832 ο
419 2799 515 2853 τοῦ
548 2799 649 2869 μὲν
681 2796 912 2862 δικαίου,
942 2795 1023 2847 δτι
1066 2794 1168 2846 οὐκ
1208 2792 1619 2862 άπεδυσπέτησε
1649 2793 1742 2844 καὶ
1769 2787 1888 2844 εἷπε
1909 2811 1924 2824 ·

247 2891 408 2954 Τίνος
426 2889 484 2942 δὲ
512 2889 700 2942 ἕνεκεν
727 2883 932 2956 ταύτην
968 2882 1269 2952 ἐπάγομαι,
1301 2882 1478 2935 αἰτίαν
1511 2899 1600 2952 μοι
1634 2882 1926 2955 γινομένην

245 2958 506 3034 τοσούτου
559 2974 887 3036 κλυδωνίου;
932 2971 988 3024 τί
1033 2971 1140 3042 γάρ
1195 2987 1283 3040 μοι
1335 2969 1397 3021 τὸ
1445 2969 1638 3038 ὄφελος
1688 2970 1796 3022 ἀπὸ
1827 2971 1926 3041 τῆς

247 3065 560 3128 συνουσίας,
615 3065 744 3118 ὅταν
782 3062 962 3133 μέλλω
1010 3060 1077 3113 δι’
1123 3059 1296 3128 αὐτὴν
1344 3058 1472 3127 περὶ
1525 3057 1634 3110 τῶν
1680 3059 1924 3127 ἐσχάτων

243 3153 621 3218 κινδυνεύειν;
656 3151 710 3205 τί
733 3151 794 3204 τὸ
817 3149 1031 3220 κέρδος,
1061 3148 1186 3201 ὅταν
1220 3147 1295 3218 μὴ
1337 3146 1497 3217 μόνον
1532 3145 1798 3217 μηδεμίαν
1834 3163 1924 3217 μοι

241 3244 450 3316 εἰσάγῃ
483 3239 867 3313 παραμυθίαν,
915 3237 1050 3298 ἀλλά
1097 3237 1194 3290 καὶ
1235 3235 1398 3289 αὐτὸν
1438 3234 1530 3288 τὸν
1569 3234 1796 3288 θάνατόν
1833 3251 1922 3304 μοι

239 3333 408 3404 τίκτῃ
449 3329 538 3383 διά
585 3329 685 3399 τῆς
716 3326 925 3389 οἰκείας
959 3323 1301 3395 εὐμορφίας;
1356 3322 1522 3375 Οὐδὲν
1552 3321 1757 3374 τούτων
1799 3321 1921 3374 οὐτε

240 3415 400 3474 εἶπεν
462 3417 589 3471 οὐτε
646 3415 948 3484 ἐνενόησεν,
999 3411 1139 3464 ἀλλά
1166 3412 1343 3464 πάντα
1396 3409 1636 3462 τοιοῦτον
1662 3409 1922 3479 λογισμὸν

241 3506 637 3576 ἀπωσάμενος,
670 3503 764 3557 καὶ
802 3500 927 3555 οὔτε
957 3501 1095 3572 πρὸς
1137 3499 1235 3570 τὴν
1263 3497 1597 3566 ἐπαγγελίαν
1642 3495 1737 3549 τοῦ
1783 3496 1919 3550 Θεοῦ

240 3595 528 3659 διστάσας,
557 3594 674 3656 ἐνὸς
705 3591 866 3663 μόνου
897 3588 962 3659 δὴ
1004 3588 1235 3657 ἐγίνετο,
1268 3585 1364 3640 τοῦ
1408 3585 1530 3649 πῶς
1563 3585 1762 3655 δυνηθῇ
1801 3585 1920 3638 δια-

241 3685 440 3755 φυγεῖν
492 3681 586 3734 τὸν
639 3677 1024 3751 προορώμενον
1069 3675 1337 3730 κίνδυνον.
1399 3672 1600 3726 Ἐννόει
1661 3690 1750 3742 μοι
1810 3672 1920 3743 γάρ

240 3770 506 3832 ἐνταῦθα,
539 3767 813 3837 ἀγαπητέ,
864 3763 1017 3836 [524]
1059 3763 1155 3816 τοῦ
1186 3761 1322 3815 Θεοῦ
1349 3760 1447 3832 τὴν
1473 3761 1680 3830 ἄφατον
1711 3777 1917 3831 μακρο-

241 3859 468 3930 θυμίαν,
495 3857 614 3920 πῶς
647 3852 885 3925 οὐδαμοῦ
919 3853 1203 3922 ἐφίσταται
1233 3849 1354 3902 οὐδὲ
1381 3847 1789 3919 παραμυθεῖται
1827 3847 1919 3900 τὸν

238 3947 470 4008 δίκαιον,
499 3943 636 3999 ἀλλά
661 3941 920 4012 ἀναμένει
951 3937 1334 4012 κορυφωθῆναι
1367 3935 1438 3990 τά
1457 3935 1605 3989 δεινά
1629 3936 1724 3989 καὶ
1751 3935 1920 4005 αὐξη-

240 4036 425 4108 θῆναι,
457 4034 554 4088 καὶ
585 4035 664 4098 εἰς
712 4032 1022 4100 ἀπόγνωσιν
1074 4027 1270 4090 ἐλθεῖν,
1302 4025 1399 4079 καὶ
1427 4026 1549 4079 τότε
1580 4025 1680 4097 τὴν
1710 4025 1920 4079 οἰκείαν

240 4125 505 4196 πρόνοιαν
535 4119 921 4174 ἐπιδείκνυται.
948 4116 1094 4170 Εἰπὲ
1126 4112 1262 4178 οὖν,
1293 4115 1477 4185 φησὶν,
1517 4114 1607 4168 ὅτι
1657 4113 1916 4183 Ἀδελφὴ

239 4211 436 4267 αὐτοῦ
482 4211 628 4278 εἰμι,
667 4206 829 4272 ὅπως
858 4204 935 4259 ἂν
976 4199 1046 4258 εὖ
1095 4221 1198 4272 μοι
1254 4201 1496 4272 γένηται
1549 4201 1645 4254 διὰ
1689 4201 1784 4266 σε,
1819 4201 1920 4255 καὶ

239 4301 484 4368 ζήσεται
522 4299 562 4366 ἡ
590 4295 764 4366 ψυχή
797 4313 918 4364 μου
944 4293 1155 4348 ἕνεκεν
1179 4291 1315 4346 σοῦ.
1351 4291 1462 4361 υύχ
1501 4291 1576 4354 ὡς
1621 4290 1918 4362 μελλούσης

237 4391 343 4460 τῆς
371 4386 540 4442 αὐτοῦ
570 4385 752 4456 ψυχῆς
773 4382 1166 4453 ἀποθνήσκειν,
1204 4378 1378 4432 ταῦτα
1416 4379 1637 4450 εἴρηκεν
1663 4380 1692 4432 6
1711 4377 1920 4443 δίκαιος

240 4475 362 4547 (Μὴ
411 4471 716 4544 φοϐηθῆτε
757 4471 887 4540 γὰρ,
929 4468 1113 4540 φησὶν,
1144 4467 1260 4521 ἀπὸ
1289 4465 1409 4520 τῶν
1437 4466 1920 4520 ἀποκτεινόντων

236 4564 308 4618 τὸ
336 4562 534 4633 σῶμα,
556 4561 672 4628 τὴν
698 4559 766 4614 δὲ
793 4555 1007 4627 ψυχὴν
1026 4554 1114 4624 μὴ
1144 4553 1496 4622 δυναμένων
1522 4554 1914 4625 ἀποκτεῖναι),

236 4653 355 4706 ἀλλ’
378 4649 572 4712 ἁπλῶς
600 4647 742 4701 κατά
787 4645 886 4716 τὴν
933 4642 1219 4713 συνήθειαν
1250 4641 1550 4711 ἐφθέγξατο
1592 4641 1750 4695 τοῦτο
1780 4642 1918 4713 πρὸς

237 4739 338 4810 τὴν
367 4739 626 4806 γυναῖκα.
655 4735 852 4799 Ὅπως
871 4731 948 4788 ἂν
971 4727 1041 4786 εὖ
1062 4748 1186 4798 μοι.
1226 4731 1380 4802 φησὶ,
1414 4729 1656 4800 γένηται
1693 4729 1790 4784 διὰ
1820 4733 1915 4792 σὲ,

237 4827 339 4882 καί
368 4826 616 4894 ζήσεται
642 4823 681 4890 ἠ
703 4819 875 4890 ψυχή
894 4837 1014 4889 μου
1039 4818 1248 4872 ἕνεκεν
1274 4817 1412 4872 σοῦ·
1444 4819 1724 4888 μονονουχὶ
1743 4818 1918 4886 λέγων

237 4919 378 4991 πρὸς
402 4917 577 4988 αὐτήν
601 4931 616 4945 ο
631 4911 800 4974 Εἰπὲ,
821 4910 910 4964 ὅτι
948 4907 1199 4977 Ἀὄελςρὴ
1221 4908 1408 4962 αὐτοῦ
1435 4909 1574 4977 εἰμι,
1612 4907 1698 4960 ίνα
1731 4908 1806 4979 μὴ
1829 4908 1918 4961 διά

235 5009 329 5062 τὸν
355 5006 517 5078 λιμὸν
546 5004 786 5076 φυγόντα
809 5002 908 5071 τὴν
938 5000 1250 5054 Χαναναίαν
1282 4997 1442 5069 ἔργον
1475 5015 1540 5068 με
1569 5001 1802 5071 ποιήσῃς
1825 5017 1918 5068 γε-

237 5097 429 5152 νέσθαι
453 5096 565 5151 τῶν
585 5091 976 5162 Αἰγυπτιακῶν
1001 5089 1222 5161 χειρῶν.
1258 5087 1421 5140 Γενοῦ
1453 5105 1543 5158 μοι
1572 5083 1665 5142 οὖν
1688 5089 1788 5159 τῆς
1813 5105 1918 5141 σω-

237 5185 434 5256 τηρίας
494 5183 672 5246 αἰτία,
720 5181 922 5244 Ὅπως
972 5177 1048 5232 ἂν
1097 5173 1168 5232 εὖ
1218 5193 1321 5246 μοι
1367 5175 1606 5246 γένηται
1667 5175 1765 5230 διὰ
1819 5176 1913 5230 ονέ.

249 5273 495 5337 Ἐλεεινά
548 5271 618 5325 τὰ
667 5271 923 5341 ῥήματαο
966 5266 1132 5329 πολὺς
1170 5261 1238 5338 ἦν
1286 5267 1314 5318 6
1369 5265 1532 5334 φόϐος
1563 5264 1654 5318 διά
1700 5281 1761 5317 τε
1818 5264 1916 5336 τὴν

239 5363 442 5435 μανίαν
487 5360 587 5430 τὴν
633 5353 1048 5426 Αἰγυπτιακὴν,
1098 5353 1191 5406 καὶ
1237 5353 1318 5406 δτι
1366 5351 1518 5405 οὔπω
1560 5349 1630 5426 ἦν
1683 5353 1918 5406 καταλυ-

235 5454 396 5506 θεῖσα
439 5450 536 5508 τοῦ
578 5448 808 5502 θανάτου
857 5446 890 5517 ἡ
938 5444 1218 5516 τυραννίς·
1249 5443 1336 5497 διά
1368 5443 1526 5496 τοῦτο
1555 5446 1649 5497 καὶ
1693 5448 1759 5516 τῇ
1795 5463 1915 5516 μοι-

234 5540 365 5612 χείᾳ
388 5538 491 5608 τῆς
520 5537 778 5606 γυναικὸς
831 5536 1065 5604 αἱρεῖται
1110 5533 1439 5602 κοινωνῆσαι
1478 5535 1506 5586 6
1545 5533 1772 5598 δίκαιος,
1821 5536 1915 5588 καὶ

229 5626 529 5699 ¹μονονουχὶ
570 5621 1018 5696 ὑπηρετήσασθαι
1058 5621 1136 5691 τῷ
1186 5620 1359 5691 μοιχῷ
1402 5623 1482 5686 εἰς
1517 5621 1616 5694 τὴν
1671 5623 1773 5692 τῆς
1819 5641 1916 5691 γυ-

235 5714 427 5776 ναικὸς
459 5712 637 5783 ὓϐριν,
681 5711 768 5764 ἴνα
813 5710 904 5763 τὸν
935 5708 1164 5762 θάνατον
1205 5707 1464 5780 διαφύγῃ.
1497 5710 1619 5762 Ἔτι
1650 5709 1761 5777 γάρ
1820 5727 1915 5778 φο-

236 5802 402 5872 ϐερὸν
433 5797 504 5872 ῆν
530 5798 697 5853 αὐτοῦ
742 5799 804 5851 τὸ
834 5800 1127 5866 πρόσωπον
1150 5813 1165 5826 ·
1195 5794 1408 5848 οὐδέπω
1445 5791 1585 5866 ἦσαν
1611 5797 1669 5848 αἰ
1714 5796 1916 5866 χαλκαῖ

238 5891 411 5946 πύλαι
441 5888 788 5943 κλασθεῖσαιο
811 5885 1022 5944 οὐδέπω
1045 5881 1114 5956 ἦν
1138 5885 1200 5938 τὸ
1225 5884 1449 5954 κέντρον
1480 5883 1646 5939 αὐτοῦ
1675 5884 1914 5954 ἀμϐλυν-

237 5978 354 6033 θέν.
373 5973 529 6041 Εἶδες
551 5976 848 6043 σύνδεσμον
877 5975 1097 6043 ἀγάπης
1125 5972 1316 6043 ἀνδρὸς
1337 5973 1431 6030 καὶ
1460 5970 1745 6042 γυναικὸς;
1778 5966 1917 6035 εἶδες
1969 6047 1990 6058 ⁵

650 6063 915 6124 ΡΑΤιιοι.
963 6060 1080 6121 Gn.
1129 6059 1288 6139 LIII,

1355 391 1424 448 IN
1463 391 1617 454 CAP.
1659 391 1754 448 ΧΗ
1801 390 2048 448 GENES.
2086 389 2326 446 HOMIL.
2359 391 2570 447 XXX".

2061 506 2152 560 καὶ
2182 505 2370 578 ἄνδρα,
2394 505 2480 560 οἷα
2509 507 2810 578 ἐθάρρησεν
2839 505 3134 561 ὑποθέσθαι
3165 507 3231 578 τῇ
3259 507 3494 575 γυναικὶ,
3519 513 3614 562 καί
3635 526 3733 576 γυ-

2056 595 2215 650 ναῖκα
2255 595 2371 648 οἵαν
2407 595 2619 664 δέχεται
2651 596 2746 667 τὴν
2784 595 3125 666 συμϐουλήν;
3161 595 3275 647 Οὐκ
3314 594 3565 646 ἀνανεύει
3608 594 3730 647 οὐδὲ

2054 679 2414 752 δυσχεραίνει,
2445 682 2582 738 ἀλλά
2626 684 2800 736 πάντα
2845 685 3008 743 ποιεῖ,
3039 682 3179 736 ὥστε
3211 681 3273 734 τὸ
3302 681 3485 752 δρᾶμα
3522 681 3726 736 λαθεῖν.

2067 766 2436 822 Ἀκουέτωσαν
2457 768 2646 841 ἄνδρες
2668 769 2760 823 καὶ
2782 771 3054 837 γυναῖκες,
3083 768 3178 823 καὶ
3205 769 3577 839 μιμείσθωσαν
3608 769 3726 823 τούς

2052 871 2159 907 των
2185 853 2282 924 τὴν
2305 854 2572 925 ὁμόνοιαν,
2597 856 2695 925 τῆς
2725 855 2942 925 ἀγάπης
2975 854 3066 910 τὸν
3095 854 3409 926 σύνδεσμον,
3436 856 3537 926 τῆς
3569 856 3724 909 εὐσε-

2053 939 2203 1005 ϐείας
2237 941 2335 1014 τὴν
2362 941 2634 1005 ἐπίτασιν,
2665 944 2754 998 καὶ
2786 943 3132 1012 ζηλούτωσαν
3163 943 3261 1012 τῆς
3290 942 3469 1014 Σάρας
3491 942 3589 1014 τὴν
3620 961 3726 996 σω-

2051 1028 2346 1100 φροσύνην.
2373 1030 2497 1083 Ὅτι
2529 1030 2625 1083 καὶ
2662 1033 2718 1083 ἐν
2751 1029 2894 1102 γήρᾳ
2926 1029 3068 1084 οὕτω
3111 1031 3297 1084 κάλλει
3343 1031 3724 1100 διαλάμπουσα

2052 1116 2213 1186 μέχρι
2245 1117 2366 1170 τότε
2393 1116 2661 1188 διέμεινεν
2687 1117 3038 1189 ἁμιλλωμένη
3074 1121 3195 1181 ταῖς
3222 1118 3317 1173 τοῦ
3359 1118 3569 1172 δικαίου
3600 1119 3725 1188 ἀρεο

2048 1204 2198 1265 ταίς”
2230 1203 2349 1256 δι’ὂ
2385 1204 2479 1258 καὶ
2523 1203 2792 1274 τοσαύτης
2841 1204 3048 1274 ἠξιώθη
3097 1204 3197 1274 τῆς
3242 1204 3393 1276 παρά
3439 1204 3533 1257 τοῦ
3582 1205 3718 1258 Θεοῦ

2048 1288 2303 1358 προνοίας
2329 1301 2377 1352 ⁸,
2412 1289 2506 1344 καὶ
2536 1290 2632 1361 τῆς
2671 1291 2876 1345 ἀνωθεν
2908 1291 3165 1362 ἀμοιϐῆς.
3195 1291 3400 1361 Μηδεὶς
3426 1290 3610 1348 τοίνυν
3639 1293 3724 1344 αἰ-

2047 1375 2252 1430 τιάσθω
2279 1377 2372 1430 τοῦ
2397 1377 2624 1439 κάλλους
2653 1378 2751 1448 τὴν
2783 1378 3106 1448 εὐμορφίαν,
3145 1377 3280 1450 μηδὲ
3313 1377 3516 1446 λεγέτω
3541 1379 3722 1432 ἐκεῖνα

2043 1463 2113 1518 τὰ
2138 1464 2373 1533 ἀνόνητα
2408 1466 2648 1536 ῥήματα,
2687 1467 2769 1519 ὃτι
2797 1466 2896 1536 τὴν
2929 1465 3075 1519 δεῖνα
3107 1465 3167 1518 τὸ
3201 1465 3395 1528 κάλλος
3439 1464 3718 1519 ἀπώλεσε·

2045 1551 2139 1604 καὶ
2183 1554 2252 1623 τῇ
2286 1553 2419 1606 δεῖνι
2449 1554 2512 1605 τὸ
2554 1553 2749 1618 κάλλος
2795 1553 3016 1622 γέγονεν
3053 1553 3273 1625 ὀλέθρου
3312 1555 3500 1607 αἴτιον.
3542 1554 3616 1608 Οὐ
3658 1556 3719 1608 τὸ

2043 1637 2238 1701 κάλλος
2269 1639 2472 1693 αίτιον’
2508 1639 2583 1710 μὴ
2609 1640 2867 1709 .γένοιτο·
2916 1641 3076 1713 ἔργον
3115 1642 3222 1713 γάρ
3267 1642 3382 1693 ἐστι
3429 1643 3522 1694 καὶ
3562 1642 3718 1694 τοῦτο

2041 1725 2135 1778 τοῦ
2176 1726 2342 1779 Θεοῦ’
2373 1726 2486 1779 ἀλλ’
2513 1729 2546 1798 ἡ
2579 1728 2896 1800 προαίρεσις
2923 1731 2956 1800 ή
2986 1727 3361 1799 διεφθαρμένη
3404 1729 3553 1780 αἰτία
3583 1732 3719 1783 πάν·

2040 1828 2149 1868 των
2176 1812 2284 1866 τῶν
2317 1813 2502 1868 κακῶν
2539 1815 2703 1868 ἐστιν.
2728 1811 2881 1878 Εἶδες
2908 1815 3007 1887 τὴν
3037 1814 3344 1885 θαυμασίαν
3378 1814 3584 1885 ταύτην
3617 1833 3715 1883 γυ-

2041 1903 2204 1954 ναῖκα
2242 1900 2583 1976 ἑκατέρωθεν
2609 1901 3041 1972 διαλάμπουσαν,
3071 1904 3166 1956 καὶ
3209 1903 3316 1958 ἀπὸ
3347 1901 3440 1955 τοῦ
3481 1903 3582 1972 τῆς
3611 1903 3716 1972 ψυ-

2041 1988 2144 2058 χῆς
2165 1989 2518 2053 κάλλουςσκαὶ
2559 1990 2665 2044 ἀπὸ
2695 1989 2788 2043 τοῦ
2826 1989 2926 2060 τῆς
2951 1989 3148 2059 ὅψεως,
3176 1991 3271 2043 καὶ
3301 1993 3420 2044 κατ’
3451 1989 3593 2060 ίχνος
3621 1990 3715 2044 τοῦ

2039 2075 2244 2128 δικαίου
2279 2077 2683 2149 πορευομένην;
2729 2077 2943 2147 Ταύτην
2995 2077 3371 2148 μιμείσθωσαν
3415 2079 3472 2130 αἱ
3516 2081 3710 2146 γυναί-

2040 2180 2155 2240 κες.
2199 2164 2328 2221 Ἰδοὺ
2366 2164 2474 2235 γὰρ
2503 2165 2596 2220 καὶ
2639 2165 2786 2238 ὥρας
2816 2166 3109 2236 εὐμορφία,
3142 2165 3237 2218 καὶ
3273 2165 3580 2237 στείρωσις,
3619 2169 3714 2220 καὶ

2039 2251 2229 2322 χρόνος
2251 2253 2523 2316 τοσοῦτος,
2551 2254 2642 2308 καὶ
2666 2253 2949 2324 περιουσία
2975 2253 3165 2324 πολλὴ,
3191 2253 3285 2306 καὶ
3313 2254 3713 2325 μετανάστασις

2037 2339 2293 2412 τοσαύτη,
2328 2342 2420 2395 καὶ
2468 2341 2785 2412 ἀποδημία,
2832 2341 2926 2396 καὶ
2978 2343 3275 2414 πειρασμοὶ
3321 2346 3566 2413 συνεχεῖς
3617 2344 3714 2398 καὶ

2037 2427 2360 2499 ἐπάλληλοι·
2395 2429 2490 2481 καὶ
2536 2429 2686 2482 οὐδὲν
2717 2427 2918 2483 τούτων
2949 2430 3118 2500 αὐτῆς
3144 2429 3235 2483 τὸν
3279 2429 3537 2500 λογισμὸν
3567 2447 3711 2500 παρ-

2029 2515 2346 2578 εσάλευσεν,
2373 2515 2488 2571 ἀλλ’
2515 2515 2705 2586 ἔμενεν
2733 2519 3148 2589 ἁπερίτρεπτος.
3177 2518 3278 2571 Διά
3316 2536 3398 2572 τοι
3435 2516 3591 2570 τοῦτο
3617 2519 3710 2576 καὶ

2037 2604 2134 2668 τῆς
2174 2602 2450 2672 ὑπομονῆς
2488 2602 2642 2666 ἀξίαν
2670 2604 2770 2673 τὴν
2807 2603 3038 2674 ἀμοιϐὴν
3067 2603 3380 2673 ἐκομίσατο,
3406 2603 3463 2655 ἐν
3497 2605 3710 2672 ἐσχάτῳ

2035 2688 2181 2757 γήρᾳ.
2214 2689 2320 2740 ἀπὸ
2361 2690 2574 2758 μήτρας
2619 2691 3025 2759 πεπηρωμένης
3071 2691 3164 2742 καὶ
3213 2688 3403 2758 νηδύος
3443 2706 3712 2760 νενεκρω-

2037 2773 2206 2843 μένης
2235 2777 2414 2828 τεκεῖν
2452 2775 2764 2845 δυνηθεῖσα.
2792 2776 2991 2841 ’ὐπως
3023 2776 3121 2838 ἂν,
3161 2778 3346 2846 φησὶν,
3373 2774 3442 2830 εὖ
3478 2795 3581 2845 μοι
3613 2778 3708 2845 γέ-

2032 2877 2205 2926 νηται
2243 2860 2341 2914 διὰ
2365 2861 2462 2925 σὲ,
2488 2863 2586 2918 καὶ
2626 2863 2864 2929 ζήσεται
2891 2865 2928 2931 ἡ
2957 2863 3126 2932 ψυχή
3160 2881 3280 2932 μου
3317 2863 3525 2917 ἕνεκεν
3565 2865 3704 2917 σοῦ.

2033 2949 2217 3012 Οὐδὲν,
2245 2948 2394 3020 [525]
2435 2953 2617 3022 φησὶν,
2649 2951 2836 3022 ἓτερον
2876 2952 3259 3004 ὑπολέλειπταί
3291 2969 3376 3022 μοι
3414 2954 3492 3015 εἰς
3528 2969 3706 3024 σωτη-

2033 3039 2177 3108 ρίαν,
2217 3039 2249 3109 ἢ
2284 3038 2344 3091 τὺ
2379 3037 2440 3090 σέ
2479 3038 2806 3110 βουληθῆναι
2854 3041 3048 3104 εἰπεῖν,
3095 3039 3176 3092 ὃτι
3221 3038 3471 3109 Ἀδελφὴ
3518 3039 3708 3094 αὑτοῦ

2029 3129 2163 3193 εἰμι.
2194 3126 2353 3188 Ἴσως
2383 3127 2491 3194 γὰρ
2521 3125 2878 3196 διαφεύξομαι
2907 3126 2995 3178 τὸν
3030 3115 3478 3198 προσδοκώμενῖη
3520 3128 3705 3180 κίνδυ-

2030 3229 2139 3278 νον,
2169 3214 2262 3265 καὶ
2286 3212 2374 3265 διά
2406 3212 2465 3265 σὲ
2493 3213 2677 3266 λοιπὸν
2707 3212 2964 3284 ζήσομαι,
2999 3213 3091 3266 καὶ
3126 3213 3210 3265 σοὶ
3239 3212 3337 3284 τὴν
3368 3213 3506 3282 μετά
3532 3214 3704 3268 ταῦτα

2030 3299 2174 3370 ζωὴν
2212 3299 2587 3370 ἐπιγράψομαι
2611 3299 2661 3358 δ.
2699 3299 2882 3353 Ἰκανά
2927 3300 2996 3352 τά
3044 3303 3264 3372 ῥήματα
3299 3301 3704 3368 ἐφελκύσασθαι

2026 3387 2126 3457 τὴν
2149 3390 2381 3455 γυναῖκα
2409 3389 2504 3442 καὶ
2531 3390 2609 3451 εἰς
2640 3388 2980 3456 συμπάθειαν
3008 3389 3250 3455 ἀγαγεῖν.

2099 3475 2364 3538 ς’.Τοῦτο
2388 3475 2603 3546 άληθῶς
2633 3476 2986 3534 συνοικέσιον,
3015 3475 3075 3528 τὸ
3108 3477 3182 3546 μὴ
3216 3476 3375 3545 μόνον
3406 3479 3466 3531 ἐν
3501 3477 3700 3541 ἀνέσει,

2025 3561 2164 3614 ἀλλὰ
2208 3563 2300 3615 καὶ
2335 3564 2392 3615 ὲν
2443 3565 2555 3626 τοῖς
2605 3562 2868 3625 κινδύνοις
2914 3564 3126 3625 ἑαυτοῖς
3161 3565 3699 3635 συμπεριφέρεσθαιο

2025 3647 2185 3702 τοῦτο
2231 3649 2453 3720 ἀγάπης
2483 3650 2712 3719 γνησίας
2763 3651 3086 3720 τεκμήριον,
3128 3649 3286 3703 τοῦτο
3315 3651 3498 3719 φιλίας
3540 3654 3700 3722 ἀκρι-

2025 3735 2292 3806 ϐεστάτης
2339 3735 2648 3806 γνώρισμα.
2693 3737 2806 3806 Οὐχ
2843 3735 2986 3790 οὕτω
3035 3735 3274 3806 διάδημα
3325 3737 3417 3789 ἐπὶ
3465 3737 3568 3807 τῆς
3605 3756 3699 3790 κε-

2026 3824 2201 3894 φαλῆς
2239 3823 2488 3894 κείμενον
2517 3823 2769 3894 λαμπρὸν
2803 3824 3040 3876 δείκνυσι
3085 3824 3175 3877 τὸν
3210 3823 3454 3894 βασιλέα,
3485 3828 3561 3889 ώς
3603 3826 3700 3897 τὴν

2029 3912 2301 3983 μακαρίαν
2341 3911 2546 3982 ταύτην
2590 3913 2862 3984 περιφανῆ
2909 3913 3003 3966 καὶ
3036 3911 3296 3983 λαμπρὰν
3339 3906 3624 3978 ἀπέδειξεν
3665 3917 3698 3984 ή

2026 3999 2239 4068 ὑπακοὴ
2275 3996 2437 4069 αῦτη,
2487 3999 2552 4066 ἣν
2597 3998 2725 4068 περὶ
2761 3996 2858 4068 τὴν
2894 3997 3205 4068 συμϐουλὴν
3230 3997 3324 4050 τοῦ
3352 3999 3559 4051 δικαίου
3602 4001 3701 4052 ἐπι-

2025 4085 2284 4152 εδείξατο.
2329 4085 2461 4138 Τίνα
2507 4079 2598 4137 οῦν
2639 4085 2702 4136 τὸ
2744 4084 2948 4154 ταύτης
2992 4085 3321 4148 καταπειθὲς
3352 4086 3700 4157 λογιζόμενον

2024 4174 2124 4226 οὐκ
2169 4172 2456 4242 ἐκστήσει;
2491 4172 2576 4235 τίς
2612 4172 2722 4242 γὰρ
2749 4170 2814 4226 ἂν
2845 4174 2964 4225 κατ’
3009 4172 3166 4238 ἀξίαν
3223 4172 3429 4244 ταύτην
3479 4175 3699 4227 ἐπαινέ-

2026 4279 2190 4324 σειεν,
2222 4261 2343 4332 ἥτις
2376 4260 2514 4331 μετά
2553 4259 2828 4330 τοσαύτην
2877 4261 3253 4332 σωφροσύνην,
3288 4262 3382 4314 καὶ
3415 4262 3482 4336 ἐν.
3511 4261 3698 4332 ήλικίξι

2023 4349 2250 4420 τοιαύτῃ
2283 4349 2424 4419 ὑπὲρ
2457 4347 2550 4400 τοῦ
2596 4347 2688 4401 τὸν
2735 4348 2942 4402 δίκαιον
2980 4349 3267 4416 διασῶσαι,
3315 4351 3440 4404 ὅσον
3488 4353 3564 4414 εἰς
3598 4351 3698 4421 τὴν

2023 4437 2230 4492 οἰκείαν
2263 4436 2511 4507 γνώμην,
2545 4435 2641 4489 καὶ
2662 4436 2743 4499 εἰς
2779 4437 3024 4506 μοιχείαν
3050 4437 3254 4508 ἑαυτὴν
3289 4437 3572 4504 ἐξέδωκεν,
3605 4440 3697 4492 καὶ

2026 4524 2317 4587 συνουσίας
2343 4522 2600 4592 ἠνέσχετο
2635 4521 3013 4593 βαρϐαρικῆς;
3055 4523 3215 4576 Ἀλλά
3258 4525 3450 4594 μικρὸν
3478 4526 3696 4594 ἀνάμει-

2023 4628 2134 4673 νον,
2183 4612 2278 4664 καὶ
2326 4609 2445 4679 ὄψει
2485 4608 2580 4661 τοῦ
2619 4608 2756 4662 Θεοῦ
2799 4611 2898 4680 τὴν
2936 4610 3244 4680 εὐμήχανον
3285 4611 3561 4682 πρόνοιαν.
3597 4617 3695 4668 Διά

2022 4699 2132 4768 γὰρ
2163 4697 2322 4752 τοῦτο
2349 4699 2448 4767 τὴν
2480 4695 2680 4767 πολλὴν
2708 4696 2913 4766 ταύτην
2939 4697 3250 4760 ἐπεδείξατο
3287 4697 3690 4769 μακροθυμίαν,

2025 4787 2112 4839 ἵνα
2141 4785 2235 4840 καὶ
2263 4784 2354 4837 τὸν
2388 4783 2596 4837 δίκαιον
2627 4784 3087 4854 περιφανέστερον
3115 4784 3438 4854 ἐργάσηται,
3473 4786 3568 4839 καὶ
3609 4787 3696 4839 διὰ

2023 4873 2131 4926 τῶν
2165 4873 2282 4925 ἐκεῖ
2311 4871 2615 4942 γινομένων
2665 4872 2742 4941 μὴ
2795 4871 2956 4941 μόνον
2985 4873 3034 4923 οἰ
3071 4871 3214 4924 καιτά
3255 4872 3353 4942 τὴν
3397 4875 3692 4941 Αἴγυπτον,

2021 4961 2159 5016 ἀλλά
2204 4962 2298 5016 καὶ
2348 4963 2397 5013 οἰ
2443 4961 2583 5014 κατὰ
2617 4959 2979 5030 Παλαιστίνην
3015 4962 3396 5028 παιδευθῶσιν,
3440 4965 3572 5035 ὅσης
3607 4968 3698 5020 εὐ-

2022 5050 2173 5113 νοίας
2213 5047 2478 5102 ἀπολαύει
2501 5050 2529 5100 6
2557 5049 2902 5118 πατριάρχης
2933 5049 3084 5119 παρά
3117 5049 3210 5101 τοῦ
3243 5050 3460 5103 πάντων
3487 5054 3696 5106 Δεσπόο

2020 5154 2137 5190 του.
2179 5137 2442 5206 Ἐγένετο
2492 5136 2622 5206 γὰρ,
2678 5137 2866 5206 φησὶν,
2922 5138 3102 5204 ἡνίκα
3143 5137 3433 5203 εἰσῆλθεν
3480 5141 3698 5210 Ἀϐραμ

2021 5231 2108 5292 εἰς
2141 5227 2467 5294 Αἴγυπτον,
2519 5225 2750 5290 ἰδόντες
2791 5227 2844 5277 οι
2888 5227 3194 5293 Αἰγύπτιοι
3247 5226 3363 5294 τὴν
3409 5228 3694 5297 γυναῖκα,

2023 5317 2111 5367 ὅτι
2141 5314 2297 5381 καλὴ
2341 5309 2420 5382 ἦν
2463 5312 2726 5386 σφόδρα·
2761 5313 2857 5368 καὶ
2889 5311 3054 5366 εἶδον
3086 5315 3283 5383 αὐτὴν
3311 5318 3366 5368 οἰ
3403 5316 3698 5383 ἄρχοντες

2022 5401 2254 5470 Φαραὼ,
2291 5401 2389 5454 καὶ
2429 5401 2738 5468 ἐπῄνεσαν
2765 5403 2959 5469 αὐτὴν
2997 5402 3146 5470 πρὸς
3179 5402 3409 5470 Φαραὼ,
3443 5405 3540 5457 καί
3574 5407 3698 5458 εἰσ-

2022 5491 2252 5560 ήγαγον
2277 5487 2474 5556 αὐτὴν
2501 5490 2589 5552 εἰς
2621 5488 2728 5542 τὸν
2765 5485 2935 5542 οἷκον
2980 5489 3207 5557 Φαραὼ,
3239 5490 3338 5542 καί
3369 5489 3448 5555 τῷ
3481 5491 3699 5559 Ἀϐραμ

2021 5572 2092 5630 εὖ
2115 5576 2457 5646 ἐχρήσαντο
2485 5575 2561 5629 δι’
2583 5575 2795 5642 αὐτήν.
2822 5577 2932 5630 Καὶ
2961 5576 3196 5645 ἐγένετο
3222 5575 3382 5642 αὐτῷ
3409 5579 3694 5646 πρόϐατα,

2026 5665 2125 5718 καί
2155 5666 2400 5735 μόσχοι,
2445 5663 2543 5718 καὶ
2593 5664 2747 5730 ὄνοι,
2783 5665 2880 5718 καὶ
2915 5663 3156 5731 παῖδες,
3201 5665 3301 5718 καὶ
3347 5665 3693 5728 παιδίσκαι,

2024 5753 2123 5806 καί
2162 5753 2422 5821 ἡμίονοι,
2453 5753 2551 5806 καὶ
2587 5752 2860 5822 κάμηλοι.
2887 5753 3026 5822 Ὅρα
3060 5752 3177 5811 πῶς
3224 5753 3366 5823 ἅπερ
3411 5753 3698 5823 προλαϐὼν

2026 5841 2274 5895 ὑπείδετο
2303 5845 2332 5895 ὁ
2372 5841 2598 5907 δίκαιος,
2624 5843 2796 5896 ταῦτα
2831 5844 2910 5904 εἰς
2933 5843 3090 5914 ἔργον
3111 5841 3287 5910 ἐξέϐη.
3324 5841 3413 5904 Ὠς
3445 5843 3554 5913 γὰρ
3588 5844 3697 5896 εἰσι

2039 6037 2053 6050 ι
2088 5980 2116 6008 ⁸
2136 5977 2232 6027 Alii
2273 5984 2358 6035 τῆς
2379 5976 2466 6025 τοῦ
2495 5977 2622 6027 Θεοῦ
2646 5981 2882 6041 προνοίας.
2947 5979 2975 6018 1³
2999 5979 3098 6027 Sex
3135 5992 3249 6026 m<s.
3280 5978 3542 6042 ἐπιγράψω.

3152 6061 3229 6120 19
