4062 6396
399 427 499 482 ’501

399 538 565 609 ἦλθεν
613 538 691 600 εἰς
739 535 1034 605 Αἴγυπτον,
1075 533 1322 600 Ἰδόντες
1355 537 1410 588 οι
1452 534 1756 602 Αἰγύπτιοι
1805 531 1920 600 τὴν
1963 549 2067 601 γυ-

397 627 596 690 ναῖκα,
627 625 716 678 ὅτι
770 623 929 692 καλὴ
961 619 1041 693 ἦν
1075 621 1336 692 σφόδραο
1369 622 1466 691 οὐχ
1499 619 1684 683 ἁπλῶς
1731 617 1893 690 καλὴ.
1937 617 2072 672 ἀλλὰ

403 714 524 786 μεθ’
564 712 868 785 ὑπερϐολῆς
921 712 1169 774 ἃπαντας
1221 709 1578 779 ἐπισπωμένη
1629 707 1756 770 τοὺς
1807 705 2068 775 ὁρῶντας.

401 801 513 854 Καὶ
563 801 791 864 ἰδόντες
833 798 1029 866 αὐτὴν
1060 800 1113 851 ol
1158 797 1446 865 ἄρχοντες
1495 795 1725 862 Φαραὼ,
1764 794 2074 862 ἐπῄνεσαν

400 887 596 956 αὐτὴν
646 887 985 956 ἔμπροσθεν
1032 885 1257 952 Φαραώ.
1297 883 1389 953 Μὴ
1434 881 1619 945 ἁπλῶς
1672 880 2070 951 παραδράμῃς,

402 974 672 1046 ἀγαπητὴ
700 974 762 1026 τὸ
795 972 1103 1044 εἰρημένον,
1131 970 1266 1024 ἀλλά
1299 969 1578 1041 θαύμασον
1605 968 1720 1032 πῶς
1745 969 1918 1030 οὐδεὶς
1957 967 2069 1020 τῶν

407 1060 714 1128 Αἰγυπτίων
745 1059 1042 1129 ἐνεχείρισε
1072 1069 1097 1098 ι
1132 1057 1229 1128 τὴν
1257 1060 1489 1125 γυναῖκα
1523 1056 1599 1118 ώς
1631 1054 1807 1125 ξένην,
1838 1055 1928 1108 καὶ
1967 1054 2076 1106 ἀπὸ

398 1149 505 1218 γῆς
549 1147 836 1216 ἀλλοτρίας
884 1144 1322 1214 ἐπιδημήσασαν,
1363 1142 1484 1195 οὐδὲ
1537 1141 1945 1212 κατεφρόνησαν
1979 1141 2074 1193 τοῦ

403 1235 615 1308 ἀνδρὸς,
659 1234 774 1289 ἀλλ’
804 1233 1135 1296 εἰσελθόντες
1173 1231 1249 1302 τῷ
1285 1231 1493 1302 βασιλεῖ
1523 1230 1820 1300 κατάδηλον
1849 1229 2076 1298 πεποιήο

405 1341 553 1377 κασι.
606 1323 776 1376 Τοῦτο
806 1322 865 1377 δέ
908 1323 1135 1390 ἐγίνετο,
1175 1321 1262 1374 ἵνα
1309 1319 1684 1392 φανερώτερον
1733 1319 1798 1372 τὸ
1845 1319 2074 1390 πρᾶγμα

396 1409 650 1480 γένηται,
693 1409 786 1462 καὶ
821 1408 896 1479 μὴ
944 1409 1023 1470 εἰς
1059 1408 1150 1460 τὸν
1197 1407 1459 1476 τυχόντα,
1500 1405 1613 1460 ἀλλ’
1661 1407 1741 1469 εἰς
1792 1403 1954 1458 αὑτὸν
1985 1403 2076 1456 τὸν

404 1497 759 1569 βασιλεύοντα
785 1498 885 1566 τῆς
909 1496 1238 1566 ἐκδικήσεως
1260 1497 1289 1534 ι’
1314 1494 1622 1564 γινομένης,
1653 1491 1929 1562 πανταχοῦ
1959 1492 2076 1544 δια-

405 1585 672 1656 δοθῇιναι]
704 1585 763 1638 τὸ
797 1584 1038 1652 γεγονός.
1065 1582 1176 1636 Kal
1201 1583 1526 1652 εἰσήγαγον
1558 1581 1753 1648 αὐτὴν
1780 1581 1929 1648 πρὸς
1961 1582 2077 1633 Φα-

399 1672 544 1742 ραώ.
576 1672 790 1735 Εὐθέως
817 1671 1064 1743 ἀφῃρέθη
1101 1670 1199 1740 τῆς
1231 1670 1488 1737 γυναικὸς
1513 1669 1542 1721 ὁ
1571 1669 1796 1733 δίκαιος,
1831 1669 1927 1720 καὶ
1958 1669 2076 1720 εἰσ-

407 1760 598 1827 άγεται
628 1758 762 1829 πρὸς
790 1757 880 1810 τὸν
908 1755 1106 1826 Φαραὼ
1141 1755 1299 1825 αῦτη.
1331 1757 1527 1808 Σκόπει
1557 1755 1696 1825 πόση
1745 1753 1838 1806 τοῦ
1875 1754 2010 1808 Θεοῦ
2044 1756 2078 1824 ἠ

411 1843 790 1916 μακροθυμία’
825 1842 941 1904 πῶς
968 1843 1068 1895 οὐκ
1099 1843 1157 1908 ἐξ
1192 1843 1385 1913 ἀρχῆς,
1412 1841 1533 1895 ούδέ
1560 1842 1625 1894 ἐκ
1651 1842 1953 1912 προοιμίων
1980 1841 2079 1912 τὴν

409 1933 546 1989 ίδίαν
575 1931 942 1985 ἐπιδείκνυται
978 1931 1256 2002 πρόνοιαν,
1302 1929 1439 1983 ἀλλά
1483 1931 1676 2000 ἀφίησι
1714 1931 1891 1983 πάντα
1924 1929 2079 1998 γενέο

410 2022 561 2085 σθαι,
611 2020 706 2073 καὶ
749 2020 828 2082 εἰς
870 2019 1031 2071 αὑτὸν
1077 2018 1260 2088 σχεδὸν
1306 2017 1397 2070 τὸν
1431 2017 1690 2088 φάρυγγα
1740 2017 1836 2070 τοῦ
1884 2015 2078 2088 θηρίου

409 2111 668 2180 ἐμπεσεῖν
702 2105 850 2178 [526]
893 2106 990 2177 τὴν
1038 2110 1289 2174 γυναῖκα,
1325 2106 1419 2158 καὶ
1453 2105 1574 2158 τότε
1612 2106 1711 2175 τὴν
1757 2105 1952 2159 ἑαυτοῦ
1991 2105 2081 2158 δύ-

408 2215 571 2267 ναμιν
622 2199 754 2248 πᾶσι
803 2197 947 2248 ποιεῖ
999 2193 1316 2266 κατάδηλον.
1357 2192 1465 2248 Kal
1512 2193 1842 2262 εἰσήγαγον
1885 2193 2081 2261 αὐτὴν

408 2288 495 2350 εις
522 2283 630 2337 τὸν
663 2283 831 2336 οἷκον
857 2279 1084 2349 Φαραώ.
1126 2282 1212 2334 Ἐν
1241 2281 1328 2352 οἵᾳ
1363 2280 1693 2334 καταστάσει
1723 2276 1792 2351 ἦν
1822 2282 1964 2334 κατά
1986 2280 2080 2334 τὸν

409 2371 600 2440 καιρὸν
645 2370 851 2422 ἐκεῖνον
901 2371 1000 2440 τῆς
1038 2368 1293 2437 γυναικὸς
1333 2370 1365 2438 ή
1400 2367 1640 2436 διάνοια;
1686 2369 1804 2432 πῶς
1841 2369 2013 2439 αὐτῆς
2053 2372 2082 2422 6

407 2458 668 2528 λογισμὸς
701 2455 1111 2527 διεταράττετος
1147 2456 1264 2518 πῶς
1312 2455 1673 2525 ἐκορυφοῦντο
1709 2456 1777 2510 τά
1823 2457 2078 2528 κύματα;

411 2545 529 2608 πῶς
557 2545 817 2611 ναυάγιον
843 2545 940 2613 οὐχ
973 2543 1263 2613 ὑπέμενεν,
1291 2542 1404 2596 ἀλλ’
1429 2543 1587 2614 ἐμενε
1615 2544 1868 2616 καθάπερ
1908 2545 2082 2617 πέτρα

403 2651 494 2697 τις
526 2631 802 2701 ἀκίνητος,
837 2632 974 2701 πρὸς
1005 2633 1106 2703 τὴν
1134 2631 1337 2686 ἀνωθεν
1365 2633 1537 2704 ῥοπὴν
1568 2632 1983 2700 ἀποϐλέπουσα;
2017 2634 2082 2688 Τί

409 2721 465 2774 δέ
502 2721 646 2788 λέγω
677 2719 775 2790 τὴν
812 2721 1080 2787 γυναῖκας
1115 2718 1219 2772 Τὸν
1266 2719 1472 2772 δίκαιον
1516 2721 1706 2774 ὁποίαν
1749 2720 1896 2785 εἰκὸς
1942 2720 2084 2792 ἔχειν

409 2808 608 2878 ψυχὴν,
647 2805 862 2876 ἐκείνης
893 2807 973 2868 είς
1009 2805 1100 2858 τὸν
1130 2801 1274 2858 οῐκον
1306 2807 1506 2878 Φαραὼ
1538 2809 1934 2879 εἰσαγομένης;
1970 2809 2081 2864 Καὶ

410 2896 491 2960 τῷ
518 2897 733 2964 Ἀϐραμ
760 2889 828 2949 εὖ
859 2893 1203 2962 ἐχρήσαντο
1227 2893 1303 2947 δι’
1331 2894 1544 2962 αὐτὴν,
1576 2895 1652 2960 ὡς
1675 2896 1885 2966 ἀδελφῷ
1904 2897 2084 2967 δηλον-

409 2979 512 3032 ότι.
559 2978 667 3031 Kal
714 2977 991 3046 ἐγένοντο
1031 2973 1192 3041 αὐτῷ
1230 2976 1514 3044 πρόϐατα,
1555 2977 1651 3029 καί
1695 2978 1939 3046 μόσχοι,
1987 2979 2082 3032 καί

408 3062 560 3125 ὄνοι,
603 3060 703 3113 καί
747 3059 978 3125 παῖδες,
1009 3058 1108 3112 καί
1142 3058 1474 3122 παιδίσκαι,
1508 3059 1606 3112 καὶ
1651 3059 1942 3129 κάμηλοι,
1988 3063 2087 3116 καί

410 3144 665 3213 ἡμίονοι.
699 3141 884 3194 Ταῦτα
914 3141 970 3194 δὲ
1001 3141 1161 3205 αὐτὰ,
1200 3140 1235 3194 ἀ
1265 3141 1478 3212 τρυφῆς
1507 3141 1689 3194 ἐνεκεν
1723 3152 1745 3181 ο
1785 3143 1880 3195 καὶ
1922 3144 2084 3216 θερα-

412 3228 569 3288 πείας
599 3225 814 3288 ἐδίδοτο,
852 3225 1023 3296 πόσην
1057 3224 1156 3276 οὐκ
1192 3224 1427 3294 ἀνῆπτεν
1453 3225 1509 3276 ἐν
1544 3225 1692 3294 αὐτῷ
1738 3225 1836 3295 τὴν
1878 3228 2085 3298 πυράν;

412 3314 531 3374 πῶς
569 3312 625 3364 δὲ
659 3310 824 3364 αὑτοῦ
864 3311 924 3362 ού
967 3309 1270 3377 κατέφλεγε
1303 3309 1403 3380 τὴν
1433 3309 1690 3375 διάνοιαν,
1724 3311 1814 3362 καὶ
1859 3312 2088 3382 ἀνεπίμ-

414 3411 532 3466 πρα
569 3394 661 3447 τὸν
698 3393 979 3463 λογισμὸν,
1006 3393 1274 3446 ἐννοοῦντι
1305 3393 1414 3446 τῶν
1451 3393 1638 3464 δώρων
1666 3395 1763 3464 τὴν
1804 3395 2084 3460 ὑπόθεσιν;

414 3475 568 3542 Εέδες
609 3476 743 3547 πρὸς
767 3475 899 3529 αὐτὸ
926 3476 986 3528 τὸ
1007 3475 1156 3539 τέλος
1193 3475 1376 3546 σχεδὸν
1401 3476 1602 3546 ἥκοντα
1632 3474 1702 3528 τὰ
1738 3477 1919 3543 δεινά;
1951 3474 2090 3542 εἶδες

416 3560 535 3624 πῶς
557 3559 780 3630 οὐδεμία
807 3559 992 3612 λοιπὸν
1026 3558 1169 3613 κατά
1195 3558 1546 3628 ἀνθρωπίνην
1587 3559 1906 3614 ἀκολουθίαν
1936 3561 2090 3624 ἐλπὶς

415 3640 753 3713 διορθώσεως
788 3639 1139 3705 ὑπελείπετο;
1174 3635 1311 3704 εἶδες
1347 3640 1462 3704 πῶς
1493 3641 1812 3708 ἀπέγνωστο
1843 3643 1912 3696 τὰ
1950 3645 2089 3713 πρά-

415 3740 604 3794 γματα
633 3723 775 3777 κατὰ
807 3723 1152 3793 ἀνθρωπίνην
1180 3723 1477 3794 ὑπόληψιν;
1507 3718 1646 3787 εἶδες
1677 3725 1793 3787 πῶς
1821 3726 1900 3788 είς
1929 3726 2090 3780 αὐτὸν

415 3807 506 3859 τὸν
550 3807 743 3879 λαιμὸν
779 3807 874 3861 τοῦ
917 3806 1106 3877 θηρίου
1143 3806 1398 3860 ἐνέπεσεν
1443 3807 1478 3877 ἡ
1527 3807 1696 3877 γυνή;
1727 3808 1868 3878 Ὅρα
1907 3808 2089 3861 λοιπὸν

418 3888 652 3942 ἐνταῦθα
709 3889 808 3961 τὴν
855 3890 1167 3961 ἀπόρρητον
1197 3889 1293 3943 τοῦ
1331 3889 1466 3943 Θεοῦ
1526 3889 1954 3960 φιλανθρωπίαν,
1998 3893 2090 3946 καὶ

416 3971 727 4041 ἐκπλάγηοι
772 3972 871 4042 τῆς
919 3972 1200 4042 δυνάμεως
1255 3971 1419 4025 αὑτοῦ
1473 3972 1571 4042 τὴν
1608 3973 1934 4044 ὑπερϐολήν.
1980 3976 2088 4028 Kal

416 4052 627 4121 ᾕτασε,
653 4054 837 4125 φησὶν,
857 4058 890 4108 ό
921 4053 1067 4121 Θεὸς
1097 4055 1202 4108 τὸν
1224 4045 1432 4122 Φαραῶ
1457 4054 1740 4123 ἐτασμοῖς
1765 4054 2088 4124 μεγάλοις-(ί

417 4137 516 4190 καὶ
546 4137 849 4205 πονηροῖς,
878 4139 976 4190 καί
1016 4138 1122 4191 τὸν
1149 4133 1318 4191 οἷκον
1349 4139 1535 4191 αὐτοῦ
1576 4139 1708 4206 περί
1749 4137 1945 4206 Σάρας
1978 4139 2090 4208 τῆς

417 4220 700 4286 γυναικὸς
749 4220 984 4286 Ἀϐραμ.
1029 4219 1094 4272 Τί
1147 4222 1313 4281 ἐστιν,
1367 4216 1624 4283 ’Ἠτασε;
1656 4221 1844 4292 Δίκην,
1902 4223 2087 4292 φησὶν,

414 4301 665 4371 ἀπῄτησε
709 4300 802 4353 τοῦ
848 4301 1194 4372 τολμήματος
1260 4303 1351 4356 καὶ
1404 4303 1503 4373 τῆς
1553 4305 1945 4375 ἐπιχειρήσεως
1991 4307 2090 4377 τῆς

419 4384 718 4455 μοχθηρᾶς.
761 4383 1069 4452 Ἐτασμοῖς
1111 4386 1423 4455 μεγάλοις·
1456 4387 1550 4456 οὐχ
1586 4386 1768 4451 ἁπλῶς
1802 4389 1969 4458 ῆτασε
1999 4390 2090 4446 τὸν

420 4467 666 4536 βασιλέα,
688 4466 800 4519 ἀλλ’
836 4466 1151 4536 Ἐτασμοῖς
1179 4469 1482 4538 μεγάλοις.
1527 4469 1743 4539 Ἐπειδὴ
1773 4472 1865 4524 καὶ
1889 4471 1951 4523 τὸ
1979 4472 2092 4524 τόλ-

421 4567 577 4620 μημα
605 4551 665 4602 οὐ
692 4549 752 4602 τὸ
785 4551 946 4624 τυχὸν
975 4547 1062 4621 ῆν.
1098 4551 1232 4604 ἀλλὰ
1265 4553 1358 4606 καὶ
1395 4551 1598 4623 σφόδρα
1629 4552 1790 4622 μέγα,
1824 4553 1912 4606 διὰ
1935 4553 2092 4608 τοῦτο

417 4634 511 4685 καὶ
544 4635 578 4703 ἡ
620 4632 860 4705 τιμωρία
916 4634 1146 4705 μεγάλη.
1178 4635 1285 4689 Καί
1319 4637 1426 4688 τὸν
1449 4631 1616 4688 οἷκον
1647 4636 1856 4698 αὐτοῦ,
1890 4637 2087 4707 φησίν·

416 4716 515 4768 οὐκ
563 4716 724 4770 αὑτὸν
778 4717 961 4787 μόνον,
1010 4718 1145 4772 ἀλλά
1196 4717 1308 4772 Kal
1354 4718 1462 4771 τὸν
1517 4716 1686 4772 οἶκον
1731 4720 1938 4777 αὑτοῦ.
1983 4722 2094 4776 Καὶ

416 4800 563 4864 τίνος
595 4800 779 4853 ἕνεκεν
813 4800 904 4854 τοῦ
943 4800 1207 4871 βασιλέως
1241 4802 1659 4872 ἁμαρτήσαντος
1703 4804 1888 4874 μόνου,
1917 4805 2011 4857 καὶ
2043 4807 2092 4858 οί

417 4882 512 4936 τοῦ
544 4882 694 4936 οἴκου
724 4885 924 4948 πάντες
949 4886 1048 4954 τῆς
1078 4885 1349 4954 τιμωρίας
1387 4884 1732 4954 μετέχουσιν;
1765 4884 1877 4956 Οὐχ
1907 4888 2092 4952 ἁπλῶς

416 4965 539 5018 οὺδέ
577 4966 734 5021 τοῦτο
766 4969 994 5037 γίνεται,
1040 4967 1156 5020 ἀλλ’
1185 4968 1271 5020 ἵνα
1303 4967 1398 5021 καὶ
1445 4967 1532 5021 διὰ
1565 4967 1752 5021 τούτου
1802 4969 2092 5041 καθίκηται

417 5047 518 5118 τῆς
547 5048 640 5102 τοῦ
671 5049 936 5119 βασιλέως
982 5050 1193 5121 μανίας.
1233 5049 1429 5102 Ἐδεῖτο
1457 5050 1566 5120 γὰρ
1604 5049 1964 5122 σφοδροτέρας
1992 5052 2092 5123 τῆς

419 5130 671 5202 πληγῆς,
721 5132 862 5186 ὥστε
906 5134 1322 5202 καταπλαγέντα
1373 5133 1678 5202 ἀποστῆναι
1724 5133 1817 5187 τοῦ
1866 5133 2090 5204 μύσους.

417 5215 530 5268 Καὶ
568 5214 692 5279 ποῦ,
741 5217 894 5286 φασὶ,
944 5217 1101 5269 τοῦτο
1138 5217 1365 5282 δίκαιον,
1395 5216 1461 5270 δι’
1489 5219 1694 5270 ἐκεῖνον
1743 5217 1837 5271 καὶ
1869 5217 2092 5282 τούτους

417 5298 808 5368 τιμωρεῖσθαι;
839 5300 900 5352 οὑ
932 5299 999 5352 δι’
1027 5303 1232 5354 ἐκεῖνον
1271 5300 1429 5371 μόνον
1456 5301 1556 5373 τὴν
1584 5304 1854 5375 τιμωρίαν
1883 5303 2094 5372 ὑπέμε-

421 5398 529 5446 νον,
554 5381 668 5434 ἀλλ’
691 5381 834 5444 εἰκὸς
861 5378 930 5452 ἦν
957 5383 1050 5434 καὶ
1071 5384 1265 5448 αὐτοὺς
1296 5385 1610 5456 συμπρᾶξαι
1638 5387 1732 5439 καὶ
1762 5386 2091 5457 συνεργῆσαι

418 5465 485 5531 τῇ
531 5464 800 5535 μελλούσῃ
842 5465 1087 5532 γίνεσθαι
1126 5468 1462 5538 παρανομίᾳ.
1500 5470 1777 5534 Ἤκουσας
1816 5469 1924 5539 γάρ
1954 5471 2094 5522 ἀνω-

418 5547 562 5616 τέρω
608 5548 706 5616 τῆς
755 5547 974 5618 Γραφῆς
1033 5548 1331 5620 λεγούσης,
1376 5550 1459 5602 ὃτι
1498 5550 1744 5618 Ἰδόντες
1793 5550 1988 5619 αὐτὴν
2038 5553 2094 5604 οἰ

420 5627 706 5698 ἄρχοντες
752 5631 962 5699 Φαραὼ
1006 5633 1336 5701 ἐπῄνεσαν,
1383 5635 1481 5688 καί
1530 5636 1856 5706 εἰσήγαγον
1900 5635 2096 5702 αὐτὴν

421 5711 509 5776 είς
543 5713 648 5766 τὸν
677 5708 854 5766 ὀἷκον
890 5714 1116 5782 Φαραώ.
1148 5710 1301 5778 Εἶδες
1332 5716 1528 5780 αὐτοὺς
1565 5717 1900 5789 προαγωγῶν
1933 5716 2093 5788 ἔργον

425 5795 791 5865 πεποιηκότας
839 5799 904 5866 τῇ
955 5798 1091 5869 πρὸς
1130 5798 1221 5851 τὸν
1258 5798 1480 5868 βασιλέα
1517 5800 1700 5870 χάριτι
1746 5804 1826 5864 είς
1870 5801 1969 5872 τὴν
2000 5799 2093 5854 τοῦ

431 5969 443 5983 ἱ
484 5911 512 5983 ξ
548 5908 629 5983 ξίε
656 5917 897 5983 ιτςδλφξςέ
923 5915 1100 5983 me|_iu_s
1123 5928 1268 5975 quam
1291 5913 1445 5983 eﬂiliq
1464 5918 1774 5983 jnexeipnag.
1830 5915 1860 5956 Β
1883 5917 1977 5983 Alli
2004 5923 2088 5983 τῆς

426 5971 648 6037 ἐκδικίας..
719 5974 739 5998 ε
757 5971 850 6021 Alli
870 5973 902 6018 ἃ
922 5980 1060 6037 τιμῆς
1077 5971 1248 6037 ἕνεκεν.
1313 5975 1342 6014 ἀ
1365 5978 1438 6037 Ad
1464 5971 1696 6037 Ιὶιῑὲξθὰι,
1724 5981 1780 6028 Et
1798 5971 2092 6028 examinavit

429 6029 553 6095 ng
582 6029 880 6098 leraqncm
899 6029 1199 6083 culminibus
1230 6035 1432 6098 magnis.
1457 6037 1556 6098 Sed
1591 6029 1695 6088 had
1719 6041 1942 6092 examina
1964 6039 2091 6089 afﬂi-

425 6098 620 6138 cuoncs
638 6096 779 6139 erant
802 6098 853 6140 et
871 6105 1120 6156 aerumnae,
1147 6102 1202 6145 υι
1225 6109 1284 6146 ex
1307 6096 1439 6147 Serie
1466 6097 1640 6160 liquet.

1252 419 1309 475 S.
1351 415 1638 474 JOANNIS
1673 413 2166 471 Cl-IRYSOSTOMI
2207 407 2528 472 ARCHIEP.
2564 405 3114 466 CONSTANTINOP‘

3730 397 3846 454 32

2173 530 2381 586 δικαίου
2411 530 2662 597 γυναῖκα.
2708 525 2805 581 Διά
2831 541 2914 577 τοι
2955 521 3114 575 τοῦτο
3143 517 3242 573 οὒκ
3285 516 3444 581 αὒτὸς
3480 516 3658 586 μόνος,
3703 512 3846 566 ἀλλά

2173 613 2268 666 καὶ
2293 613 2343 664 οἰ
2373 611 2736 681 προσήκοντες
2777 604 2926 676 αύτῷ
2954 605 3154 666 πάντες
3183 605 3282 672 τῆς
3324 601 3592 671 τιμωρίας
3625 611 3848 681 συμμε-

2172 676 2439 766 τέχουσιν,
2485 676 2570 746 ἵνα
2616 691 2861 762 μάθωσιν
2911 689 2994 741 ὅτι
3045 687 3143 739 οὐκ
3191 686 3270 747 εἰς
3321 683 3468 749 ξένον
3518 679 3704 766 ἀπλῶς
3751 676 3854 747 τὴν

2175 763 2462 848 παροινίαν
2503 773 2863 839 ἐπεδείξαντο,
2902 770 3023 823 οὑδὲ
3051 771 3128 833 είς
3161 769 3252 821 τὸν
3280 767 3509 836 τυχόντα
3541 763 3850 848 ἄνθρωπον,

2174 846 2288 912 ἀλλ’
2312 861 2394 923 εἰς
2425 857 2595 927 ἀνδρα
2626 857 2716 907 τὸν
2765 853 2844 924 τῷ
2872 853 2993 922 θεῷ
3042 849 3526 922 περισπούδαστον,
3576 846 3672 899 καὶ
3723 859 3854 927 τοσ-

2175 941 2345 1012 αύτης
2407 925 2537 1011 παρ⁴
2578 936 2740 991 αὑτοῦ
2811 935 3090 1007 φροντίδος
3155 932 3495 1002 ἀξιούμενον.
3540 928 3643 982 Διά
3691 925 3855 979 τοῦτο

2174 1022 2266 1078 οὖν
2305 1010 2377 1096 τῇ
2445 1010 2613 1093 πολλῇ
2669 1019 2987 1092 σφοδρότητι
3047 1018 3144 1086 τῆς
3200 1013 3475 1084 τιμωρίας
3533 1010 3854 1096 κατέσεισεν

2178 1089 2472 1180 αὐτοῦ’τὴν
2515 1089 2773 1167 διάνοιαν,
2806 1089 3118 1173 ἀπέστησεν
3161 1100 3324 1154 αὑτὸν
3369 1099 3470 1168 τῆς
3503 1096 3702 1180 μιαρᾶς
3730 1089 3856 1147 τόλ-

2181 1210 2321 1264 μης,
2372 1177 2712 1262 ἀνεχαίτισεν
2767 1187 2930 1241 αὐτὸν
2980 1185 3079 1255 τῆς
3127 1185 3302 1254 ὁρμῆς
3363 1177 3852 1264 τῆςᾲάλογίστουέ

2178 1257 2406 1345 ἐπέσχεν
2439 1257 2604 1328 αῦτοῦ
2643 1273 2743 1342 τὴν
2781 1268 3078 1324 ἀκόλαστον
3111 1267 3356 1338 γνώμην,
3387 1262 3646 1345 ἐπέδησεν
3683 1257 3853 1345 αὑτοῦ

2177 1356 2274 1428 τὴν
2315 1341 2621 1427 ’ἐπιθυμίαν
2660 1341 2760 1425 τὴν
2808 1351 3126 1418 ἀκάθεκτον,
3174 1348 3266 1403 τοῦ
3316 1347 3489 1417 θυμοῦ
3520 1343 3619 1415 τὴν
3654 1341 3855 1413 μανίαν

2180 1439 2492 1509 ἐχαλίνωσε.

2251 1520 2315 1586 ζ’.
2352 1523 2450 1575 Διά
2481 1519 2638 1574 τοῦτο
2675 1517 2860 1572 λοιπὸν
2893 1518 2994 1585 ὅρα
3027 1514 3208 1577 αὐτὸν,
3251 1512 3369 1584 μεθ’
3395 1513 3524 1579 ὅσης
3553 1504 3858 1586 ἐπιεικείας

2181 1585 2331 1678 [397]
2363 1605 2667 1672 διαλέγεται
2696 1606 2724 1656 ὁ
2768 1602 3020 1672 βασιλεὺς
3095 1601 3125 1650 6
3153 1596 3417 1667 τύραννος
3465 1591 3543 1663 τῷ
3587 1585 3856 1678 ξένῳητιῖι

2181 1672 2434 1757 κιεθᾶπερ
2463 1688 2637 1758 ἀλήτῃ
2673 1686 2938 1757 περιιόντι
2960 1725 2973 1746 ,
3013 1675 3075 1735 οὗ
3108 1683 3202 1735 καὶ
3245 1679 3343 1749 τὴν
3383 1679 3616 1746 γυναῖκα
3655 1672 3854 1741 ἀφελέ-

2183 1771 2306 1824 σθαι
2335 1772 2621 1842 ἐτόλμησε.
2653 1771 2761 1823 Καὶ
2790 1767 2970 1832 καλῶς
3001 1763 3174 1828 εἶπεν,
3219 1765 3302 1817 ὅτι
3331 1763 3550 1818 Ἥτασε
3590 1759 3698 1812 τὸν
3734 1759 3857 1842 (Mf-

2173 1854 2299 1922 ραὼ
2339 1856 2438 1908 καὶ
2465 1838 2574 1907 τόν
2607 1848 2776 1907 οἷκον
2813 1850 2998 1905 αὐτοῦ
3032 1848 3166 1917 περί
3203 1846 3400 1912 Σάρας
3431 1842 3544 1910 τῆς
3568 1838 3858 1908 γυναικὸς

2185 1941 2418 2008 Ἀϐραμ.
2446 1937 2706 2008 Αῖσθησιν
2740 1935 2857 2007 ἃμα
2895 1937 2961 2006 τῇ
2989 1931 3231 2002 τιμωρίᾳ
3267 1927 3558 2008 λαμϐάνει,
3599 1925 3680 1976 ὅτι
3704 1923 3857 2008 γυνὴ

2179 2022 2246 2098 ἦν
2272 2006 2366 2079 τοῦ
2400 2006 2634 2075 δικαίου.
2661 2006 2908 2088 Καὶγάρ
2933 2017 3030 2070 καὶ
3061 2017 3141 2077 είς
3176 2015 3268 2065 τὸν
3303 2007 3451 2064 οἷκον
3483 2006 3856 2098 εἰσενεχθςί-σα

2180 2092 2272 2164 τοῦ
2312 2103 2534 2174 Φαραὼ,
2577 2103 2734 2172 ἔμενε
2772 2102 2910 2170 γυνὴ
2951 2101 3044 2154 τοῦ
3083 2098 3291 2152 δικαίου
3344 2094 3707 2174 τυγχάνουσα.
3739 2092 3860 2143 Κα-

2179 2190 2369 2253 λέσας
2400 2171 2511 2251 δὲ,
2553 2171 2716 2254 φησὶ,
2761 2181 2970 2252 Φαραὼ
3020 2183 3128 2235 τὸν
3164 2183 3410 2247 Ἅϐραμ,
3443 2172 3614 2254 εἷπεν
3656 2171 3856 2238 αὐτῷ·

2188 2275 2247 2328 Τί
2274 2252 2448 2325 τοῦτο
2487 2252 2780 2332 ἐποίησάς
2809 2283 2940 2335 μοις
2973 2266 3113 2335 Ὅρα
3149 2263 3218 2316 τὰ
3257 2263 3496 2333 ῥήματα,
3525 2252 3611 2311 οἷα
3637 2259 3664 2310 6
3699 2255 3858 2325 βασι-

2182 2355 2304 2418 λεὺς
2333 2354 2600 2424 προΐεται.
2629 2351 2690 2404 Τί
2715 2350 2889 2403 τοῦτο
2908 2345 3203 2414 ἐποίησάς
3226 2361 3360 2414 μοις
3390 2341 3571 2424 φησίν.
3613 2337 3756 2424 Ἐγώ
3774 2355 3859 2390 σοι

2182 2421 2434 2506 ἐποίησα,
2477 2435 2504 2486 6
2543 2432 2713 2498 ξένος,
2752 2433 2779 2484 6
2817 2429 3006 2502 μηδενὶ
3045 2427 3343 2498 γνώριμος,
3372 2425 3402 2477 6
3435 2424 3523 2506 διά
3558 2421 3717 2492 λιμὸν
3741 2436 3860 2506 πα·

2185 2499 2572 2592 ραγενόμενος,
2617 2514 2694 2584 τῷ
2735 2499 2971 2583 βασιλεῖ,
3022 2510 3100 2581 τῷ
3136 2509 3405 2580 τυράννῳ,
3452 2504 3530 2574 τῷ
3563 2499 3860 2592 κρατοῦντι

2327 2583 2635 2668 Αίγύπτους
2668 2583 2735 2649 Τί
2783 2594 3017 2666 ἐποίησά
3065 2609 3182 2659 σοι;
3230 2592 3303 2644 Σὺ
3341 2589 3551 2672 ἀφείλω
3605 2603 3706 2658 μου
3757 2583 3860 2672 τῆν

2184 2666 2442 2754 γυναῖκασ
2475 2680 2725 2750 καθάπερ
2767 2678 2918 2745 ξένου
2958 2676 3260 2750 ὑπερεῖδες,
3298 2671 3735 2754 κατεφρόνησας,
3766 2666 3863 2754 οὐ·

2184 2749 2310 2822 δένα
2356 2765 2512 2833 λόγον
2556 2749 2799 2832 ἐποιήσω
2821 2777 2834 2791 '
2882 2759 3018 2823 ὅλως
3065 2749 3165 2829 τῆς
3213 2757 3515 2812 ἀκολάστου
3563 2749 3863 2833 ἐπιθυμίας

2186 2831 2440 2916 γέγονας,
2483 2845 2576 2899 καὶ
2614 2831 2911 2914 ἐϐουλήθης
2952 2844 3032 2905 εἰς
3075 2841 3236 2912 ἐργον
3279 2841 3506 2908 ἀγαγεῖν
3544 2835 3616 2889 τά
3657 2849 3742 2886 σοι
3774 2831 3866 2916 δό-

2189 2913 2374 2996 ξαντα.
2398 2931 2465 2984 Τί
2501 2925 2594 2983 οῦν
2631 2913 2875 2998 ἐποίησά
2905 2941 3018 2990 σοι;
3058 2923 3286 2990 Μεγάλα
3313 2939 3424 2993 μοι,
3463 2919 3648 2990 φησὶν,
3676 2913 3866 2998 ἐποίη-

2189 2995 2322 3078 σας,
2378 3012 2474 3065 καὶ
2536 3008 2686 3064 δεινά
2733 2995 2812 3071 εἰς
2862 3007 2962 3078 ἐμὲ
3011 3004 3307 3075 διεπράξω.
3361 3003 3506 3073 Ὅρα
3551 2999 3689 3067 πόση
3752 2995 3867 3049 τῶν

2189 3094 2527 3166 πραγμάτων
2557 3095 2590 3164 η
2630 3090 2929 3162 μεταϐολήο
2965 3090 2992 3141 6
3028 3087 3279 3158 βασιλεὺς
3319 3084 3398 3156 τῷ
3449 3083 3636 3166 ἰδιώτῃ
3667 3081 3824 3149 λέγει
3846 3119 3863 3141 ,

2196 3165 2255 3232 Τί
2289 3175 2584 3244 ἐποίησάς
2610 3190 2747 3244 μοι;
2775 3173 2865 3226 τὸν
2895 3171 3028 3224 Θεόν
3063 3188 3170 3241 μοι,
3203 3169 3388 3240 φησὶν,
3420 3165 3864 3234 ἐξεπολέμωσας,

2193 3263 2320 3332 παρ’
2349 3257 2514 3312 αὐτοῦ
2544 3257 2717 3329 ὀργήν
2753 3273 2840 3325 μοι
2875 3255 3172 3323 ἐπήγαγες,
3199 3254 3264 3322 τῇ
3296 3249 3534 3332 τιμωρία
3559 3244 3868 3332 ύπεύθυνόν

2195 3327 2284 3414 με
2313 3327 2682 3409 κατέστησας.
2735 3337 2890 3405 δίκην
2923 3333 3338 3404 παρεσκεύασάς
3387 3349 3454 3402 με
3493 3329 3677 3383 δοῦναι
3723 3327 3866 3399 μετά

2188 3409 2283 3478 τοῦ
2311 3424 2459 3476 οῐκου
2491 3439 2588 3492 μου
2621 3419 2821 3482 παντὸς
2846 3418 2952 3471 τῶν
2979 3419 3058 3480 είς
3087 3417 3146 3469 σὲ
3171 3415 3567 3486 τολμηθέντων.
3600 3413 3660 3466 Τί
3685 3409 3885 3483 τοῦτο⁸

2189 3507 2480 3574 ἐποίησάς
2511 3523 2641 3574 μοι,
2682 3503 2771 3556 ὅτι
2810 3504 2920 3555 οὐκ
2954 3497 3317 3569 ἀνήγγειλὰς
3349 3514 3450 3567 μοι
3489 3508 3536 3560 ο,
3578 3495 3669 3548 ὅτι
3705 3492 3864 3563 γυνή

2190 3607 2306 3644 σου
2347 3590 2511 3652 ἐστί;
2555 3588 2664 3641 Καὶ
2699 3586 2785 3637 ἵνα
2832 3585 2885 3637 τί
2933 3579 3110 3646 εἴπας,
3149 3583 3231 3636 ὅτι
3272 3578 3520 3647 Ἀδελφή
3546 3595 3665 3648 μου
3693 3576 3869 3633 ἑστίε

2192 3673 2288 3726 καὶ
2321 3671 2541 3726 ἔλαϐον
2567 3668 2762 3736 αὐτὴν
2797 3666 3032 3736 ἐμαυτῷ
3062 3663 3339 3735 γυναῖκα.
3378 3660 3540 3730 Ἐγὼ,
3573 3661 3760 3730 φησὶν,
3788 3658 3870 3721 ὡς

2191 3755 2429 3823 ἀδελφήν
2474 3771 2567 3806 σου
2603 3750 2900 3820 ἐϐουλόμην
2937 3746 3258 3817 ἀγαγέσθαι.
3289 3745 3401 3799 Καὶ
3443 3745 3608 3798 πόθεν
3659 3740 3867 3812 ἔμαθες

2192 3838 2272 3891 ὅτι
2317 3839 2453 3906 γυνή
2500 3837 2614 3887 ἐστι
2660 3833 2753 3886 τοῦ
2785 3831 3022 3896 δικαίου;
3062 3832 3120 3883 Ὀ
3151 3829 3252 3899 τῆς
3284 3827 3627 3899 παρανομίας
3659 3824 3868 3894 ταύτης

2173 3903 2676 3982 «ἐκδικοςςέκεῖνός
2722 3933 2813 3986 μοι
2865 3915 3024 3968 τοῦτο
3061 3911 3338 3984 γνώριμον
3373 3910 3617 3980 ἐποίησε.
3655 3909 3716 3961 Τί
3751 3903 3872 3962 οὖν

2198 4002 2496 4071 ἐποίησάς
2537 4018 2637 4070 μοι
2681 3999 2876 4060 τοῦτο,
2917 3998 3012 4052 καί
3048 3999 3160 4050 οὐκ
3194 3991 3564 4063 ἀπήγγειλάς
3609 4009 3735 4061 μοι,
3779 3990 3870 4043 ὅτι

2198 4085 2349 4156 γυνή
2374 4100 2490 4139 σου
2521 4082 2681 4145 ἐστὶ,
2709 4081 2806 4135 καὶ
2837 4083 3057 4136 ἔλαϐον
3085 4077 3280 4146 αὐτὴν
3311 4075 3547 4147 ἐμαυτῷ
3583 4073 3868 4156 γυναῖκα,

2205 4155 2411 4237 μέλλων
2451 4163 2796 4234 ἐξαμαρτεῖν.
2834 4163 2922 4225 Ὧς
2951 4164 3029 4224 είς
3066 4159 3299 4229 ἀδελφὴν
3340 4158 3436 4229 σὴν
3481 4155 3869 4226 συγγινόμενος

2201 4249 2357 4302 τοῦτο
2387 4249 2557 4300 ποιεῖν
2583 4245 2934 4315 ἐπεχείρησα.
2963 4244 3161 4297 Σκόπει
3207 4241 3327 4304 πῶς
3371 4240 3472 4310 τῆς
3514 4239 3790 4310 τιμωρίας
3833 4241 3867 4309 ἡ

2201 4330 2495 4402 σφοδρότης
2531 4328 2846 4381 κατέσεισεν
2885 4327 3049 4380 αὑτοῦ
3081 4327 3170 4380 τὸν
3195 4325 3474 4395 λογισμὸν,
3500 4323 3576 4386 ὡς
3608 4323 3705 4377 καὶ
3733 4323 3872 4376 ἀπο-

2195 4412 2470 4482 λογεῖσθαι
2496 4411 2573 4482 τῷ
2609 4411 2819 4480 δικαίῳ,
2846 4411 2941 4463 καὶ
2970 4409 3187 4464 ἅπασαν
3215 4409 3341 4477 περὶ
3373 4407 3536 4461 αὑτὸν
3561 4405 3869 4476 θεραπείαν

2197 4494 2618 4550 ἐπιδείκνυσθαι.
2647 4493 2837 4546 Καίτοι
2864 4493 2913 4544 εί
2951 4494 3026 4562 μὴ
3059 4493 3091 4560 ἡ
3126 4490 3219 4543 τοῦ
3250 4489 3386 4543 Θεοῦ
3419 4489 3560 4561 ῥοπὴ
3590 4483 3658 4560 ἦν
3690 4489 3726 4558 ή
3765 4488 3867 4558 τὴν

2196 4578 2434 4631 διάνοιαν
2477 4575 2641 4629 αὐτοῦ
2676 4573 2984 4646 μαλάξασα,
3027 4574 3120 4627 καὶ
3166 4574 3244 4636 είς
3274 4571 3438 4640 φόϐον
3483 4571 3646 4624 αὐτὸν
3688 4588 3862 4624 κατα-

2196 4662 2464 4730 στήσασα,
2513 4658 2804 4712 ἀκόλουθον
2841 4654 2908 4728 ἦν
2953 4659 3048 4711 κα)⁸
3093 4659 3171 4720 εἰς
3215 4657 3438 4709 πλείονα
3483 4653 3656 4725 θυμὸν
3698 4654 3864 4707 αὐτὸν

2199 4742 2562 4812 ἐξενεχθῆναι,
2588 4742 2682 4794 καὶ
2707 4741 2781 4804 ὡς
2804 4741 3160 4810 ἀπατήσαντα
3186 4738 3495 4810 ἀμύνασθαι
3517 4739 3608 4790 τὸν
3633 4737 3867 4799 δίκαιον,

2197 4825 2290 4876 καὶ
2320 4823 2477 4894 δίκην
2511 4823 2928 4895 εἰσπράξασθαι,
2961 4823 3056 4876 καὶ
3085 4823 3165 4884 εἰς
3197 4821 3288 4874 τὸν
3317 4823 3446 4892 περὶ
3477 4819 3586 4872 τῶν
3617 4821 3869 4890 ἐσχάτων

2196 4905 2438 4960 κίνδυνον
2485 4907 2732 4975 ἀγαγεῖν.
2771 4905 2910 4962 Ἀλλ’
2954 4904 3106 4959 οὐδὲν
3147 4905 3349 4956 τούτων
3380 4901 3636 4972 ἐποίησεν
3657 4919 3670 4933 ·
3697 4903 3727 4954 ὁ
3761 4902 3874 4973 γάρ

2195 4989 2295 5058 τῆς
2327 4987 2596 5059 τιμωρίας
2635 4987 2796 5056 φόϐος
2839 4985 3190 5041 κατέστελλεν
3216 4983 3378 5038 αὑτοῦ
3407 4983 3504 5054 τὴν
3532 4984 3869 5054 φλεγμονὴν,

2197 5073 2290 5124 καὶ
2325 5072 2443 5135 ἐνὸς
2488 5073 2648 5142 μόνου
2679 5071 2908 5139 ἐγίνετο,
2935 5069 3026 5123 τοῦ
3055 5069 3155 5140 τὴν
3193 5068 3320 5139 περὶ
3351 5066 3440 5120 τὸν
3473 5067 3683 5119 δίκαιον
3708 5067 3874 5138 θερα-

2197 5155 2357 5208 πείαν
2395 5153 2781 5217 ἐπιδείξασθαι.
2821 5153 2975 5225 Ιᾘδει
3014 5151 3123 5220 γάρ
3159 5151 3364 5212 λοιπὸν,
3397 5151 3478 5202 ὅτι
3522 5151 3619 5220 ούχ
3650 5143 3762 5203 οἶόν
3807 5168 3870 5203 τε

2194 5237 2284 5290 τὸν
2325 5237 2555 5307 τυχόντα
2583 5232 2720 5290 εἶναι
2768 5236 2935 5306 ἄνδρα
2972 5234 3063 5286 τὸν
3103 5232 3370 5302 τοσαύτης
3401 5232 3741 5285 ἀπολαύοντα
3768 5233 3873 5302 τῆς

2195 5319 2400 5372 ἄνωθεν
2442 5319 2670 5382 εὐνοίας.
2713 5319 2823 5371 Kal
2859 5317 2978 5371 νῦν
3019 5315 3148 5370 ἰδοὺ
3185 5315 3224 5382 ἡ
3270 5314 3423 5383 γυνή
3466 5330 3583 5368 σου
3610 5314 3874 5370 ἐνώπιόν

2196 5417 2348 5456 σου·
2405 5401 2611 5455 λαϐὼν
2659 5401 2968 5470 ἀπότρεχε.
3023 5399 3161 5461 Νῦν,
3217 5399 3408 5468 φησὶν,
3460 5396 3648 5467 ἐπειδὴ
3695 5397 3873 5466 ἔγνων

2195 5486 2275 5538 ὅτι
2324 5485 2424 5538 οὐκ
2468 5484 2668 5555 ἀδελφή
2710 5483 2801 5536 σού
2849 5485 3014 5543 ἐστιν,
3047 5481 3183 5535 ἀλλά
3227 5481 3363 5550 γυνή
3401 5497 3517 5542 σου,
3562 5479 3671 5532 ἰδοὺ
3723 5480 3874 5551 ἔχεις

2197 5570 2389 5640 αὐτὴν.
2425 5569 2592 5622 Οὐδὲν
2620 5569 2726 5638 γάρ
2760 5567 3113 5638 ὲλυμηνάμην
3141 5567 3239 5636 τῆς
3284 5564 3547 5632 συζυγίας
3591 5563 3691 5632 τῆς
3734 5564 3872 5633 ὑμε-

2195 5653 2389 5722 τέρας,
2441 5650 2562 5704 οὐδὲ
2610 5650 2960 5720 ἀπεστέρησά
3010 5667 3069 5702 σε
3124 5649 3223 5718 τῆς
3273 5648 3530 5716 γυναικός
3572 5663 3702 5698 σου·
3748 5647 3869 5700 ἀλλ’

2210 5734 2354 5789 Ἰδοὺ
2411 5735 2449 5802 ἡ
2515 5732 2668 5803 γυνή
2729 5749 2845 5787 σου
2897 5733 3176 5786 ἐναντίον
3224 5746 3341 5784 σου
3366 5748 3378 5760 ·
3422 5729 3622 5782 λαϐὼν
3675 5729 3872 5798 αὐτὴν

2199 5818 2512 5885 ἀπότρεχε.
2587 5816 2723 5868 Ποία
2810 5816 3015 5870 διάνοια
3112 5815 3401 5884 δυνήσεται
3495 5813 3633 5884 πρὸς
3708 5813 3870 5879 ἀξίαν

2199 5901 2475 5971 θαυμάσαι
2527 5899 2594 5952 τά
2645 5899 3020 5970 γεγενημένας
3077 5899 3112 5969 ἦ
3166 5899 3296 5952 ποία
3360 5897 3575 5964 γλῶττα
3631 5895 3869 5958 ἐξειπεῖν

2201 5984 2437 6056 ἰσχύσειε
2463 5985 2524 6037 τὸ
2545 5982 2768 6055 θαῦμα;
2803 5983 2945 6055 Γυνὴ
2975 5982 3270 6055 λάμπουσα
3299 5982 3366 6057 τῇ
3401 5980 3518 6052 ὥρᾳ
3536 5978 3687 6049 ἀνδρὶ
3711 5975 3866 6050 [328]

2263 6101 2288 6132 '
2308 6097 2409 6150 Alii
2427 6096 2713 6162 ἀπήγγειλάς
2731 6112 2828 6160 μοι.
