4062 6396
266 357 362 412 SOI

272 481 374 537 tur,
406 485 466 525 re
490 469 605 540 ipsa
630 481 939 527 evenerunt.
963 471 1096 528 Nam
1120 482 1176 528 ut
1213 474 1268 529 in
1295 473 1583 545 Egyptum
1605 475 1839 543 intravit,

274 560 338 616 Ut
378 562 613 616 uiderunt
663 562 904 634 £gyptii
954 565 1235 634 mulierem,
1285 568 1420 634 quod
1462 567 1673 637 pulchra
1720 576 1847 620 esset

272 654 428 707 ualde.
468 652 582 707 Non
612 654 923 724 simpliciter
955 655 1137 725 inquit,
1173 656 1409 725 pulchra.
1447 657 1540 710 sed
1575 656 1850 711 excellen-

277 754 372 808 ter,
401 745 474 799 ita
499 754 558 799 ut
583 760 791 811 omnes,
822 747 912 815 qui
933 762 1053 801 eam
1078 747 1345 811 videbant,
1390 748 1747 802 allicerentur.
1780 745 1849 802 Et

276 846 328 891 tu
359 836 586 890 viderunt
609 852 719 889 eam
742 836 992 905 principes
1015 836 1323 904 Pharaonis,
1368 837 1695 892 laudauerunt
1740 853 1853 891 eam

276 944 446 985 coram
468 929 758 983 Pharaone.
781 928 909 995 Oro,
956 930 1171 996 dilecte,
1215 945 1283 985 ne
1328 940 1530 985 temere
1569 937 1852 1000 praetereas

278 1022 415 1090 quod
444 1021 647 1075 dictum
666 1031 767 1084 est,
796 1022 888 1076 sed
916 1021 1176 1076 admirare
1201 1022 1466 1092 quomodo
1491 1022 1666 1076 nullus
1690 1020 1854 1091 Egy-

282 1115 513 1181 ptiorum
541 1113 749 1167 mulieri
776 1122 958 1182 utpote
996 1114 1309 1183 peregrinae,
1341 1125 1394 1169 et
1417 1129 1447 1167 a
1490 1123 1631 1168 terra
1684 1114 1853 1168 aliena

283 1202 589 1257 adventanti
619 1218 804 1257 manus
846 1203 1105 1271 injecerit,
1129 1219 1301 1273 neque
1328 1203 1745 1273 contempserint
1772 1204 1854 1256 vi-

284 1308 400 1347 rum
431 1311 445 1347 :
474 1293 569 1347 sed
596 1295 823 1363 ingressi
877 1294 986 1364 regi
1021 1296 1195 1348 omnia
1234 1295 1547 1349 nuntiarint.
1594 1294 1857 1350 Cancrum

285 1385 385 1439 hoc
404 1385 605 1440 factum
632 1395 733 1451 est,
761 1395 816 1439 ut
855 1401 943 1440 res
971 1386 1121 1441 ﬁeret
1138 1386 1488 1453 manifestior,
1519 1394 1573 1441 et
1598 1387 1729 1441 ultio
1753 1401 1859 1440 non

285 1477 337 1531 in
370 1477 636 1547 privatum
660 1486 714 1531 et
734 1476 997 1545 plebeium
1025 1476 1276 1546 aliquem,
1306 1476 1398 1531 sed
1426 1477 1477 1531 in
1505 1491 1685 1545 regem
1710 1475 1862 1529 εωνί-

287 1576 389 1632 ret,
418 1577 477 1621 ut
504 1566 699 1635 ubique
722 1566 1084 1635 divulgaretur
1113 1566 1211 1621 hoc
1239 1566 1454 1620 factum.
1485 1566 1551 1620 Et
1576 1568 1864 1620 introduxe-

288 1666 405 1709 runt
446 1672 560 1709 eant
603 1657 657 1709 in
699 1656 900 1709 domum
950 1655 1255 1710 Pharaonis.
1308 1656 1551 1711 Protinus
1595 1657 1663 1710 ab
1702 1672 1867 1711 uxore

290 1749 466 1816 justus
490 1746 787 1813 abducitur,
815 1755 871 1800 et
895 1747 1009 1816 ipsa
1038 1746 1104 1800 ad
1129 1746 1461 1802 Pharaonem
1495 1747 1864 1802 introducitur.

292 1836 585 1892 Considera
604 1846 796 1907 quanta
830 1838 921 1893 Dei
945 1838 1196 1908 patientia
1225 1839 1419 1904 fuerit;
1467 1838 1734 1908 quomodo
1763 1854 1868 1893 non

294 1928 360 1981 ab
382 1927 553 1993 initio,
584 1944 756 1997 neque
776 1943 805 1981 a
829 1929 1098 1998 prooemiis
1120 1945 1270 1983 suam
1309 1929 1655 1984 declaraverit
1690 1929 1870 1999 provi-

298 2017 558 2083 dentiam,
581 2020 676 2074 sed
696 2021 993 2089 permiserit
1017 2022 1191 2076 omnia
1219 2024 1353 2088 fieri,
1383 2023 1595 2092 etquasi
1612 2023 1665 2076 in
1692 2021 1873 2077 fauces

297 2109 484 2165 be5tiaa
529 2111 807 2165 mulierem
858 2111 1131 2178 incidere;
1172 2122 1225 2167 et
1255 2122 1378 2166 lllllC
1409 2113 1620 2166 tandem
1650 2113 1871 2166 manife-

299 2213 435 2255 stam
454 2202 700 2257 omnibus
727 2217 876 2256 suam
895 2203 1141 2257 virtutem
1168 2203 1373 2258 fecerit.
1401 2204 1466 2256 Et
1491 2202 1875 2257 introduxerunt

299 2308 412 2345 eam
436 2292 488 2345 in
516 2292 718 2345 dontum
749 2291 1054 2345 Pharaonis.
1088 2291 1144 2346 In
1166 2308 1272 2362 quo
1297 2304 1437 2347 statu
1464 2308 1557 2362 per
1582 2292 1711 2346 illud
1738 2302 1875 2346 tem-

301 2397 401 2452 pus
426 2391 541 2437 erat
565 2383 799 2437 mulieris
828 2384 1011 2438 mens?
1038 2384 1303 2453 quomodo
1333 2385 1536 2439 turbata
1562 2394 1676 2437 erat
1703 2382 1879 2437 ratio?

300 2472 571 2542 quomodo
579 2472 769 2528 ﬂuctus
780 2474 1140 2544 erigebantur?
1151 2474 1417 2545 quomodo
1435 2475 1760 2545 naufragium
1775 2489 1879 2528 non

302 2564 450 2631 fecit,
469 2565 563 2621 sed
580 2568 774 2621 mansit
787 2569 934 2637 quasi
954 2568 1236 2622 immobilis
1249 2577 1392 2638 petra
1405 2568 1470 2623 ad
1481 2570 1747 2624 caelestem
1764 2583 1883 2638 gra-

305 2659 431 2713 tiam
466 2673 678 2728 semper
705 2662 986 2729 spectans?
1019 2660 1153 2728 Quid
1173 2671 1348 2716 autem
1369 2662 1540 2716 dicam
1571 2660 1884 2716 mulierem?

306 2749 527 2816 Qualem
544 2753 780 2805 animum
808 2752 1094 2806 verisimile
1120 2762 1202 2806 est
1224 2752 1559 2821 fuissejusto,
1586 2752 1675 2806 illa
1702 2751 1755 2805 in
1783 2750 1882 2805 do-

308 2856 454 2894 mum
476 2840 764 2896 Pharaonis
782 2840 1110 2896 introducta?
1124 2842 1187 2895 Et
1207 2844 1314 2912 ipso
1333 2842 1540 2907 Abram,
1561 2842 1747 2911 inquit,
1768 2842 1887 2893 bene

306 2932 389 2984 usi
409 2941 523 2985 sunt
564 2933 951 3003 prapterillam,
994 2945 1257 3003 tamquam
1308 2933 1471 2989 fratre
1501 2934 1763 2989 videlicet.
1825 2932 1890 2985 Et

308 3028 512 3095 fuerunt
537 3025 581 3077 ei
601 3041 733 3091 oves,
761 3034 808 3077 et
834 3024 997 3090 vituli,
1025 3036 1070 3079 et
1106 3026 1256 3091 asini,
1303 3034 1349 3078 et
1381 3025 1529 3091 servi,
1576 3033 1621 3079 et
1666 3024 1886 3089 ancillre,

310 3126 358 3168 et
384 3114 582 3178 cameli,
626 3124 672 3168 et
715 3115 858 3171 muli.
888 3115 1013 3170 Hazc
1058 3125 1232 3169 autem
1287 3115 1400 3183 ipsa
1447 3130 1564 3185 qua:
1595 3115 1810 3168 honoris
1838 3124 1892 3169 et

312 3206 595 3260 ministerii
625 3207 793 3276 gratia
834 3207 953 3260 data
992 3216 1113 3261 sunt
1139 3206 1226 3272 ei,
1260 3218 1516 3277 quantum
1554 3222 1660 3260 non
1705 3222 1891 3276 rogum

314 3298 374 3349 in
402 3311 468 3349 eo
493 3296 925 3351 succenderunt?
962 3298 1229 3367 quomodo
1257 3308 1433 3352 autem
1460 3313 1564 3350 non
1589 3297 1704 3365 ejus
1730 3312 1892 3351 exns-

314 3388 391 3439 sit
442 3397 675 3442 mentem
697 3427 713 3450 ,
744 3402 840 3442 nec
862 3387 1204 3442 inﬂammavit
1232 3388 1607 3457 cogitationem
1629 3387 1891 3440 donorum

318 3479 621 3547 hujusmodi
652 3481 1065 3549 argumentum?
1111 3481 1297 3535 Vidisti
1341 3480 1605 3550 quomodo
1637 3495 1798 3549 prope
1826 3478 1890 3533 ad

318 3574 483 3625 finem
526 3574 861 3641 pervenerint
906 3572 1179 3640 pericula?
1225 3572 1400 3626 vidisti
1444 3573 1709 3642 quomodo
1751 3571 1895 3625 nulla

319 3665 619 3719 secundum
640 3681 811 3718 rerum
831 3664 1182 3719 humanarum
1200 3666 1391 3719 seriem
1414 3680 1535 3734 spes
1551 3664 1899 3719 correctionis

322 3756 553 3810 relicta?
579 3756 751 3811 vidisti
773 3756 1039 3826 quomodo
1064 3756 1354 3810 secundum
1380 3756 1666 3810 humanam
1688 3756 1896 3826 opinio-

327 3862 454 3901 nem
482 3862 569 3901 res
594 3847 879 3916 deploratae
908 3848 1096 3902 fuere?
1138 3847 1311 3901 vidisti
1355 3847 1619 3917 quomodo
1669 3849 1815 3915 quasi
1849 3847 1900 3901 in

322 3941 501 4010 gulam
526 3938 651 3993 fera:
677 3939 866 3993 mulier
891 3939 1168 3994 inciderit?
1194 3940 1311 3995 vide
1324 3939 1572 4009 deinceps
1588 3938 1903 3994 ineffabilem

328 4029 424 4084 ltei
472 4030 885 4083 misericordiam
911 4072 926 4095 ,
955 4038 1009 4083 et
1036 4030 1347 4098 obstupesce
1376 4030 1623 4098 potentia:
1650 4031 1766 4097 ejus
1793 4044 1905 4082 ma-

324 4120 678 4189 gnitudinem.
730 4121 814 4175 i7.
849 4120 915 4174 Et
950 4121 1158 4191 afflixit,
1188 4120 1385 4189 inquit,
1417 4119 1553 4174 Deus
1583 4119 1906 4173 Pharaonem

326 4212 677 4283 afflictionibus
715 4213 909 4282 magnis
933 4223 978 4265 et
998 4213 1248 4282 gravibus,
1275 4221 1322 4265 et
1342 4212 1543 4264 domum
1570 4212 1679 4281 ejus
1704 4220 1907 4281 prapter

334 4304 525 4358 Saram
567 4320 770 4357 uxorem
820 4305 1024 4357 Abram.
1076 4304 1210 4371 Quid
1236 4314 1318 4358 est
1341 4343 1357 4369 ,
1384 4304 1616 4373 Amisit?
1653 4303 1901 4373 Putnam,

330 4395 540 4464 inquit,
579 4394 752 4465 exegit
797 4394 976 4466 ﬂagitii
1020 4404 1076 4450 et
1101 4395 1222 4449 mali
1261 4406 1502 4449 conatus.
1550 4394 1908 4466 Amic-tionibus

328 4486 530 4556 magnis
565 4501 584 4538 :
611 4502 715 4539 non
748 4486 1058 4555 simpliciter
1094 4488 1296 4556 punivit
1335 4502 1515 4557 regem
1538 4527 1553 4552 ,
1600 4487 1695 4541 sed
1738 4486 1908 4541 Poenis

329 4578 550 4647 magnis.
591 4576 723 4645 Quia
766 4576 1019 4647 ﬂagitium
1064 4594 1168 4632 non
1214 4588 1332 4634 erat
1358 4580 1607 4649 vulgare,
1636 4580 1729 4634 sed
1759 4581 1909 4635 valde

329 4683 603 4737 magnum,
631 4668 750 4721 ideo
774 4681 824 4723 et
846 4683 1001 4738 paena
1026 4684 1235 4739 magna.
1259 4669 1323 4723 Et
1345 4670 1548 4724 domum
1572 4672 1698 4741 ejus,
1723 4672 1906 4741 inquit;

332 4773 441 4812 non
486 4759 657 4829 ipsum
713 4760 910 4829 solum,
961 4761 1056 4815 sed
1080 4759 1146 4812 Et
1187 4762 1388 4813 domum
1429 4761 1556 4830 ejus.
1614 4762 1677 4815 Et
1722 4777 1824 4830 qua
1844 4763 1912 4817 de

330 4864 516 4915 causa,
544 4866 665 4904 cum
695 4866 787 4906 rex
819 4861 1030 4920 peccet,
1059 4866 1245 4905 omnes
1288 4853 1355 4905 de
1396 4853 1555 4906 domo
1583 4854 1697 4922 ejus
1741 4869 1911 4923 paena:

331 4950 461 4993 sunt
489 4942 811 5010 participes?
852 4943 967 4997 Non
1017 4945 1217 5014 absque
1240 4942 1444 4999 ratione
1471 4944 1572 4999 hoc
1600 4960 1809 5015 quoque
1831 4945 1907 5008 fit,

334 5031 432 5084 sed
464 5039 521 5084 ut
549 5047 642 5098 per
667 5032 768 5085 hoc
807 5034 946 5102 regis
998 5034 1200 5087 insania
1250 5044 1639 5103 eompescatur.
1670 5035 1913 5090 Graviori

335 5121 491 5191 plaga
516 5123 801 5192 indigebat,
833 5125 901 5177 ita
935 5133 992 5178 ut
1026 5126 1137 5193 ipse
1182 5140 1213 5178 a
1253 5126 1487 5181 facinore
1532 5126 1910 5181 deterreretur.

337 5213 407 5267 Et
433 5214 545 5281 qui,
571 5214 703 5280 aies,
737 5215 836 5269 hoc
860 5216 1058 5285 justum
1103 5216 1187 5281 sit,
1212 5227 1431 5286 propter
1478 5217 1624 5270 illum
1662 5218 1793 5271 alios
1819 5233 1915 5286 pu-

334 5305 485 5358 niri?
507 5304 623 5359 Non
653 5316 867 5376 pr0pter
895 5307 1040 5362 illum
1084 5310 1253 5361 solum
1291 5323 1502 5378 pinnam
1527 5308 1910 5373 sustinuerunt,

336 5397 435 5449 sed
468 5400 750 5453 verisimile
797 5409 879 5454 est
905 5415 999 5454 eos
1040 5411 1352 5470 cooperatos
1380 5401 1576 5468 fuisse,
1631 5413 1685 5455 ut
1733 5412 1913 5471 postea

336 5490 764 5544 committeretur
784 5491 1045 5560 iniquitas.
1086 5492 1290 5546 Audisti
1315 5493 1458 5547 enim
1499 5508 1655 5563 supra
1676 5494 1913 5562 Scriptu-

292 5593 303 5600 '
341 5596 458 5635 ram
484 5580 745 5636 dicentem
781 5603 794 5638 :
830 5582 897 5637 Ut
922 5583 1148 5637 viderunt
1168 5599 1279 5637 eam
1320 5584 1572 5653 principes
1602 5582 1912 5650 Pharaonis,

342 5672 697 5740 laudauerunt,
749 5684 795 5729 et
834 5676 1218 5731 introduxerunt
1268 5692 1381 5731 eam
1430 5676 1483 5728 in
1528 5676 1733 5728 domum
1783 5677 1913 5745 ejus.

352 5766 569 5825 Vidistis
594 5782 688 5824 eos
709 5768 957 5827 lenonqu
986 5785 1143 5841 agere
1163 5768 1396 5826 officium
1423 5770 1478 5826 in
1499 5769 1639 5840 regis
1665 5770 1911 5842 gratiam,

1283 359 1353 418 IN
1387 361 1539 417 CAP.
1580 360 1698 419 XII.
1734 361 1980 420 GENES.
2020 364 2250 420 IIOMIL.
2291 365 2505 422 XXXII.

3414 364 3520 419 302

1947 478 2239 535 auferendo
2256 480 2389 551 justi
2418 481 2674 536 uxorem?
2717 482 3048 551 Quapmpter
3074 496 3178 536 non
3216 482 3328 554 ipse
3353 485 3518 551 solus,

1948 569 2043 623 sed
2067 578 2122 625 et
2147 585 2335 626 omnes
2351 571 2627 627 domestici
2652 572 2766 640 ejus
2789 588 2957 642 paena:
2986 573 3197 627 fuerunt
3215 571 3519 643 participes,

1951 668 2010 713 ut
2032 659 2299 715 discerent
2326 676 2385 716 se
2411 677 2516 717 non
2540 664 2591 717 in
2614 665 2946 732 peregrinum
2964 664 3273 733 simpliciter
3289 665 3519 718 furorem

1950 764 2106 803 suum
2134 752 2455 814 exercuisse,
2483 768 2656 821 neque
2682 754 2733 808 in
2764 754 3030 809 hominem
3058 770 3088 808 e
3124 753 3301 808 medio
3349 755 3525 822 vulgo,

1954 842 2049 896 sed
2076 842 2126 895 in
2147 843 2318 897 virum
2346 844 2677 898 carissimum
2728 845 2855 909 Deo,
2904 846 2991 915 qui
3038 854 3182 899 tanta
3225 844 3374 899 illum
3402 860 3528 899 cura

1957 932 2287 1001 dignaretur.
2311 933 2378 987 Et
2400 934 2596 989 idcirco
2627 936 2967 989 acerbissima
3016 951 3170 1005 poena
3221 936 3530 989 concutiens

1958 1025 2072 1094 ejus
2102 1034 2354 1089 mentem,
2382 1026 2600 1080 abduxit
2634 1042 2663 1080 a
2693 1026 2894 1081 nefario
2936 1025 3150 1094 ﬂagitio,
3194 1026 3426 1080 coercuit
3465 1026 3532 1079 ab

1960 1118 2252 1172 irrationali
2280 1119 2476 1185 impetu
2497 1160 2513 1184 ,
2544 1118 2781 1173 cohibuit
2816 1119 3226 1172 incontinentem
3259 1126 3528 1179 mentem,

1958 1209 2193 1278 alligavit
2216 1209 2693 1280 concupiscentiam
2721 1210 3049 1275 indomitam,
3077 1208 3362 1263 refrenavit
3387 1205 3539 1261 furo-

1960 1299 2035 1354 ris
2065 1299 2342 1353 insaniam.

2035 1388 2087 1442 7.
2128 1389 2414 1459 Propterea
2452 1389 2571 1445 vide
2607 1398 2800 1459 quanta
2831 1399 3012 1459 postea
3053 1388 3266 1443 lenitate
3306 1386 3540 1455 laquitur

1968 1496 2061 1535 rex
2087 1524 2103 1548 ,
2133 1490 2389 1553 tyrannus
2425 1482 2513 1537 ille
2544 1481 2735 1552 hospiti
2762 1524 2777 1547 ,
2805 1485 2953 1551 quasi
2983 1496 3114 1550 vago
3141 1479 3501 1535 obainbnlanti
3522 1518 3536 1539 ,

1966 1573 2050 1626 cui
2081 1582 2133 1627 et
2165 1588 2380 1627 uxorem
2410 1572 2619 1628 auferre
2645 1588 2807 1627 ausus
2837 1572 2950 1626 fuit.
2985 1572 3049 1625 Et
3079 1571 3213 1624 bene
3238 1570 3366 1624 dixit
3393 1568 3539 1623 Scri-

1970 1674 2143 1736 ptura,
2175 1666 2361 1735 Afﬂixit
2404 1665 2725 1719 Pharaonem
2768 1677 2814 1719 et
2858 1667 3062 1718 domum
3106 1665 3213 1735 ejus
3256 1663 3317 1715 ob
3357 1662 3542 1715 Suram

1970 1775 2174 1811 uxorem
2233 1758 2398 1811 Abi'tB.
2452 1758 2677 1811 Sensum
2723 1757 2771 1811 ei
2819 1772 2971 1825 pecua
3013 1765 3263 1823 prarstat,
3309 1751 3448 1819 quod
3476 1751 3544 1803 sit

1971 1848 2268 1916 uxorjusti.
2296 1848 2500 1901 Etenim
2524 1848 2646 1901 etin
2671 1846 2883 1900 domum
2910 1844 3198 1899 Pharaonis
3226 1844 3540 1904 introducta,

1972 1942 2169 1995 mansit
2190 1957 2321 1995 uxor
2344 1941 2492 2010 justi.
2518 1942 2605 1996 i8.
2629 1939 2754 1994 Cum
2771 1948 2987 1993 vocasset
3012 1947 3177 1991 autent
3206 1936 3388 1989 Abram
3408 1933 3548 1986 Pha-

1974 2049 2085 2097 rao,
2112 2034 2238 2086 dixit
2263 2034 2343 2086 ei:
2367 2032 2533 2096 Quare
2557 2032 2649 2084 hoc
2673 2031 2835 2099 fecisti
2861 2028 3019 2081 mihi?
3042 2028 3171 2081 Vide
3193 2027 3365 2095 qualia
3389 2026 3549 2079 verba

1977 2139 2072 2178 rex
2094 2122 2363 2194 profatur:
2386 2122 2554 2190 Quare
2570 2124 2662 2176 hoc
2678 2122 2837 2193 fecisti
2860 2120 3025 2173 mihi?
3053 2118 3240 2187 inquit.
3260 2118 3437 2186 Egone
3461 2113 3551 2167 tibi

1980 2214 2102 2281 feci,
2135 2217 2224 2283 qui
2253 2214 2560 2284 peregrinus
2583 2254 2597 2272 ,
2625 2213 2714 2280 qui
2745 2212 2869 2265 nulli
2904 2218 3058 2263 notus
3078 2250 3092 2274 ,
3124 2209 3213 2277 qui
3239 2216 3454 2277 prOpter
3479 2205 3554 2256 fa-

1980 2321 2119 2358 mem
2147 2304 2330 2358 adsum
2356 2346 2369 2367 ,
2414 2304 2503 2357 tibi
2539 2304 2681 2372 regi,
2710 2312 2933 2373 tyranno
2956 2342 2971 2365 ,
3000 2310 3054 2354 et
3090 2299 3370 2368 imperanti
3396 2310 3557 2365 super

1982 2394 2306 2467 Egyptum?
2326 2394 2458 2462 Quid
2485 2393 2583 2447 feci
2612 2394 2703 2447 tibi
2723 2392 2838 2447 ?Tu
2861 2392 2988 2445 mihi
3010 2388 3273 2444 abstulisti
3300 2402 3516 2441 uxorein
3540 2404 3553 2437 :

1984 2486 2121 2538 sicut
2144 2487 2476 2554 peregrinum
2508 2499 2592 2537 me
2616 2483 2919 2551 despexisti,
2948 2479 3336 2548 contempsisti,
3366 2477 3560 2530 nullius

1986 2576 2237 2629 momenti
2268 2589 2353 2628 me
2384 2573 2609 2628 habuisti
2639 2592 2653 2628 :
2686 2572 2903 2627 omnino
2948 2568 3319 2638 intemperanti
3360 2580 3560 2620 concu-

1988 2666 2257 2737 piscentia:
2286 2675 2388 2720 tuae
2416 2666 2741 2734 obsequutus
2767 2678 2859 2728 es,
2894 2671 2950 2717 et
2978 2678 3097 2731 qua:
3127 2660 3217 2714 tibi
3249 2658 3557 2728 placebant,

1988 2770 2150 2826 opere
2179 2755 2393 2810 volebas
2420 2756 2709 2823 complere.
2737 2752 2998 2820 Quidnam
3022 2765 3149 2819 ergo
3177 2750 3274 2803 feci
3298 2747 3427 2801 tibi?
3456 2746 3564 2799 Ma-

1988 2862 2112 2916 gna,
2141 2846 2343 2916 inquit,
2371 2845 2497 2899 tnihi
2528 2844 2694 2900 fecisti
2715 2886 2730 2910 ,
2761 2853 2816 2898 et
2838 2842 3015 2913 gravia
3044 2844 3095 2896 in
3119 2857 3204 2895 me
3229 2837 3560 2893 commisisti.

1991 2936 2125 2991 Vide
2162 2947 2360 3005 quanta
2406 2920 2582 2989 rerum
2623 2934 2976 2989 vicissitudo:
3017 2948 3107 2991 rex
3152 2932 3355 3002 privato
3392 2928 3518 2981 dicit
3549 2944 3562 2979 :

1991 3028 2126 3095 Quid
2151 3027 2321 3083 fecisti
2348 3026 2475 3080 mihi
2502 3026 2526 3078 Ἰ
2559 3027 2744 3088 Deum,
2772 3025 2962 3094 inquit,
2986 3023 3254 3076 inimicum
3288 3017 3415 3072 mihi
3444 3017 3568 3072 red-

1991 3118 2191 3180 didisti,
2212 3119 2341 3172 iram
2363 3121 2477 3186 ejus
2493 3132 2653 3186 super
2677 3131 2762 3169 nte
2788 3114 3059 3179 induxisti,
3083 3127 3252 3180 patum
3278 3109 3565 3162 obnoxium

1995 3226 2079 3264 me
2102 3209 2395 3272 reddidisti,
2423 3208 2592 3262 fecisti
2612 3216 2666 3261 ut
2690 3220 2897 3275 pmnam
2919 3206 3090 3258 lueret
3116 3212 3219 3255 tota
3244 3216 3361 3253 mea
3380 3200 3571 3253 domus

1995 3316 2179 3355 eorum
2206 3316 2324 3371 qua:
2366 3300 2417 3353 in
2458 3309 2509 3353 te
2538 3299 2763 3352 admissa
2795 3306 2936 3351 sunt.
2967 3295 3067 3348 Cur
3097 3296 3189 3348 hoc
3220 3294 3342 3345 mihi
3372 3291 3572 3361 fecisti?

2001 3392 2171 3460 Quare
2202 3408 2303 3445 non
2330 3392 2639 3444 annuntiasti
2666 3391 2790 3442 mihi
2818 3389 2950 3457 quod
2983 3403 3113 3440 uxor
3150 3396 3233 3437 tua
3272 3383 3443 3437 esset?
3483 3380 3568 3434 19.

2003 3485 2171 3552 Quare
2197 3482 2369 3536 dixiin
2392 3498 2410 3536 :
2435 3482 2593 3537 Soror
2621 3497 2729 3534 mea
2755 3479 2862 3533 est?
2892 3489 2938 3532 et
2963 3478 3133 3547 accepi
3156 3491 3267 3529 eam
3300 3475 3420 3527 inihi
3446 3488 3574 3524 uxo-

1998 3592 2121 3629 rem.
2142 3575 2274 3644 Ego,
2295 3573 2479 3643 inquit,
2504 3573 2652 3642 quasi
2679 3587 2916 3626 sororem
2936 3582 3075 3623 tuam
3097 3566 3335 3621 volebam
3357 3565 3569 3617 ducere.

2002 3667 2070 3721 At
2096 3666 2235 3720 unde
2260 3665 2486 3720 didicisti
2516 3678 2731 3718 uxorem
2762 3678 2879 3717 esse
2902 3661 3072 3730 juSti?
3100 3659 3250 3713 Ultor
3286 3664 3444 3709 tanta:
3472 3654 3573 3706 ini-

2002 3757 2215 3827 quitatis
2235 3798 2250 3822 ,
2281 3756 2365 3811 ille
2393 3756 2520 3810 mihi
2550 3770 2663 3808 rem
2695 3752 2957 3807 indicavit.
2986 3751 3087 3805 Car
3111 3748 3270 3820 fecisti
3300 3745 3422 3799 mihi
3447 3745 3574 3806 hoc,

2005 3861 2049 3902 et
2077 3865 2174 3902 non
2194 3848 2428 3901 indicasti
2452 3847 2573 3899 mihi
2593 3846 2726 3916 quod
2748 3862 2876 3899 uxor
2896 3856 2983 3896 tua
3011 3852 3132 3896 esset
3151 3841 3176 3893 ?
3203 3850 3248 3893 et
3279 3838 3447 3906 accepi
3469 3848 3578 3889 eum

2006 3939 2130 3991 mihi
2157 3939 2256 4009 ipsi
2280 3954 2487 3991 uxorem
2515 3946 2844 4004 peccaturus.
2877 3932 3035 4000 Quasi
3061 3946 3298 3986 sororem
3322 3938 3464 3981 tuam
3488 3926 3581 3977 lia-

2007 4033 2211 4086 biturus
2254 4031 2355 4084 hoc
2397 4028 2511 4085 feci.
2544 4028 2771 4087 Attende
2797 4026 3062 4096 quomodo
3087 4020 3327 4092 supplicii
3353 4018 3582 4089 gravitas

2008 4123 2275 4177 Concussit
2301 4120 2418 4188 ejus
2448 4129 2698 4184 mentem,
2731 4119 2801 4171 ita
2832 4125 2888 4169 ut
2913 4127 2967 4169 et
2990 4116 3136 4184 justo
3164 4113 3422 4167 rationem
3454 4107 3579 4162 red-

2008 4217 2198 4279 deret,
2239 4224 2294 4269 et
2330 4228 2488 4268 omne
2511 4227 2635 4282 erga
2662 4227 2783 4266 eum
2814 4209 3106 4264 declararet
3145 4203 3398 4259 officium.
3423 4199 3583 4271 Atqui

2011 4307 2112 4363 nisi
2142 4307 2232 4361 Dei
2259 4304 2443 4359 fuisset
2470 4304 2635 4374 gratia
2660 4344 2677 4369 ,
2700 4318 2819 4372 qua:
2847 4309 3080 4354 mentem
3102 4296 3217 4366 ejus
3242 4292 3547 4349 emolliebat
3567 4331 3582 4353 ,

2011 4408 2065 4453 et
2094 4408 2292 4452 metum
2321 4395 2395 4449 illi
2417 4393 2723 4457 incutiebat,
2750 4404 3081 4459 consequens
3110 4395 3367 4441 eratcum
3391 4384 3442 4435 in
3475 4395 3587 4434 ma—

2008 4490 2180 4559 jorem
2225 4485 2459 4540 furorem
2506 4484 2775 4538 inductum
2813 4480 2963 4551 quasi
3009 4479 3346 4545 deceptorem
3383 4475 3586 4541 justum

2014 4581 2319 4651 puniturom
2349 4577 2545 4641 fuisse,
2584 4585 2638 4630 et
2665 4573 2920 4629 extremis
2948 4572 3258 4624 ali'ectnrum
3289 4562 3585 4634 suppliciis.

2012 4673 2083 4725 At
2109 4669 2237 4723 nihil
2264 4669 2450 4722 horum
2475 4666 2596 4721 fecit
2621 4684 2635 4719 :
2665 4667 2824 4719 timor
2846 4663 2988 4718 enim
3020 4658 3259 4729 supplicii
3287 4655 3587 4709 inflamma-

2016 4774 2120 4818 tam
2151 4765 2266 4831 ejus
2291 4763 2421 4817 iram
2456 4759 2708 4828 repressit
2734 4766 2788 4811 et
2814 4754 3059 4811 restinxit
3089 4770 3102 4805 :
3134 4749 3273 4804 unde
3297 4760 3457 4800 unum
3490 4743 3591 4796 hoc

2014 4856 2251 4921 curabat,
2275 4862 2332 4908 ut
2349 4868 2472 4922 erga
2496 4852 2695 4921 justum
2716 4849 2983 4903 officiosus
3003 4854 3161 4897 esset.
3192 4839 3425 4894 Rescivit
3445 4835 3588 4889 enim

2016 4948 2227 5001 tandem
2253 4988 2266 5008 ,
2296 4960 2401 4999 non
2429 4959 2546 4999 esse
2568 4942 2818 5013 possibile
2840 4954 2960 4993 eum
2991 4937 3263 5005 vulgarem
3289 4929 3590 5000 quempiam

2015 5053 2137 5092 esse
2160 5077 2176 5103 ,
2213 5038 2299 5105 qui
2344 5045 2485 5089 tanta
2523 5047 2749 5102 superna
2788 5028 3154 5085 benevolentia
3195 5021 3474 5077 frueretur.
3526 5017 3592 5071 Et

2018 5143 2149 5179 nunc
2188 5142 2300 5178 ecce
2335 5141 2464 5178 uxor
2496 5132 2581 5175 tua
2615 5138 2785 5175 coram
2821 5129 2865 5172 te
2888 5160 2902 5182 ,
2937 5127 3141 5186 accepta
3178 5130 3236 5169 ea
3277 5114 3413 5166 ocius
3442 5109 3585 5162 vade.

2016 5219 2166 5276 Nunc
2188 5261 2202 5285 ,
2232 5218 2401 5287 inquit
2422 5258 2436 5279 ,
2464 5214 2584 5285 quia
2612 5213 2833 5284 cognovi
2864 5227 2969 5266 non
2997 5225 3118 5264 esse
3142 5221 3380 5262 sororem
3409 5213 3549 5256 tuam
3574 5242 3590 5276 ,

2015 5311 2111 5366 sed
2138 5324 2355 5364 uxorem
2377 5350 2391 5371 ,
2419 5321 2545 5361 ecce
2580 5306 2742 5363 habes
2767 5320 2905 5359 eam.
2937 5301 3119 5371 Neque
3146 5299 3285 5353 enim
3314 5296 3418 5349 ulla
3450 5295 3504 5348 in
3533 5308 3592 5344 re

2016 5401 2287 5467 detur-pavi
2313 5398 2612 5466 conjugium
2640 5407 2896 5459 vestrum,
2926 5407 3097 5462 neque
3123 5386 3319 5460 privavi
3346 5397 3396 5439 te
3427 5397 3593 5438 uxore

2018 5502 2125 5546 tua.
2159 5492 2263 5546 Sed
2288 5505 2399 5543 ecce
2426 5505 2553 5543 uxor
2577 5498 2663 5540 tua
2680 5503 2851 5540 coram
2876 5497 2943 5551 te,
2972 5492 3176 5552 accepta
3200 5496 3258 5533 ea
3282 5478 3418 5532 ocius
3444 5476 3590 5528 vade.

2017 5584 2146 5652 Qute
2172 5596 2322 5636 mens
2349 5580 2543 5651 poterit
2566 5579 2721 5648 digne
2748 5593 2869 5647 qua:
2893 5576 3026 5630 facta
3056 5582 3180 5628 sunt
3206 5568 3479 5630 admirari,
3504 5574 3595 5617 aut

2015 5690 2135 5748 qua:
2155 5674 2332 5742 lingua
2355 5671 2667 5728 miraculum
2689 5669 2881 5725 valebit
2899 5665 3186 5727 enarrare?
3208 5663 3395 5717 Mulier
3410 5659 3594 5727 Splen-

2026 5770 2147 5827 dida
2183 5770 2351 5825 forma
2378 5766 2535 5823 simul
2559 5780 2677 5822 cum
2703 5763 2819 5821 viro
2848 5761 3133 5836 Egyptio,
3166 5768 3221 5815 et
3244 5770 3369 5825 rege
3388 5794 3403 5820 ,
3428 5761 3483 5806 et
3511 5762 3597 5822 ty—
