4062 6396
511 437 612 492 503

505 564 694 612 ramio,
723 556 777 602 et
803 546 879 600 sic
899 543 1107 606 insano,
1128 547 1181 593 et
1207 535 1593 592 incontinenter
1615 529 1806 585 alfecto
1827 541 2084 584 concumv

504 645 637 698 bons
659 684 673 708 ,
727 641 920 694 intacta
965 633 1253 705 egreditur,
1299 638 1505 687 servata
1531 626 1772 680 castitate
1797 637 1914 677 sua.
1945 620 2088 676 Talia

503 737 668 796 enim,
696 732 834 786 sicut
862 729 1005 799 prius
1033 725 1141 780 dixi
1163 766 1176 785 ,
1209 731 1332 776 sunt
1355 734 1472 791 quat
1499 735 1529 773 a
1559 720 1668 773 Deo
1692 717 2089 785 dispensantnr,

507 843 624 883 rara
646 838 859 894 semper
884 831 938 875 et
965 816 1293 875 admirabilia
1322 831 1336 868 :
1365 823 1419 868 et
1442 811 1656 881 quando
1680 808 1817 878 apud
1850 807 2094 860 homines

505 923 842 989 desperatum
873 923 954 968 est
978 954 992 975 ,
1023 921 1148 965 tunc
1175 909 1422 963 invictam
1451 906 1501 959 in
1517 902 1776 959 omnibus
1802 898 2091 969 potentiam

505 1028 656 1067 suam
701 1011 843 1064 Deus
881 1005 1135 1062 declarat.
1185 1002 1469 1057 Enimvero
1511 998 1647 1051 sicut
1690 991 2004 1046 admirabile
2043 997 2096 1043 et

489 1118 685 1159 'rarum
716 1110 833 1156 erat
860 1098 1044 1154 videre
1064 1097 1233 1149 virum
1259 1090 1644 1146 desideriorum
1672 1095 1814 1140 stare
1845 1085 1896 1138 in
1921 1083 2097 1136 medio

509 1199 737 1249 ferarum
767 1193 785 1263 (
811 1190 947 1245 Dan.
975 1188 1098 1257 14),
1125 1197 1179 1242 et
1205 1184 1335 1239 nihil
1363 1182 1493 1253 pati,
1522 1179 1615 1236 sed
1646 1177 1795 1248 quasi
1823 1189 1950 1230 oves
1974 1187 2094 1227 eum

507 1285 1029 1348 circumstetissent,
1076 1282 1147 1335 ita
1192 1279 1414 1334 illaesum
1461 1271 1637 1343 egredi
1668 1287 1699 1325 e
1726 1271 1883 1331 lacu;
1911 1275 1962 1320 ct
1990 1273 2098 1318 tres

493 1396 704 1452 pueros
745 1379 796 1433 in
825 1375 1036 1432 camino
1063 1372 1212 1443 quasi
1246 1371 1296 1423 in
1339 1376 1490 1437 prato
1519 1374 1575 1419 et
1602 1366 1653 1419 in
1681 1363 1836 1416 horto
1859 1359 2097 1423 versari,

493 1482 564 1530 ‘et
590 1473 720 1528 nihil
764 1472 833 1526 ab
860 1471 980 1540 igne
1009 1467 1130 1522 lzedi
1157 1464 1176 1534 (
1195 1461 1281 1516 Id.
1305 1457 1345 1517 Β
1368 1462 1388 1534 )
1410 1502 1425 1522 .
1456 1459 1549 1514 sed
1597 1455 1774 1528 egredi
1803 1452 1931 1508 inde
1962 1461 2098 1504 tam-

512 1583 671 1637 quam
699 1574 900 1620 statuas
928 1579 941 1616 :
975 1558 1194 1630 perinde
1225 1557 1295 1610 ita
1322 1552 1671 1608 admiratione
1695 1548 1911 1619 dignum
1937 1555 2020 1600 est
2048 1553 2102 1598 et

499 1660 617 1715 'hoe
657 1657 900 1720 facinus,
945 1650 1086 1722 quod
1126 1648 1255 1721 justi
1306 1661 1439 1701 uxor
1486 1645 1684 1697 nullam
1725 1637 2100 1695 contumeliam

515 1759 734 1820 experta
778 1763 807 1801 a
847 1760 971 1815 rege
1000 1741 1252 1813 Egyptio
1282 1781 1297 1805 ,
1344 1746 1571 1808 tyranno
1599 1775 1614 1799 ,
1671 1734 2058 1799 intemperante
2083 1766 2101 1792 ,

516 1840 709 1897 exierit
745 1839 911 1893 salva.
946 1837 1084 1890 Dens
1113 1833 1252 1888 enim
1281 1840 1394 1886 erat
1419 1829 1510 1898 qui
1544 1824 1771 1881 faciebat
1798 1822 1976 1878 omnia
2004 1863 2019 1887 ,
2052 1828 2106 1875 et

519 1933 571 1986 in
599 1931 758 1986 inviis
779 1930 916 1982 viam
941 1927 1120 1989 dabat,
1139 1923 1226 1994 qui
1251 1937 1398 1991 Spem
1421 1921 1844 1986 bouam‘semper
1865 1915 1916 1968 in
1944 1912 2106 1969 rebus

519 2025 807 2096 deploratis
835 2021 1026 2076 afferre
1049 2018 1208 2074 va‘let.
1240 2015 1302 2072 Et
1333 2033 1485 2075 nunc,
1516 2014 1708 2083 inquit,
1735 2027 1845 2066 ecce
1870 2025 2000 2063 uxor
2021 2019 2108 2062 tua

504 2134 690 2172 -coram
719 2126 785 2180 te,
814 2124 1016 2184 accepta
1041 2129 1100 2166 ea
1128 2113 1264 2165 ocius
1293 2109 1439 2164 vade.
1471 2101 1547 2162 Ne
1569 2105 1845 2161 existimes
1868 2143 1884 2169 ,
1917 2102 2106 2172 inquit,

523 2221 575 2266 te
600 2226 629 2264 a
659 2209 814 2263 nobis
844 2206 1033 2276 injuria
1063 2203 1308 2258 affectum
1339 2217 1478 2255 esse.
1516 2199 1647 2253 Nam
1693 2197 1816 2251 licet
1835 2206 1937 2265 per
1962 2195 2112 2262 igno-

509 2305 746 2358 ‘rantiam
775 2299 1212 2356 attentm-erinms
1238 2311 1356 2364 quin
1400 2294 1533 2348 facta
1573 2300 1695 2345 sunt
1725 2333 1738 2352 ,
1769 2304 1908 2342 nunc
1935 2297 2108 2340 tamen

525 2412 649 2450 ecce
672 2394 1014 2464 cognovimus
1039 2406 1196 2460 quem
1221 2387 1420 2443 habeas
1440 2385 1801 2440 defensorem:
1823 2380 2113 2452 indignatio

514 2488 666 2543 enim
693 2502 812 2556 qua:
838 2485 888 2537 in
915 2499 1012 2537 nos
1039 2480 1260 2536 desaevit
1283 2521 1298 2543 ,
1331 2477 1510 2532 docuit
1537 2492 1632 2530 nos
1654 2484 1906 2545 quantum
1933 2473 2115 2542 gratia:

528 2579 619 2632 tibi
645 2580 714 2631 sit
743 2576 879 2644 apud
911 2576 1078 2630 Deum
1106 2573 1366 2626 omnium.
1391 2574 1618 2637 Accepta
1647 2568 1804 2637 igitur
1834 2579 2000 2619 uxore
2028 2570 2116 2617 tua

517 2671 677 2724 ocius
699 2668 849 2724 vade.
869 2666 1146 2722 Terribilis
1180 2673 1360 2734 postea
1379 2673 1494 2717 erat
1519 2662 1596 2716 eis
1614 2661 1807 2730 justus,
1837 2666 2115 2728 pr0ptcrea

529 2762 733 2830 magnis
776 2758 964 2812 officiis
997 2773 1120 2813 eum
1159 2753 1404 2825 prosequi
1434 2751 1762 2807 contendunt
1790 2791 1805 2816 ,
1847 2750 2119 2820 placantes

533 2857 699 2923 ipsius
744 2854 1021 2907 Dominmn
1064 2859 1285 2923 pmpter
1324 2863 1385 2904 ea
1431 2861 1550 2917 quae
1594 2846 1646 2899 in
1700 2844 1848 2898 illum
1892 2839 2118 2896 commi-

531 2953 731 3000 serant.

606 3036 659 3090 8.
694 3033 905 3096 Vidisti,
931 3032 1122 3088 dilecte
1146 3071 1160 3095 ,
1191 3036 1446 3100 quantum
1473 3027 1669 3081 bonum
1695 3024 1764 3078 sit
1787 3021 2038 3092 patientia
2068 3029 2124 3076 et

535 3125 974 3198 perseverantia?
1001 3123 1119 3188 llic,
1147 3135 1350 3192 qureso,
1383 3133 1587 3173 memor
1608 3124 1724 3172 esto
1752 3115 2035 3169 verborum
2061 3113 2126 3168 il-

538 3220 710 3274 lorum
738 3233 855 3287 qua:
886 3214 1182 3286 patriarcha
1208 3211 1418 3267 dicebat
1447 3209 1734 3281 {Egyptum
1760 3207 2124 3277 ingressurus:

541 3309 663 3365 Scio
698 3307 833 3378 quod
870 3307 1050 3359 mulier
1078 3305 1293 3376 pulchra
1319 3303 1430 3358 sis:
1460 3303 1686 3371 futurum
1732 3309 1804 3354 est
1842 3300 2008 3369 itaque
2027 3339 2042 3361 ,
2072 3306 2127 3351 ut

539 3415 656 3455 eum
683 3409 729 3453 te
753 3399 964 3452 viderint
985 3395 1244 3467 Egyptii,
1276 3411 1355 3448 me
1377 3393 1580 3463 quidem
1608 3391 1860 3453 occidant,
1891 3400 1938 3444 te
1959 3399 2126 3443 autem

539 3499 752 3545 servent.
779 3487 884 3542 Illis
902 3487 1060 3558 igitur
1080 3487 1129 3539 in
1155 3493 1330 3539 mente
1349 3482 1656 3553 resumptis,
1671 3479 1951 3535 considera
1967 3479 2127 3533 etiam

541 3599 662 3651 qua:
692 3596 832 3635 nunc
863 3579 994 3632 fiunt
1014 3620 1028 3642 ,
1061 3586 1116 3632 et
1151 3576 1416 3630 admirare
1443 3574 1600 3628 simul
1637 3571 1764 3642 justi
1795 3571 2128 3627 tolerantiam

544 3683 598 3726 et
615 3671 972 3728 misericordis
997 3669 1088 3724 Dei
1113 3670 1382 3734 virtutem,
1401 3674 1596 3736 quanta
1624 3679 1744 3719 cum
1764 3662 1928 3732 gloria
1957 3659 2132 3716 redire

543 3776 692 3820 curet
717 3766 913 3834 justum
941 3808 954 3825 ,
981 3764 1069 3833 qui
1099 3777 1218 3818 ctnn
1249 3769 1396 3814 tanto
1425 3760 1612 3812 timore
1638 3765 1692 3811 et
1719 3765 1861 3810 metu
1892 3759 2132 3809 venerat.

543 3860 633 3913 2t).
665 3859 730 3912 Et
760 3858 1014 3928 prmerpit.
1049 3856 1236 3925 inquit,
1271 3851 1476 3906 Pharao
1502 3851 1627 3905 viris
1651 3865 1802 3920 super
1825 3847 2048 3908 Abram,
2081 3854 2136 3898 ut

545 3952 664 4005 inde
689 3951 937 4004 deducant
963 3965 1078 4000 eum
1100 3989 1113 4010 ,
1143 3956 1188 4001 et
1215 3961 1424 4000 uxorem
1450 3945 1561 4013 ejus
1580 3984 1594 4008 ,
1622 3952 1668 3996 et
1693 3941 1863 3995 omnia
1886 3954 2000 4009 qua!
2025 3942 2133 4004 eius

548 4052 724 4104 erant,
753 4051 799 4094 et
833 4040 924 4094 Lot
951 4056 1064 4093 cum
1106 4056 1182 4091 eo.
1213 4037 1399 4106 Magna
1425 4050 1544 4090 cum
1571 4032 1812 4088 claritate
1839 4041 1892 4086 et
1927 4031 2092 4100 gloria
2117 4069 2132 4092 ,

552 4133 1008 4202 locupletatusque
1034 4128 1232 4183 divitiis
1264 4126 1400 4181 redit
1421 4125 1596 4193 justus
1623 4140 1636 4177 :
1667 4133 1718 4177 et
1745 4121 1804 4175 fit
1830 4121 2019 4175 doctor
2047 4133 2140 4188 per

554 4240 617 4280 ea
647 4239 764 4294 qua:
799 4222 1138 4291 contigerunt
1163 4260 1176 4281 ,
1209 4233 1316 4271 non
1345 4215 1518 4269 solum
1546 4212 1826 4284 Egyptiis,
1858 4210 1950 4265 sed
1978 4209 2139 4264 etiam

555 4315 802 4372 ohmibus
826 4315 916 4386 qui
945 4315 998 4368 in
1027 4313 1217 4367 itinere
1248 4316 1402 4364 erant
1421 4349 1435 4371 ,
1465 4316 1520 4363 et
1548 4307 1611 4360 iis
1637 4304 1727 4375 qui
1770 4305 1820 4358 in
1860 4301 2142 4356 Palaestina

557 4407 881 4463 habitabant.
926 4404 1057 4460 Nam
1082 4409 1338 4472 quotquot
1366 4398 1606 4452 viderant
1639 4411 1760 4450 eum
1801 4391 2011 4463 quando
2045 4391 2140 4445 de-

559 4499 767 4556 scendit
811 4497 948 4551 fame
981 4503 1196 4549 coactus
1220 4533 1236 4555 ,
1273 4493 1464 4544 timore
1495 4498 1549 4543 et
1576 4497 1804 4540 tremore
1830 4489 2106 4550 correptus
2127 4521 2142 4544 ,

558 4609 698 4648 nunc
725 4607 850 4645 vero
872 4589 1182 4643 redeuntem
1217 4600 1338 4639 cum
1370 4592 1512 4636 tanta
1541 4578 1783 4635 claritate
1808 4586 1860 4631 et
1888 4574 2149 4629 facultati-

560 4687 659 4738 lms
693 4693 745 4738 et
784 4681 982 4736 divitiis
1005 4720 1021 4745 ,
1065 4678 1340 4733 discebant
1373 4674 1622 4728 virtutem
1663 4669 2008 4740 providentia
2051 4665 2146 4720 Dei

559 4792 683 4847 erga
707 4776 875 4829 illum.
909 4772 1037 4841 Quis
1066 4770 1196 4824 vidit
1222 4765 1512 4836 umquam?
1532 4763 1651 4833 quis
1665 4759 1903 4817 audivit?
1929 4758 2072 4814 Abiit
2094 4767 2152 4813 ut

561 4869 754 4923 famem
786 4883 936 4921 suam
965 4866 1265 4932 mitigaret;
1296 4868 1352 4915 et
1378 4859 1576 4914 divitiis
1602 4854 1879 4911 abundans
1906 4851 2150 4908 ineffabi-

565 4963 704 5029 lique
730 4973 850 5013 cum
878 4957 1043 5025 gloria
1076 4952 1229 5009 redit.
1263 4951 1341 5006 Ne
1369 4949 1649 5005 admireris
1667 4989 1680 5011 ,
1707 4946 1902 5001 dilecte
1925 4985 1941 5009 ,
1973 4958 2039 4997 ne
2070 4941 2150 4996 fa-

564 5063 707 5107 ctum
737 5051 837 5104 hoc
868 5051 938 5102 ita
972 5045 1293 5116 stupendum
1321 5042 1413 5097 tibi
1442 5040 1681 5095 videatur
1707 5056 1719 5092 :
1753 5038 1860 5092 imo
1886 5034 2152 5090 admirare

565 5154 620 5198 et
644 5144 982 5211 obstupesee,
1009 5147 1064 5194 et
1087 5137 1297 5193 celebra
1327 5133 1626 5190 communis
1650 5131 1886 5186 omnium
1914 5136 2155 5181 nostrum

570 5235 778 5288 Domini
825 5234 1094 5286 virtutem.
1149 5231 1216 5284 Et
1263 5229 1383 5284 vide
1435 5228 1596 5281 etiam
1644 5224 1785 5278 illius
1823 5232 2041 5290 nepotes
2087 5219 2156 5272 ob

567 5326 810 5382 eamdem
841 5325 993 5378 famis
1013 5323 1382 5378 necessitatem
1406 5320 1456 5373 in
1485 5317 1772 5388 Egyptum
1795 5310 2155 5374 descendisse,

570 5426 623 5472 et
648 5431 770 5472 cum
795 5417 863 5471 ibi
891 5416 940 5468 in
967 5413 1110 5483 gravi
1132 5411 1387 5466 servitute
1407 5409 1683 5474 vixissent,
1707 5406 2004 5473 multasque
2034 5418 2158 5472 per-

573 5511 817 5564 tulissent
833 5523 1118 5570 :erumuas,
1139 5504 1469 5560 facultatibus
1485 5511 1670 5556 auctos
1688 5497 1896 5554 tandem
1915 5496 2159 5551 rediisse.

575 5601 717 5654 Talis
751 5601 890 5653 enim
921 5608 1002 5653 est
1048 5595 1468 5665 sapicntissinms
1514 5593 1652 5646 Deus
1693 5598 1908 5653 noster,
1951 5585 2164 5656 quando

581 5694 830 5761 permittit
863 5691 1042 5760 augeri
1071 5699 1124 5744 et
1149 5686 1450 5743 coacervari
1485 5683 1754 5740 molestias
1778 5724 1792 5746 ,
1822 5690 1946 5735 tunc
1972 5681 2162 5732 iterum

580 5788 815 5838 discussa
863 5791 1217 5853 tempestate,
1262 5777 1603 5835 serenitatem
1647 5788 1934 5844 rerumque
1974 5771 2163 5826 miram

583 5875 1002 5930 vicissitudinem
1031 5872 1174 5941 facit,
1196 5871 1395 5927 docens
1425 5884 1522 5925 nos
1538 5883 1646 5925 suae
1676 5867 1927 5937 potentia:
1956 5863 2165 5939 magni-

1285 421 1341 477 S.
1381 416 1657 475 JOANNIS
1693 409 2168 471 CllRYSOSTOiil
2209 403 2527 463 ARCHIEP.
2567 395 3105 458 CONSTANTlNOP.

3675 387 3774 441 501

2196 522 2453 577 tudinem.
2473 520 2524 573 1.
2548 517 2566 586 (
2590 515 2716 585 Cap.
2740 516 2845 584 15)
2869 509 3100 566 Ascendit
3129 516 3292 561 autem
3310 505 3495 559 Abram
3523 519 3587 556 ea:
3609 502 3778 571 Az‘gy-

2196 624 2302 685 pto,
2325 612 2432 680 ipse
2463 621 2509 666 et
2533 625 2664 664 uxor
2685 611 2793 680 ejus
2817 649 2830 671 ,
2858 617 2903 658 et
2934 604 3102 658 ontnia
3127 617 3239 670 qua:
3264 600 3374 668 ejus
3401 610 3541 651 erant
3563 637 3579 659 ,
3613 606 3657 648 et
3687 593 3783 646 Lat

2197 715 2313 758 cum
2353 720 2410 757 eo
2433 743 2448 770 ,
2501 703 2554 755 in
2582 700 2920 756 solitudinem.
2969 694 3276 764 Opportune
3307 690 3393 743 bic
3431 689 3549 759 quis
3568 701 3787 740 accom-

2199 798 2427 854 modarit
2455 795 2615 850 verba
2646 793 2735 848 illa
2759 835 2774 858 ,
2806 806 2923 860 qua:
2951 791 3134 843 heatns
3165 783 3328 839 David
3357 783 3419 836 iis
3443 781 3531 851 qui
3558 794 3588 835 e
3615 779 3789 850 Baby-

2198 891 2372 945 lonica
2408 887 2653 942 redibant
2693 884 2996 953 captivitate
3036 878 3284 932 dicebat:
3316 874 3417 939 Qui
3459 873 3708 924 seminam
3733 873 3790 920 in

2203 981 2463 1052 lacrymis,
2491 980 2544 1033 in
2572 975 2906 1032 exsultatione
2935 980 3135 1024 nictent.
3158 968 3349 1022 Enntes
3368 967 3504 1018 ibant
3529 974 3574 1016 et
3600 962 3789 1032 ﬂebant

2203 1075 2449 1127 mittentes
2467 1071 2657 1124 semina
2678 1085 2786 1123 sua.
2816 1065 3074 1120 Venientes
3099 1074 3264 1115 autem
3279 1061 3470 1114 venient
3489 1060 3538 1110 in
3561 1057 3790 1110 exsulta-

2205 1169 2360 1234 tione,
2382 1175 2628 1237 gestantes
2648 1161 2933 1226 manipulos
2954 1175 3071 1213 suos
3095 1153 3405 1228 (Psal.125.
3421 1153 3472 1207 5.
3499 1151 3576 1220 6).
3604 1149 3790 1204 Vidisti

2203 1259 2518 1315 descensum
2551 1256 2813 1309 anxietate
2841 1263 2996 1321 atque
3024 1249 3212 1302 timore
3239 1247 3471 1316 plenum,
3501 1243 3786 1296 habentem

2207 1365 2386 1405 secum
2413 1359 2465 1402 et
2493 1346 2679 1401 mortis
2708 1339 3088 1399 formidinem?
3118 1339 3248 1393 Vide
3270 1351 3408 1390 nunc
3431 1334 3655 1388 reditum
3683 1333 3796 1387 cla-

2205 1444 2362 1496 ritate
2390 1450 2442 1493 et
2469 1439 2721 1508 dignitate
2763 1435 2925 1489 multa
2964 1432 3328 1501 conspicuum.
3361 1426 3618 1481 Omnibus
3646 1426 3790 1479 enim

2211 1533 2430 1604 posthac
2459 1529 2777 1586 venerabilis
2821 1535 2936 1582 crat
2983 1525 3156 1592 justus
3204 1521 3292 1575 ille
3336 1529 3440 1573 tam
3492 1517 3555 1571 iis
3601 1518 3688 1586 qui
3742 1518 3798 1569 in

2210 1625 2476 1695 Egypto,
2509 1637 2668 1692 quam
2714 1621 2779 1674 iis
2821 1620 2908 1689 qui
2949 1617 3001 1670 in
3031 1613 3331 1669 Palaestina.
3361 1610 3491 1677 Quis
3517 1609 3656 1662 enim
3689 1624 3800 1661 non

2211 1717 2471 1772 reveritus
2505 1714 2689 1767 fuisset
2714 1725 2834 1766 eum
2863 1712 2953 1780 qui
2982 1709 3060 1761 sic
3087 1721 3115 1758 a
3144 1705 3257 1759 Deo
3283 1702 3577 1756 custoditus
3607 1700 3673 1752 sit
3698 1741 3711 1762 ,
3745 1708 3803 1752 et

2213 1819 2410 1862 tantam
2461 1803 2884 1858 benevolentiam
2929 1796 3293 1867 assequutus‘.’
3333 1794 3608 1848 Neminem
3654 1791 3800 1844 enim

2215 1903 2348 1957 forte
2380 1899 2614 1954 latebant
2639 1911 2724 1960 ea,
2755 1909 2873 1965 quas
2903 1893 3013 1962 regi
3041 1899 3095 1945 et
3120 1887 3302 1943 domui
3331 1887 3444 1956 ejus
3472 1884 3799 1938 acciderant.

2213 1995 2402 2050 Omnia
2427 1993 2568 2047 enim
2596 1991 2736 2045 Deus
2761 1995 3042 2058 propterea
3075 1981 3332 2054 permisit,
3362 1987 3418 2034 et
3443 1993 3679 2048 eousque
3699 1977 3770 2030 du
3792 2007 3806 2016 -

2214 2095 2466 2141 ravcrunt
2488 2083 2804 2138 tentationes
2827 2079 2974 2150 justi,
2998 2085 3055 2130 ut
3075 2075 3191 2144 ejus
3217 2071 3465 2143 patientia
3495 2069 3690 2125 clarior
3713 2069 3810 2122 fie-

2217 2187 2319 2242 ret,
2344 2187 2398 2232 et
2421 2176 2555 2231 facta
2582 2175 2698 2243 ejus
2725 2173 2776 2227 in
2811 2181 2978 2226 totum
3001 2168 3183 2222 orbem
3213 2163 3634 2232 divulgarentur,
3662 2160 3732 2213 ita
3751 2167 3813 2212 ut

2219 2270 2396 2325 nullus
2421 2279 2564 2323 esset
2591 2265 2679 2337 qui
2706 2262 2834 2334 justi
2861 2262 3111 2315 virtutem
3137 2257 3423 2327 ignoraret.

2288 2361 2344 2417 9.
2390 2359 2603 2414 Muralis
2653 2354 2952 2411 exhortatio.
2995 2350 3205 2422 Aﬁlictio
3244 2349 3444 2418 signum
3487 2343 3817 2415 providentia

2219 2455 2420 2509 divinm.
2454 2483 2525 2492 --
2549 2448 2792 2513 Vidistis,
2821 2443 3030 2509 dilecti,
3061 2449 3316 2511 quantum
3341 2454 3406 2492 ex
3433 2433 3818 2491 lentationibus

2219 2543 2466 2601 lucrum?
2489 2541 2692 2595 vidistis
2711 2548 2965 2606 quantum
2984 2530 3250 2604 patientize
3270 2530 3544 2599 praemium
3561 2526 3586 2578 ?
3607 2524 3817 2578 vidistis

2223 2651 2276 2693 et
2302 2637 2498 2698 virum,
2532 2643 2584 2687 et
2612 2631 2925 2692 mulierem,
2960 2635 3015 2679 et
3039 2639 3244 2687 senem,
3278 2630 3331 2676 et
3360 2619 3610 2684 vetulam,
3645 2632 3818 2686 quan-

2225 2739 2335 2784 tmn
2365 2723 2713 2796 philosophia?
2741 2736 2847 2790 pne
2878 2735 2936 2773 se
2962 2714 3234 2772 tulerunt?
3263 2721 3516 2783 quantum
3545 2709 3817 2764 fortitudi—

2228 2821 2313 2875 nis
2337 2861 2353 2886 ,
2382 2825 2634 2889 quantum
2681 2822 2878 2868 mutua:
2917 2808 3217 2864 dilectionis
3237 2847 3252 2868 ,
3283 2813 3534 2874 quantum
3577 2800 3821 2856 caritatis

2226 2911 2495 2967 vinculum
2523 2901 3000 2963 demonstrarunt?
3038 2899 3187 2955 illum
3219 2910 3407 2952 omnes
3436 2893 3723 2955 imitemur,
3758 2899 3821 2944 et

2229 3020 2518 3076 numquam
2537 3002 2829 3057 tristemur.
2849 2995 2925 3050 Ne
2939 2993 3304 3048 existimemus
3317 3001 3435 3043 esse
3450 2987 3656 3056 signum
3673 2981 3822 3053 quod

2231 3113 2329 3153 nos
2357 3075 2701 3164 dereliquerit
2725 3099 2778 3144 et
2813 3085 3072 3156 despiciat
3097 3083 3357 3137 Dominus
3377 3121 3393 3146 ,
3425 3079 3470 3132 si
3497 3075 3825 3131 tentationes

2233 3193 2384 3249 nobis
2415 3189 2710 3245 inferantur
2743 3203 2756 3240 :
2788 3182 2883 3237 sed
2911 3185 3012 3235 hoc
3052 3177 3340 3232 maximum
3378 3173 3450 3228 sit
3489 3170 3642 3225 nobis
3683 3167 3826 3221 indi—

2232 3287 2392 3351 cium,
2423 3281 2564 3353 quod
2588 3281 2726 3334 Deus
2751 3274 2915 3330 nostri
2939 3285 3118 3327 curam
3141 3278 3309 3339 gerat.
3337 3265 3468 3320 Nam
3496 3263 3594 3317 etsi
3624 3261 3827 3314 habea-

2235 3394 2351 3432 mus
2375 3382 2711 3444 pcccatorum
2732 3367 2966 3421 sarcinas
2984 3377 3103 3432 qua:
3129 3374 3226 3414 nos
3243 3363 3503 3428 premant,
3529 3353 3828 3422 poterimus

2237 3481 2478 3536 magnam
2506 3459 2811 3533 patientiam
2831 3467 2879 3512 et
2902 3453 3191 3525 gratiarum
3217 3448 3480 3503 actionem
3503 3441 3829 3499 derlarando

2237 3561 2465 3615 leviores
2489 3569 2580 3611 eas
2616 3552 2792 3607 facere
2824 3568 2836 3604 :
2869 3558 2924 3603 et
2961 3546 3006 3599 si
3045 3559 3149 3598 non
3181 3539 3344 3594 multa
3372 3537 3664 3591 habeamus
3694 3547 3824 3602 pec-

2238 3661 2374 3716 cata,
2398 3649 2590 3701 iterum
2616 3640 2799 3710 majori
2830 3639 3065 3692 fruemur
3083 3631 3270 3703 gratia,
3303 3629 3347 3682 si
3369 3636 3519 3698 grato
3545 3623 3722 3678 animo
3745 3631 3834 3675 tu-

2241 3741 2477 3796 lerimus.
2492 3735 2624 3803 Quia
2645 3734 2785 3788 enim
2808 3729 2951 3783 Deus
2976 3737 3155 3778 noster
3173 3718 3403 3776 liberalis
3425 3725 3529 3780 est,
3553 3725 3604 3768 et
3630 3721 3834 3767 nostra:

2241 3832 2427 3890 salutis
2451 3843 2632 3885 curam
2655 3823 2793 3896 gerit
2816 3840 2830 3876 :
2859 3836 2922 3876 ea
2946 3818 3014 3874 de
3037 3830 3193 3871 musa
3211 3812 3360 3882 quasi
3378 3811 3573 3864 luctam
3597 3815 3650 3861 et
3670 3820 3834 3858 cxer«

2241 3927 2396 3984 cendi
2429 3923 2702 3978 materiam
2739 3916 2892 3971 nobis
2932 3910 3176 3980 praponit
3198 3948 3213 3973 ,
3246 3920 3343 3976 pro
3381 3900 3550 3956 stadio
3581 3908 3631 3952 et
3666 3912 3834 3951 arena

2246 4017 2564 4072 tentationes
2590 4012 2820 4064 inferens
2854 4024 2866 4060 :
2900 4011 2959 4057 ut
2989 4000 3033 4055 si
3059 3999 3197 4070 quod
3228 4006 3463 4049 nostrum
3494 4001 3575 4046 est
3609 3997 3837 4059 praeste-

2248 4126 2386 4177 ntus,
2410 4107 2636 4177 largiore
2653 4102 2899 4172 dignetur
2927 4111 3023 4151 nos
3045 4109 3139 4148 sua
3162 4087 3515 4161 providentia.
3535 4081 3687 4148 Quod
3709 4096 3833 4133 cmn

2247 4206 2507 4266 sciamus,
2540 4217 2605 4253 ne
2635 4197 2812 4250 tristes
2841 4193 3007 4246 simus
3035 4189 3088 4242 in
3119 4180 3520 4240 lentationibus,
3556 4190 3725 4244 neque
3751 4171 3837 4226 af-

2248 4297 2510 4352 llictiones
2537 4288 2791 4361 gravatim
2823 4284 3056 4338 feramus
3085 4295 3098 4332 :
3132 4275 3226 4331 sed
3253 4283 3307 4328 et
3343 4270 3668 4343 gaudeamus
3693 4306 3706 4330 ,
3739 4280 3838 4320 se-

2229 4387 2480 4446 ‘cundnm
2508 4385 2720 4438 beatum
2750 4375 2975 4433 Paulum
3003 4391 3015 4425 :
3051 4369 3204 4425 Nunc
3229 4365 3361 4420 enim
3379 4405 3395 4424 ,
3421 4361 3608 4428 inquit,
3635 4356 3838 4428 gaudeo

2250 4483 2303 4536 in
2329 4475 2674 4551 aﬂiictionibns
2697 4471 2818 4526 meis
2839 4466 2974 4537 (Col.
3005 4465 3058 4519 1.
3086 4462 3156 4516 21
3185 4459 3224 4530 ).
3257 4453 3440 4510 Vidisti
3467 4452 3698 4551 animam
3720 4461 3850 4516 gra-

2258 4538 2408 4627 tam"?
2438 4569 2568 4623 Nam
2597 4566 2641 4620 si
2669 4565 2718 4617 in
2744 4555 3118 4616 afﬂictionibus
3143 4548 3427 4622 gaudebat,
3451 4538 3718 4612 quomodo
3745 4552 3851 4608 po-

2258 4668 2358 4720 tuit
2388 4675 2616 4731 unquam
2649 4659 2700 4712 in
2730 4652 2941 4709 tristitia
2982 4645 3147 4703 esse?
3185 4644 3227 4696 si
3273 4655 3391 4710 qua:
3433 4637 3566 4690 alios
3602 4632 3845 4690 afficiam

2257 4755 2470 4810 tristitia
2503 4751 2601 4819 ipsi
2632 4747 2838 4817 pariant
2863 4738 3058 4796 ltetitiae
3087 4732 3422 4788 occasionem
3449 4767 3463 4789 ,
3491 4723 3694 4793 cogita,
3722 4736 3842 4782 oro,

2260 4849 2312 4902 in
2339 4861 2441 4916 quo
2468 4851 2609 4897 statu
2636 4839 2778 4894 illius
2807 4843 2923 4889 erat
2945 4829 3142 4884 anima.
3171 4825 3236 4879 Et
3262 4831 3320 4876 ut
3347 4819 3524 4873 discas
3546 4830 3651 4870 non
3682 4826 3847 4882 posse

2259 4943 2413 4996 aliter
2437 4951 2534 4992 nos
2561 4932 2823 5003 promissa
2861 4928 2998 4983 bona
3037 4919 3282 4988 assequi,
3313 4923 3369 4970 et
3393 4925 3558 4981 regno
3589 4907 3846 4964 caelorum

2259 5035 2448 5103 dignos
2489 5026 2600 5082 fieri
2627 5066 2641 5088 ,
2684 5021 2782 5076 nisi
2829 5033 2921 5088 per
2951 5012 3292 5069 afllictionem
3321 5006 3480 5058 vitam
3520 5008 3848 5071 prmsentem

2263 5089 2615 5178 transeamus,
2646 5114 2766 5169 audi
2798 5109 3069 5178 apostolos
3095 5103 3332 5157 dicentes
3358 5098 3436 5152 eis
3462 5093 3550 5164 qui
3580 5107 3750 5158 nuper
3779 5089 3848 5142 ad

2265 5215 2421 5269 ﬁdem
2467 5207 2714 5266 conversi
2755 5211 2909 5258 erant
2952 5196 3059 5254 :Et
3109 5210 3223 5247 cum
3271 5189 3586 5246 docuissent,
3630 5181 3799 5250 inquit
3835 5223 3849 5242 ,

2263 5309 2468 5369 multos,
2485 5300 2668 5355 reversi
2687 5305 2801 5351 sunt
2818 5293 3071 5362 Lystram,
3095 5296 3139 5340 et
3162 5283 3409 5340 Iconium.
3435 5289 3480 5332 et
3508 5273 3852 5331 Antiochiam,

2265 5401 2429 5452 denuo
2452 5394 2804 5461 conﬁrmantes
2823 5387 3015 5439 animas
3037 5377 3422 5449 discipulorum,
3441 5370 3856 5429 exhortantesqu

2266 5500 2322 5544 ut
2350 5492 2716 5558 perseverarent
2741 5481 2794 5533 in
2820 5479 2921 5542 fide
2943 5519 2958 5536 ,
2990 5483 3036 5528 et
3072 5470 3206 5541 quod
3239 5485 3326 5539 per
3352 5463 3536 5517 multas
3562 5460 3859 5529 a/ﬂt‘ctiom-s

2267 5549 2458 5653 opdrtct
2481 5595 2572 5632 nos
2592 5581 2780 5629 intrare
2797 5572 2850 5624 in
2865 5582 3073 5638 regnum
3094 5563 3332 5616 αιτιοι-ψη
3357 5557 3488 5625 (Act.
3517 5554 3603 5608 14.
3620 5551 3711 5605 21.
3734 5549 3808 5602 Ἡ
3822 5565 3856 5612 3.

2268 5641 2449 5743 Qualis
2478 5670 2635 5740 igitur
2663 5664 2883 5736 posthac
2911 5658 3014 5714 erit
3045 5653 3197 5709 nobis
3223 5647 3516 5708 excusatio,
3545 5643 3588 5696 si
3619 5641 3862 5694 nolueri-

2272 5781 2389 5820 mns
2419 5774 2677 5832 generose
2699 5771 2760 5810 ac
2787 5753 2991 5808 fortiter
3011 5746 3188 5803 oumia
3221 5742 3360 5796 ferre
3384 5754 3502 5808 quae
3528 5735 3859 5789 inferuntur:

2276 5825 2570 5927 prmsdrnm
2612 5847 2843 5905 scientes
2882 5856 2988 5898 non
3029 5849 3186 5910 posse
3211 5833 3365 5888 aliter
3389 5842 3487 5884 nos
3514 5825 3741 5879 salutem
3766 5834 3862 5874 as-
