4062 6396
222 375 334 432 505

221 492 532 564 Αἰγυπτίῳ,
588 494 682 548 καὶ
717 491 960 562 βασιλεῖ,
995 493 1087 548 καὶ
1118 495 1390 566 τυράννῳ,
1447 497 1541 550 καὶ
1586 495 1726 550 οὕτω
1777 517 1904 568 μαι-

221 577 476 649 νομένῳ,
526 579 620 630 καὶ
675 577 990 640 ἀκολάστως
1033 577 1361 649 διακειμένῳ
1421 580 1910 647 συγκατακλιθεῖσα

223 663 510 732 ἀνέπαφος
543 663 844 733 ἐξῄει,·τὴν
882 661 1087 716 οἰκείαν
1123 662 1473 733 σωφροσύνην
1502 663 1758 733 ἀκέραιον
1793 665 1910 718 δια-

219 747 536 818 τηρήσασα.
573 743 808 798 Τοιαῦτα
835 743 964 816 γὰρ,
1001 744 1252 816 καθάπερ
1285 744 1455 816 ἔφθην
1500 748 1690 810 εἰπὼν,
1725 748 1810 800 ἀεὶ
1839 749 1908 802 τά

223 831 378 900 παρὰ
403 829 501 882 τοῦ
535 828 672 882 Θεοῦ
697 827 1149 899 οἰκονομούμενα,
1182 829 1469 900 θαυμαστά
1491 832 1585 884 καὶ⁵
1609 830 1903 901 παράδοξα.

221 914 333 966 Καὶ
360 913 492 965 ὅταν
520 910 671 982 παρὰ
691 910 802 964 τῶν
823 911 918 964 ἀνθ
928 909 1125 982 ρώπων
1147 911 1472 984 ἀπογνωσθῇ
1496 913 1564 966 τά
1583 915 1903 984 πράγματα,

215 997 345 1050 τότε
378 995 544 1058 αὐτὸς
570 995 842 1048 δείκνυσιν
879 994 1046 1048 αὐτοῦ
1073 995 1174 1066 τὴν
1205 997 1416 1068 ἄμαχον
1457 1000 1514 1052 ἐν
1545 1001 1716 1053 ἆπασι
1741 997 1904 1050 δύνα-

219 1096 338 1148 μιν.
369 1079 586 1146 ’Ὠσπερ
611 1079 721 1147 γὰρ
757 1076 1068 1145 θαυμαστὸν
1091 1073 1160 1146 ὴν
1192 1079 1283 1132 καὶ
1317 1080 1650 1150 παράδοξον,
1683 1079 1774 1133 τὸν
1813 1080 1906 1135 ἄν-

217 1163 322 1232 δρα
369 1162 480 1215 τῶν
525 1160 834 1230 ἐπιθυμιῶν
866 1160 992 1213 ἰδεῖν
1024 1162 1082 1213 ἐν
1113 1161 1262 1232 μέσῳ
1305 1164 1413 1216 τῶν
1447 1163 1648 1237 Θηρίων
1680 1164 1904 1218 ἐκείνων

217 1246 616 1316 κυκλούμενον,
660 1245 758 1298 καὶ
805 1244 972 1314 μηδὲν
1004 1245 1302 1314 πάσχοντα,
1334 1245 1468 1298 ἀλλά
1509 1247 1758 1318 καθάπερ
1797 1247 1902 1301 ὐπὸ

215 1331 515 1402 προϐάτων
549 1329 1106 1401 περιστοιχιζόμενον,
1135 1329 1306 1393 οὕτως
1338 1333 1494 1402 ἀσινῆ
1539 1334 1604 1385 ἐκ
1642 1332 1736 1386 τοῦ
1773 1333 1903 1386 λάκ-

213 1429 316 1464 κου
351 1413 592 1472 ἀνιόντα,
644 1413 738 1466 καὶ
786 1413 911 1474 τοὺς
963 1413 1113 1482 τρεῖς
1167 1412 1361 1476 παῖδας
1419 1415 1477 1466 ἐν
1530 1417 1596 1484 τῇ
1645 1414 1896 1486 καμίνῳ,

213 1495 476 1565 καθάπερ
525 1497 580 1546 ἐν
611 1493 838 1564 λειμῶνι
879 1496 971 1546 καὶ
1008 1494 1317 1566 παραδείσῳ
1365 1495 1758 1570 διατρίϐοντας,
1805 1499 1900 1550 καὶ

217 1580 388 1650 μηδὲν
427 1580 533 1632 ὐπὸ
563 1578 657 1631 τοῦ
688 1577 858 1650 πυρὸς
888 1577 1315 1648 βλαπτομένους,
1346 1579 1480 1632 ἀλλά
1513 1581 1762 1650 καθάπερ
1805 1583 1898 1634 άν-

209 1663 476 1733 δριάντας
504 1662 678 1725 οὕτως
704 1660 916 1714 ἐκεῖθεν
945 1659 1274 1726 ἐξελθόντας·
1303 1661 1393 1715 τὸν
1422 1662 1583 1714 αὐτὸν
1601 1663 1666 1734 δὴ
1699 1663 1899 1734 τρόπον

213 1746 502 1814 θαυμάσαι
533 1745 684 1808 ἀξιον
714 1745 808 1796 καὶ
839 1745 899 1796 τὸ
930 1744 1024 1797 νῦν
1067 1745 1288 1811 γεγονὸς
1307 1785 1323 1810 ,
1356 1744 1437 1797 ὅτι
1477 1747 1512 1814 ἡ
1555 1745 1649 1798 τοῦ
1687 1745 1896 1799 δικαίου

209 1825 354 1896 γυνὴ
399 1825 660 1894 οὐδεμίαν
709 1824 868 1896 ὓϐριν
922 1825 1262 1895 ὑπομείνασα
1303 1827 1455 1895 παρά
1495 1827 1590 1880 τοῦ
1633 1829 1898 1898 βασιλέως

209 1908 308 1961 τοῦ
341 1908 668 1976 Αίγυπτίου,
693 1907 788 1960 τοῦ
815 1908 1102 1980 τυράννου,
1125 1907 1220 1960 τοῦ
1242 1909 1564 1974 ἀκολάστου,
1585 1909 1735 1981 ἐξῄει
1758 1911 1892 1966 σώα.

207 1993 348 2056 θεὸς
377 1994 490 2064 γὰρ
515 1988 585 2062 ἦν
606 1994 636 2044 6
667 1991 735 2046 τά
762 1993 941 2046 πάντα
973 1992 1346 2062 ἐργασάμενος
1365 2033 1378 2056 ,
1405 1995 1434 2046 6
1459 1996 1552 2048 καὶ
1583 1997 1638 2048 ἐν
1669 1996 1894 2065 ἀπόροις

209 2079 384 2149 πόρον
413 2078 610 2140 διδοὺς,
658 2077 752 2130 καὶ
795 2076 865 2130 τά
905 2077 1208 2148 πράγματα
1251 2076 1312 2142 ἐξ
1341 2079 1780 2148 ἀπεγνωσμένων
1815 2081 1895 2142 είς

209 2162 409 2216 ἐλπίδα
438 2160 681 2231 χρηστὴν
709 2159 866 2226 ἄγειν
908 2159 996 2214 ἀεὶ
1035 2159 1350 2229 δυνάμενος.
1382 2161 1492 2214 Καὶ
1530 2162 1647 2216 νῦν
1681 2161 1810 2216 ὶδοὺ
1853 2163 1893 2230 ἡ

207 2245 372 2316 γυνή
407 2261 527 2298 σου
549 2243 830 2298 ἐναντίον
865 2258 1001 2297 σου·
1040 2243 1243 2296 λαϐὼν
1267 2244 1578 2313 ἀπότρεχε.
1612 2243 1706 2316 Μὴ
1742 2245 1894 2315 νομί-

211 2343 338 2398 σῃς,
383 2328 570 2396 φησὶν,
613 2325 908 2396 ἠδικῆσθαί
947 2343 1006 2378 σε
1059 2326 1188 2396 παρ’
1235 2327 1415 2396 ἡμῶν.
1453 2327 1516 2378 Εἰ
1561 2327 1668 2398 γὰρ
1711 2328 1807 2380 καὶ
1837 2330 1895 2392 ἐξ

207 2410 441 2478 ἀγνοίας
477 2409 547 2461 τὰ
577 2409 678 2478 τῆς
714 2409 1106 2479 ἐπιχειρήσεως
1153 2410 1286 2478 ἡμῖν
1333 2409 1576 2478 γέγονεν,
1620 2410 1734 2462 ἀλλ’
1782 2411 1892 2463 ἰδοὺ

207 2498 308 2552 νῦν
341 2498 612 2568 ἔγνωμεν,
649 2492 760 2550 οἷον
795 2496 939 2566 ἔχεις
969 2497 1299 2568 προστάτην’
1337 2498 1428 2551 καί¹
1461 2500 1492 2568 ἡ
1523 2498 1893 2570 ἀγανάκτησις

205 2587 242 2652 ἡ
272 2581 397 2635 καθ’
423 2580 582 2652 ἡμῶν
609 2581 876 2650 γενομένη
923 2579 1158 2644 ἐδίδαξεν
1203 2582 1385 2650 ἡμᾶς,
1423 2583 1553 2650 ὅσης
1600 2582 1893 2642 ἀπολαύεις

207 2664 368 2735 παρά
403 2663 498 2716 τοῦ
533 2662 642 2716 τῶν
680 2663 936 2716 ἀπάντων
980 2662 1116 2714 Θεοῦ
1153 2664 1251 2734 τῆς
1295 2665 1526 2727 εὐνοίας.
1568 2663 1764 2718 Λαϐὼν
1799 2661 1892 2716 οὖν

203 2750 308 2819 τὴν
349 2749 587 2816 γυναῖκά
611 2764 705 2798 σου
734 2746 1024 2816 ἀπότρεχε.
1057 2745 1289 2816 Φοϐερὸς
1320 2747 1504 2800 λοιπὸν
1540 2744 1608 2818 ἦν
1641 2749 1824 2810 αὐτοῖς
1864 2748 1891 2798 6

200 2834 444 2898 δίκαιος,
481 2831 548 2882 δι’
600 2829 628 2882 ὅ
682 2831 778 2884 καὶ
833 2829 970 2900 μετά
1023 2829 1222 2898 πολλῆς
1255 2831 1353 2900 τῆς
1386 2829 1680 2900 θεραπείας
1729 2831 1891 2882 αὐτὸν

205 2915 541 2986 προπέμψαι
571 2913 905 2980 ἐπείγονται,
957 2912 1045 2964 διά
1091 2912 1201 2966 τῶν
1248 2915 1326 2978 είς
1384 2915 1543 2968 αὐτὸν
1594 2915 1892 2985 γινομένων

203 2999 302 3054 τὸν
335 2997 506 3053 αὐτοῦ
534 2997 814 3066 Δεσπότην
846 2995 1343 3068 ἐξευμενιζόμενοι.

277 3100 354 3164 η’.
385 3088 562 3156 Εἶδες,
591 3091 868 3162 άγαπητέ,
893 3092 1016 3144 ὅσον
1039 3093 1185 3146 ἐστὶν
1210 3093 1455 3162 ὑπομονὴ
1478 3095 1571 3146 καί
1591 3095 1888 3165 καρτερίας

217 3175 489 3230 Ἐνταῦθά
525 3191 614 3244 μοι
645 3175 1068 3245 ἀναμιμνήσκου
1097 3175 1203 3228 τῶν
1230 3178 1488 3245 ῥημάτων
1520 3178 1767 3242 ἐκείνων,
1791 3173 1888 3244 ὧν,

199 3261 282 3314 ὅτ’
335 3257 566 3328 ἔμελλον
625 3257 946 3328 πλησιάζειν
995 3253 1060 3328 τῇ
1116 3258 1406 3328 Αἰγύπτῳ,
1466 3261 1494 3310 ὁ
1545 3261 1890 3330 πατριάρχης

198 3343 384 3412 ἐλεγε’
427 3340 715 3394 Γινώσκω
744 3341 834 3394 ὅτι
862 3340 1015 3411 γυνὴ
1043 3343 1432 3410 εὐπρόσωπος
1459 3339 1528 3394 εἴ·
1553 3344 1723 3397 ἔσται
1753 3339 1885 3406 οὖν,

195 3429 283 3494 ὡς
309 3426 390 3480 ἂν
423 3425 598 3478 ἴδωσί
623 3440 698 3477 σε
731 3427 786 3477 οἰ
825 3425 1153 3492 Αἰγύπτιοι,
1191 3425 1296 3492 ἐμὲ
1339 3425 1763 3490 ἀποκτενοῦσί,
1815 3427 1890 3479 σὲ

195 3511 272 3564 δὲ
307 3508 830 3576 περιποιήσονται.
875 3508 1086 3560 Ἐκεῖνα
1118 3508 1297 3560 τοίνυν
1345 3509 1401 3559 ἐν
1451 3506 1656 3580 διανοίᾳ
1707 3508 1887 3561 λαϐὼν

202 3595 402 3646 σκόπει
434 3593 503 3644 τά
541 3591 636 3642 νῦν
675 3590 958 3660 γινόμενα,
987 3591 1082 3644 καὶ
1126 3589 1372 3660 θαύμαζε
1411 3590 1503 3642 καὶ
1543 3589 1635 3642 τοῦ
1678 3591 1886 3644 δικαίου

199 3677 303 3748 τὴν
344 3673 646 3744 ὑπομονὴν,
681 3673 774 3725 καὶ
805 3673 898 3726 τοῦ
930 3672 1314 3743 φιλανθρώπου
1345 3672 1478 3725 Θεοῦ
1499 3672 1598 3743 τὴν
1627 3673 1883 3742 δύναμιν,

203 3760 330 3830 μεθ’
358 3760 494 3827 ὅσης
547 3757 706 3825 δόξης
735 3756 1051 3811 ἐπανελθεῖν
1085 3755 1496 3826 παρασκευάζει
1519 3756 1609 3808 τὸν
1641 3757 1847 3809 δίκαιον
1870 3801 1884 3823 ,

197 3843 296 3896 τὸν
342 3842 482 3912 μετά
511 3841 768 3892 τοσούτου
812 3841 980 3908 φόϐου
1029 3841 1124 3892 καὶ
1165 3838 1313 3901 δέους
1366 3839 1606 3893 ἐλθόντα.
1655 3841 1762 3894 Καὶ
1790 3841 1888 3894 ἐν-

197 3926 500 3986 ετείλατο,
519 3924 674 3993 φησὶ,
699 3921 910 3990 Φαραὼ
923 3921 1180 3990 ἀνδράσι
1203 3921 1336 3989 περὶ
1359 3922 1593 3989 Ἅόραμ,
1619 3936 1888 3992 συμπρο-

199 4010 440 4080 πέμψαι
466 4007 657 4062 αὑτὸν
701 4008 799 4061 καὶ
841 4005 957 4074 τὴν
1001 4004 1256 4074 γυναῖκα
1282 4005 1504 4068 αὑτοῦ,
1549 4004 1648 4058 καὶ
1689 4005 1887 4058 πάντα

194 4093 322 4146 ὅσα
345 4088 627 4159 ἦναύτῷ,
655 4090 754 4143 καί
799 4088 910 4142 τὸν
958 4087 1089 4142 Λὼτ
1129 4087 1256 4156 μετ’
1278 4087 1486 4140 αὑτοῦ.
1533 4087 1686 4141 Μετά
1725 4106 1885 4159 περι-

195 4176 435 4242 φανείας
470 4173 653 4227 λοιπὸν
689 4173 907 4242 ἀπάσης
943 4172 971 4222 6
1003 4170 1208 4233 δίκαιος
1251 4171 1496 4223 ἐπάνεισι
1534 4171 1628 4224 καὶ
1669 4190 1886 4242 περιου-

197 4260 328 4318 σίας
357 4256 582 4326 πολλῆς,
629 4257 725 4308 καὶ
766 4255 976 4322 γίνεται
1029 4253 1090 4306 οὐ
1151 4253 1309 4323 μόνον
1354 4255 1462 4306 τῶν
1515 4256 1572 4305 ἐν
1625 4256 1886 4326 Αἰγύπτῳ

193 4341 528 4403 διδάσκαλος
562 4339 652 4392 διὰ
681 4335 786 4392 τῶν
811 4338 1256 4407 συμϐεϐηκότων,
1289 4337 1424 4389 ἀλλὰ
1471 4337 1564 4392 καὶ
1597 4341 1708 4400 τοῖς
1745 4342 1886 4393 κατά

195 4423 300 4494 τὴν
333 4424 454 4476 ὁδὸν
485 4423 679 4486 ἅπασι,
713 4421 807 4474 καὶ
836 4423 946 4482 τοῖς
980 4422 1060 4483 εἰς
1093 4420 1193 4490 τὴν
1229 4420 1591 4490 Παλαιστίνην
1620 4421 1883 4474 οἰκοῦσιν.

195 4511 259 4560 Οἱ
290 4507 406 4578 γὰρ
440 4507 643 4564 ἰδόντες
674 4505 858 4568 αὐτὸν,
904 4503 1064 4574 ἡνίκα
1096 4503 1290 4574 κατῄει
1327 4503 1416 4555 διὰ
1441 4504 1540 4572 τὴν
1582 4504 1675 4556 τοῦ
1721 4504 1890 4576 λιμοῦ,

193 4597 476 4665 ἀνάγκην,
531 4594 670 4664 μετά
708 4591 874 4661 φόϐου
922 4589 1016 4644 καί¹
1066 4591 1270 4661 τρόμου
1327 4591 1606 4654 κατιόντα,
1656 4594 1750 4645 καὶ
1789 4593 1893 4645 νῦν.

197 4679 368 4732 πάλιν
387 4679 448 4730 ἐν
475 4675 716 4745 τοσαύτῃ
745 4692 812 4726 πε
823 4674 1076 4745 ριφανείᾳ
1101 4674 1194 4727 καὶ
1221 4676 1510 4745 περιουσίᾳ
1530 4677 1625 4728 καὶ
1647 4676 1881 4746 πλούτῳ,

195 4763 512 4832 ἐμάνθανον
537 4760 638 4830 τῆς
665 4760 796 4829 περὶ
834 4758 993 4812 αὐτὸν
1019 4757 1114 4810 τοῦ
1142 4757 1278 4810 Θεοῦ
1314 4759 1568 4825 προνοίας
1597 4759 1695 4828 τὴν
1722 4759 1884 4812 δύναμ-

197 4866 320 4918 μιν.
355 4846 456 4908 Τίς
484 4840 591 4897 εἶδέ
620 4861 788 4911 ποτε;
815 4843 894 4906 τίς
934 4844 1200 4913 ἤκουσεν;
1244 4842 1478 4912 Ἀπῆλθε
1515 4842 1676 4912 λιμοῦ
1708 4861 1884 4913 παρα-

199 4932 409 5000 μυθίαν
424 4928 713 5002 εὕρασθαι·
729 4929 824 4982 καὶ
845 4927 1073 4980 πλοῦτον
1096 4926 1340 4996 περιϐαλι
1355 4923 1608 4996 λ]όμενοξ
1621 4927 1884 4991 καὶδόξαν

195 5015 448 5083 ἄφατον,
510 5013 686 5074 οὕτως
719 5011 1099 5080 ἐπανέρχεται.
1135 5009 1226 5079 Μὴ
1277 5008 1557 5080 ξενισθῇς,
1594 5010 1881 5081 ἀγαπητέ,

199 5097 344 5167 μηδέ
370 5093 530 5168 [529]
564 5095 857 5167 θαυμάσῃς
886 5095 980 5146 ἐπὶ
1027 5093 1104 5162 τῷ
1135 5092 1400 5160 γεγονότι·
1448 5093 1647 5162 μᾶλλον
1690 5095 1747 5146 δὲ
1787 5094 1882 5145 καὶ

197 5180 514 5252 θαύμασον,
550 5180 645 5232 καὶ
675 5176 1006 5245 ἐκπλάγηθι,
1044 5176 1136 5228 καὶ
1169 5175 1356 5240 δόξαζε
1401 5176 1495 5228 τοῦ
1531 5176 1710 5229 κοινοῦ
1747 5177 1882 5230 πάν-

193 5282 311 5320 των
346 5266 380 5334 ἡ
391 5263 510 5333 μῶν
539 5263 813 5315 Δεσπότου
844 5260 941 5331 τὴν
972 5261 1222 5330 δύναμιν.
1249 5261 1356 5312 Καὶ
1377 5261 1477 5332 ὅρα
1505 5261 1598 5316 καὶ
1619 5263 1742 5325 τοὺς
1762 5262 1886 5315 τού-

195 5367 294 5402 του
337 5346 663 5412 ἀπογόνους,
701 5345 844 5398 κατά
877 5343 966 5396 τὸν
1019 5345 1179 5396 αὐτὸν
1213 5345 1414 5413 τρόπον
1465 5345 1749 5408 κατιόντας
1785 5348 1884 5416 μὲν

195 5437 284 5496 είς
313 5433 596 5500 Αἴγυπτον
627 5429 786 5483 πάλιν
819 5429 908 5481 διὰ
938 5427 1038 5496 τὴν
1081 5427 1324 5498 ἀνάγκην
1353 5427 1444 5480 τοῦ
1477 5427 1656 5497 λιμοῦ,
1699 5433 1884 5482 κακεῖι

194 5515 294 5567 θεν
329 5515 516 5576 πάλιν,
544 5513 682 5583 μετά
715 5510 914 5581 πολλὴν
943 5509 1187 5562 δουλείαν
1218 5511 1312 5562 καὶ¹
1335 5510 1730 5580 ταλαιπωρίαν,
1759 5515 1878 5582 μετ’

195 5599 471 5669 εὐπορίας
495 5597 768 5658 ἀνιόντας.
797 5594 1048 5646 Τοιοῦτον
1081 5593 1191 5663 γὰρ
1223 5593 1530 5663 εὐμήχανος
1557 5595 1586 5645 ὁ
1609 5595 1882 5663 Δεσπότης

195 5685 226 5734 ὅ
261 5681 560 5752 ἡμέτερος.
599 5681 772 5732 Ὅταν
805 5677 1135 5746 συγχωρήσῃ
1167 5675 1550 5744 κορυφωθῆναι
1598 5675 1667 5728 τά
1711 5677 1882 5741 δεινὰ,

197 5767 330 5818 τότε
359 5764 526 5816 πάλιν
541 5761 902 5822 διασκεδάσας
913 5758 1006 5810 τὸν
1031 5758 1295 5828 χειμῶνα,
1318 5757 1558 5828 γαλήνην
1571 5759 1884 5827 ἐργάζεται,

209 5851 302 5907 41".
343 5845 548 5919 πολλὴν
581 5847 691 5900 τῶν
737 5841 1078 5916 πραγμάτων
1124 5841 1221 5914 τὴν
1248 5841 1565 5913 μεταϐολὴν,
1617 5841 1883 5900 διδάσκων

1367 378 1435 434 IN
1467 379 1618 435 CAP.
1659 378 1750 434 XII
1785 379 2030 434 GENES.
2073 379 2304 434 HOMIL.
2344 378 2557 434 XXXII.

3577 381 3687 436 30-5

2017 499 2162 567 ἡμᾶς
2179 498 2278 566 τῆς
2297 497 2461 550 αὐτοῦ
2484 496 2766 566 δυνάμεως
2785 495 2846 548 τὸ
2867 495 3115 566 μέγεθος.
3133 495 3342 563 Ἀνέϐη
3361 495 3432 548 δὲ
3460 496 3688 566 Ἀϐραμ

2009 584 2078 648 ἐξ
2101 585 2418 654 Αἰγύπτου,
2449 584 2634 649 αὐτὸς
2657 586 2754 637 καὶ
2785 585 2825 652 ἡ
2845 584 3000 654 γυνὴ
3022 585 3228 648 αὐτοῦ,
3263 584 3364 638 καὶ
3395 583 3592 638 πάντα
3613 588 3687 640 τὰ

2007 666 2214 730 αὑτοῦ,
2235 666 2330 718 καί
2357 665 2485 720 Λὼτ
2501 665 2632 736 μετ’
2656 666 2864 728 αὐτοῦ,
2891 669 2978 732 είς
2994 667 3110 734 τὴν
3135 667 3380 736 ἔρημον.
3399 668 3685 739 Εὐκαίρως
3715 721 3720 726 ,

2008 749 2072 804 ἄν
2089 767 2171 812 τις
2199 748 2459 819 ἁρμόσειε
2479 747 2555 818 τῷ
2582 748 2773 818 δικαίῳ
2789 748 2966 820 τούτῳ
2985 751 3168 802 ἐκεῖνα
3184 749 3253 804 τὰ
3275 750 3518 820 ῥήματα,
3539 750 3684 822 άπερ
3715 787 3722 798 τ

2005 834 2041 886 ὅ·
2064 832 2331 903 μακάριος
2355 829 2520 882 Δαυῒδ
2541 834 2653 895 τοῖς
2671 832 2782 884 ἀπὸ
2798 833 2897 902 τῆς
2920 835 2977 886 ἐν
3006 833 3286 886 Βαϐυλῶνι
3305 834 3686 904 αἰχμαλωσίας
3713 887 3718 892 .

2005 915 2390 970 ἐπανελθοῦσιν
2417 913 2623 982 ἔλεγεψ
2643 917 2709 966 Οἱ
2742 915 3097 982 σπείροντες
3129 916 3201 968 ἐν
3231 915 3564 986 δάκρυσιν,
3613 919 3685 972 ἐν
3709 945 3720 952 ·

2005 997 2360 1063 ἀγαλλιάσει
2413 996 2697 1064 θεριοῦσι.
2726 999 3121 1067 Πορευόμενοι
3157 1000 3538 1068 ἐπορεύοντο,
3581 1003 3711 1058 καί-ί

2005 1081 2257 1134 ἔκλαιον
2274 1078 2622 1145 βάλλοντες
2649 1079 2723 1132 τὰ
2752 1078 3065 1150 σπέρματα
3086 1079 3306 1138 αὐτῶν.
3338 1083 3708 1152 Ἐρχόμενοσ

2004 1161 2072 1213 δὲ
2101 1162 2361 1229 ἥξουσιν
2393 1163 2465 1216 ὲν
2496 1161 2887 1232 ἀγαλλιάσει,
2936 1163 3209 1232 αἴροντες
3253 1165 3327 1220 τὰ
3375 1164 3683 1236 δράγματα

2002 1243 2219 1299 αὐτῶν.
2239 1241 2392 1310 Εἶδες
2413 1245 2639 1298 κάθοδον
2664 1245 2875 1314 ἀγῶνος
2910 1245 3008 1299 καὶ
3035 1246 3190 1311 δέους
3216 1249 3681 1322 πεπληρωμένην,

2003 1329 2096 1382 καὶ
2131 1331 2258 1402 περὶ
2289 1329 2455 1384 αὐτοῦ
2487 1328 2580 1382 τοῦ
2613 1329 2846 1382 θανάτου
2874 1329 2964 1383 τὸν
2999 1329 3164 1398 φόϐον
3214 1330 3442 1402 ἔχουσαν
3473 1334 3686 1387 ἐπικεί-

2005 1429 2162 1482 μενον
2182 1429 2196 1478 ;
2216 1412 2359 1484 Ὅρα
2393 1413 2554 1467 πάλιν
2577 1413 2760 1468 ἄνοδον
2777 1414 3136 1484 περιφανείας
3168 1415 3372 1485 πολλῆς
3405 1417 3682 1486 γέμουσαν

2002 1495 2094 1547 καὶ
2117 1495 2181 1547 λα
2191 1496 2518 1566 μπρότητος.
2535 1495 2676 1548 nam
2695 1495 2802 1564 γάρ
2823 1494 3007 1548 λοιπον
3033 1496 3309 1567 αἰδέσιμος
3325 1493 3394 1570 ἦν
3410 1500 3438 1550 6
3451 1499 3680 1564 δίκαιος,

2001 1579 2094 1632 καὶ
2115 1581 2222 1641 τοῖς
2257 1580 2315 1632 ἐν
2334 1577 2614 1649 Αἰγύπτῳ,
2633 1581 2726 1630 καὶ
2749 1580 2861 1640 τοῖς
2896 1580 2954 1631 ἐν
2973 1578 3323 1652 Παλαιστίνῃ.
3340 1579 3438 1644 Τίς
3453 1581 3561 1653 γὰρ
3582 1584 3684 1637 οὐκ

2001 1659 2065 1713 ἂν
2085 1660 2284 1732 ᾐδέσθη
2300 1661 2392 1714 τὸν
2405 1661 2578 1724 οὕτως
2597 1661 2701 1714 ὐπὸ
2715 1659 2811 1713 τοῦ
2833 1659 2967 1713 Θεοῦ
2992 1661 3419 1732 φρουρούμενον,
3443 1665 3538 1718 καὶ
3557 1683 3684 1718 τοσ-

1998 1743 2170 1815 αύτης
2205 1743 2524 1815 ἀξιούμενον
2555 1744 2848 1816 προνοίας;
2885 1742 3094 1798 Οὐδένα
3125 1743 3236 1816 γὰρ
3267 1737 3397 1810 ἴσως
3427 1747 3581 1800 ἔλαθε
3611 1749 3682 1804 τά

1998 1829 2080 1890 εἰς
2093 1829 2185 1881 τὸν
2217 1828 2442 1899 βασιλέα
2461 1829 2742 1897 γεγονότα,
2761 1827 2857 1880 καὶ
2872 1827 2962 1880 τὸν
2990 1823 3138 1880 οἷκον
3158 1827 3344 1882 αὐτοῦ.
3365 1831 3550 1884 Πάντα
3569 1832 3688 1904 γὰρ,

1997 1910 2086 1964 διὰ
2111 1911 2269 1965 τοῦτο
2305 1912 2687 1983 συνεχωρήθη,
2739 1913 2833 1965 καὶ
2880 1910 2968 1964 διὰ
3015 1911 3172 1965 τοῦτο
3216 1914 3376 1984 μέχρι
3423 1916 3690 1971 τοσούτου.

2000 1995 2240 2068 προῆλθε
2261 1996 2330 2048 τὰ
2355 1997 2464 2049 τῶν
2495 1995 2817 2066 πειρασμῶν
2851 1993 2930 2065 τῷ
2961 1994 3177 2068 δικαίῳ,
3207 1997 3293 2050 ἵνα
3319 1998 3412 2052 καὶ
3451 1999 3617 2052 αὐτοῦ
3643 2003 3700 2071 ή-

1983 2079 2242 2152 «ὑπομονὴ
2271 2079 2628 2151 λαμπροτέρα
2668 2079 2913 2148 γένηται,
2959 2079 3056 2132 καὶ
3106 2077 3176 2132 τά
3224 2082 3356 2152 παρ’
3399 2081 3565 2134 αὐτοῦ
3600 2085 3681 2146 εἰς

1997 2163 2214 2216 ἃπασαν
2249 2163 2504 2233 ἐξενεχθῇ
2537 2163 2635 2233 τὴν
2672 2161 3028 2233 οἰκουμένην,
3076 2165 3172 2217 καὶ
3216 2165 3404 2234 μηδεὶς
3451 2166 3694 2236 ἀνήκοος

1997 2243 2226 2314 γένηται
2258 2246 2357 2316 τῆς
2388 2246 2590 2314 ἀρετῆς
2617 2245 2712 2297 τοῦ
2745 2244 2978 2298 δικαίου.

2066 2326 2133 2382 θ’.
2164 2327 2370 2392 Εἴδετε,
2406 2329 2702 2396 ἀγαπητοὶ,
2728 2329 2849 2382 ὅσον
2881 2328 2990 2380 τῶν
3022 2328 3346 2400 πειρασμῶν
3367 2329 3429 2382 τὸ
3449 2329 3676 2400 κέρδος;

1998 2412 2165 2464 εἴδετε
2197 2414 2295 2482 ὅση
2327 2417 2425 2483 τῆς
2461 2412 2738 2482 ὑπομονῆς
2777 2414 2810 2484 ὴ
2856 2412 3058 2483 ἀμοιϐή
3085 2429 3098 2478 ;
3129 2413 3297 2465 εἴδετε
3339 2415 3432 2466 καὶ
3467 2414 3635 2486 ἄνδρα
3659 2455 3676 2479 ,

1997 2495 2094 2548 καὶ
2139 2499 2393 2564 γυναῖκα,
2448 2497 2543 2550 καὶ
2593 2496 2844 2566 γέροντα,
2909 2497 3002 2549 καὶ
3053 2495 3496 2567 προϐεϐηκυῖαν,
3546 2501 3680 2569 ὅσην

1995 2577 2337 2642 ἐπεδείξαντο
2380 2578 2476 2649 τὴν
2511 2578 2855 2648 φιλοσοφίαν,
2910 2581 3043 2650 ὅσην
3079 2579 3178 2651 τὴν
3230 2581 3504 2651 ἀνδρείαν,
3546 2583 3688 2652 ὅσην

1995 2662 2095 2730 τὴν
2156 2662 2285 2730 περὶ
2343 2661 2608 2730 ἀλλήλους
2662 2661 3069 2734 φιλοστοργίαν,
3116 2664 3250 2734 ὅσην
3301 2663 3400 2732 τῆς
3453 2665 3678 2735 ἀγάπης

1995 2745 2084 2796 τὸν
2150 2745 2480 2814 σύνδεσμονς
2545 2745 2748 2799 Τοῦτον
2805 2746 3044 2808 ἀπαντες
3107 2746 3524 2817 μιμησώμεθα,
3583 2749 3678 2802 καὶ

1999 2827 2267 2895 μηδέποτε
2319 2826 2676 2897 ἀσχάλλωμεν
2703 2870 2717 2894 ,
2783 2828 2920 2900 μηδέ
2978 2827 3290 2898 νομίζωμεν
3349 2828 3674 2897 ἐγκαταλεί-

1992 2907 2138 2978 ψεως
2168 2905 2309 2962 εἶναι
2349 2909 2443 2963 τοῦ
2484 2909 2620 2962 Θεοῦ
2672 2909 2766 2963 καὶ
2815 2911 2910 2962 τοῦ
2957 2910 3319 2981 περιορᾶσθαι
3375 2912 3678 2982 τεκμήριον

1993 2991 2090 3062 τὴν
2129 2992 2237 3044 τῶν
2275 2992 2597 3063 πειρασμῶν
2643 2993 2963 3062 ἐπαγωγὴν,
3018 2991 3155 3046 ἀλλά
3203 2992 3364 3046 τοῦτο
3418 2993 3684 3063 μέγιστοιι

1995 3073 2274 3144 ποιώμεθα
2312 3075 2508 3144 μᾶλλον
2535 3075 2735 3144 δεῖγμα
2764 3075 2860 3145 τῆς
2883 3075 3013 3144 περὶ¹
3033 3076 3184 3144 ἡμᾶς
3217 3073 3320 3126 τοῦ
3344 3073 3490 3128 Θεοῦ
3517 3073 3674 3145 κηδετ-

1995 3163 2206 3231 μονίας.
2242 3163 2342 3215 Ἀν
2393 3179 2454 3214 τε
2509 3161 2619 3232 γὰρ
2647 3162 3062 3232 ἁμαρτημάτων
3097 3161 3308 3234 ἔχωμεν
3353 3162 3684 3231 ἐπικείμενα,

1993 3253 2122 3321 ἡμῖν
2150 3249 2372 3320 φορτία,
2403 3249 2768 3320 δυνησόμεθα,
2803 3249 3000 3320 πολλὴν
3027 3249 3123 3320 τὴν
3152 3249 3429 3318 ὑπομονὴν
3457 3248 3550 3302 καὶ
3576 3248 3698 3314 τὴν,

1991 3337 2340 3408 εὐχαριστίαν
2357 3337 2778 3406 ἐπιδειξάμενοι,
2793 3339 3101 3408 κουφότερα
3117 3337 3292 3390 ταῦτα
3311 3337 3668 3407 ἐργάσασθαι·

1991 3426 2056 3478 ἀν
2092 3443 2152 3478 τε
2190 3425 2264 3494 μὴ
2295 3425 2466 3478 πολλά
2497 3425 2708 3495 ἔχωμεν
2759 3426 3155 3495 ἁμαρτήματα,
3199 3423 3365 3482 πάλιν
3396 3425 3490 3477 καὶ
3532 3425 3712 3480 οὔτω-

1991 3513 2231 3576 πλείονος
2257 3511 2637 3582 ἀπολαύσομεν
2654 3513 2754 3580 τῆς
2781 3510 3245 3576 ἄνωθενεύνοίας,
3261 3513 3309 3564 εἰ
3333 3511 3682 3582 εὐχαρίστως,

1990 3601 2325 3670 ἐνέγκοιμεν.
2363 3599 2644 3669 Φιλότιμος
2679 3599 2788 3669 γὰρ
2822 3597 2897 3650 ὢν
2926 3600 2953 3650 6
2987 3597 3268 3667 Δεσπότης
3311 3599 3339 3650 6
3381 3599 3671 3669 ἡμέτερος,

1989 3689 2084 3742 καὶ
2116 3687 2216 3758 τῆς
2240 3687 2514 3757 ἡμετέρας
2543 3685 2838 3755 κηδόμενος
2865 3684 3162 3754 σωτηρίας,
3197 3685 3286 3738 διὰ
3315 3685 3473 3738 τοῦτο
3501 3685 3692 3739 καθά-.

1989 3793 2094 3846 περ
2120 3774 2418 3845 γυμνάσιόν
2467 3791 2521 3826 τι
2575 3773 2669 3826 καὶ
2713 3771 2934 3840 ἀγῶνας
2984 3772 3305 3843 προτίθησιν
3362 3774 3492 3842 ἡμῖν
3549 3775 3672 3826 ἀντὶ

1989 3864 2329 3934 σκαμμάτων
2371 3860 2630 3923 πολλάκις
2683 3861 2781 3931 τὴν
2817 3859 2927 3913 τῶν
2971 3859 3300 3931 πειρασμῶν
3349 3861 3670 3929 ἐπαγωγὴν,

1989 3953 2078 4006 ⁹ίνα
2103 3951 2172 4004 τὰ
2199 3950 2330 4020 παρ’
2372 3948 2582 4004 ἑαυτῶν
2610 3948 2704 4002 καὶ
2745 3950 2908 4018 ἡμεῖς
2959 3947 3382 4018 ἐπιδειξάμενοι,
3414 3947 3672 4017 δαψιλοῦς

1987 4039 2515 4110 άπολαύσωμεν⁸τῆς
2558 4039 2690 4109 παρ’
2734 4035 2900 4090 αὐτοῦ
2950 4037 3230 4106 προνοίας.
3263 4037 3440 4106 Ὅπερ
3471 4036 3690 4100 εἰδότεςτ

1991 4129 2066 4200 μὴ
2097 4129 2388 4200 ναρκῶμεν
2415 4128 2476 4178 ἐν
2499 4130 2608 4189 τοῖς
2648 4126 2978 4196 πειρασμοῖς
3003 4167 3016 4188 ,
3054 4124 3190 4194 μηδέ
3224 4123 3670 4198 δυσχεραίνωμεν

1987 4220 2046 4270 ἐν
2061 4221 2180 4279 ταῖς
2197 4217 2459 4284 θλίψεσιν,
2493 4215 2630 4268 ἀλλά
2660 4216 2754 4268 καὶ
2782 4213 3085 4284 χαίρωμεν,
3116 4213 3258 4271 κατὰ
3285 4213 3376 4264 τὸν
3402 4213 3674 4282 μακάριον

1989 4307 2200 4364 Παῦλον
2221 4325 2246 4340 ·-
2276 4306 2406 4360 Νῦν
2435 4307 2564 4377 γὰρ,
2593 4305 2748 4375 φησὶ,
2783 4305 2967 4373 χαίρω
2996 4304 3066 4355 ἐν
3095 4301 3224 4363 ταῖς
3249 4301 3499 4369 θλίψεσί
3516 4299 3668 4372 [550}

1982 4414 2121 4464 μου.
2161 4389 2311 4456 Εἶδες
2345 4393 2522 4463 ψυχὴν
2561 4391 2879 4462 εὐγνώμονα
2907 4407 2920 4455 ;
2953 4392 3014 4444 Εἰ
3042 4389 3152 4460 γάρ
3182 4391 3239 4442 ἐν
3277 4393 3396 4452 ταῖς
3427 4389 3670 4457 θλίψεσιν

1987 4484 2192 4554 ἔχαιρε,
2217 4483 2343 4534 πότε
2367 4481 2594 4552 ὴδύνατο
2623 4479 2795 4542 οὕτως
2815 4481 2873 4531 ἐν
2905 4478 3052 4550 λύπῃ
3083 4477 3336 4547 γενέσθαι
3360 4494 3372 4540 ;
3397 4479 3458 4530 EE
3478 4477 3546 4529 τὰ
3575 4477 3670 4530 ἐπὶ

1985 4572 2093 4623 τῶν
2108 4569 2280 4624 ἄλλων
2298 4569 2569 4621 λυποῦντα
2586 4568 2780 4638 ἐκείνῳ
2796 4565 3136 4637 εὐφροσύνης
3157 4565 3415 4618 ὑπόθεσιν
3436 4563 3666 4628 ἔτικτεν,

1989 4658 2158 4711 ἐννόει
2190 4675 2281 4728 μοι
2314 4657 2413 4728 τῆς
2444 4655 2621 4728 ψυχῆς
2675 4654 2842 4709 αὐτοῦ
2895 4653 2996 4725 τὴν.
3027 4653 3384 4706 κατάστασιν.
3437 4651 3549 4705 Καὶ
3581 4651 3698 4708 ἵνα..

1991 4745 2167 4816 μάθῃς
2193 4746 2276 4797 ὅτι
2297 4744 2395 4814 οὐχ
2432 4741 2542 4795 οἷόν
2574 4760 2632 4795 τε
2686 4742 2886 4812 ἐτέρως
2919 4741 3028 4792 τῶν
3082 4737 3507 4810 ἐπηγγελμένων
3538 4740 3668 4807 ἡμῖν

1987 4832 2206 4901 ἀγαθῶν
2232 4833 2531 4901 ἐπιτυχεῖν,
2557 4831 2770 4900 καὶτῆς
2790 4828 2899 4881 τῶν
2925 4827 3172 4898 οὐρανῶν
3203 4825 3478 4896 βασιλείας
3507 4824 3670 4888 ἀξιω-

1987 4923 2167 4993 θῆναι,
2198 4923 2247 4974 εἰ
2279 4919 2466 4992 μὴδιά
2495 4919 2727 4988 θλίψεως
2756 4916 3078 4985 ὁδεύσαιμεν
3129 4914 3218 4967 τὸν
3246 4913 3490 4982 παρόντα
3526 4911 3664 4981 βίον,

1985 5011 2148 5062 ἄκουε
2170 5009 2278 5062 τῶν
2302 5007 2617 5062 ἀποστόλων
2642 5005 2911 5074 λεγόντων
2939 5001 3076 5073 πρὸς
3107 5003 3232 5065 τοὺς
3251 5001 3374 5073 ἄρτι
3399 5001 3464 5070 τῇ
3486 4999 3694 5052 πίστει.

1987 5099 2347 5168 προσιόντας·
2390 5096 2494 5151 Καὶ
2541 5094 3032 5166 μαθητεύσαντες
3062 5131 3076 5152 ,
3114 5090 3279 5161 φησὶν
3315 5129 3329 5152 ,
3389 5089 3664 5153 ἱκανοὺς,

1989 5181 2385 5249 ὑπέστρεψαν
2419 5182 2504 5244 είς
2535 5180 2838 5245 Λύστραν,
2868 5176 2967 5229 καὶ
3010 5176 3283 5236 Ἰκόνιον,
3307 5172 3406 5225 καί
3450 5173 3665 5225 Ἀντιό-

1984 5281 2176 5334 χειαν,
2215 5261 2693 5330 ἐπιστηρίζοντες
2716 5261 2822 5324 τὰς
2850 5257 3060 5328 ψυχὰς
3079 5256 3197 5310 τῶν
3223 5253 3526 5325 μαθητῶν,
3562 5255 3666 5307 καί

1987 5347 2483 5418 παρακαλοῦντες
2501 5345 2778 5411 ἐμμένειν
2805 5341 2879 5409 τῇ
2909 5343 3130 5406 πίστει,
3158 5343 3254 5394 καί
3285 5340 3374 5392 ὅτι
3401 5337 3498 5390 διὰ
3523 5340 3692 5389 πολ-⁴

1985 5431 2114 5484 λῶν
2141 5433 2408 5498 θλίψεων
2433 5429 2524 5483 δεῖ
2551 5426 2710 5498 ἡμᾶς
2733 5426 3034 5480 εἰσελθεῖν
3077 5427 3164 5490 είς
3201 5423 3314 5490 τὴν
3337 5420 3666 5485 ,βασιλείαν

1986 5515 2104 5568 τῶν
2124 5515 2416 5582 οὐρανῶν.
2447 5513 2584 5566 Ποία
2611 5508 2704 5564 οὖν
2725 5509 2989 5576 ἀπολογία
3016 5507 3164 5560 ἔσται
3189 5508 3340 5575 ἡμῖν,
3373 5503 3446 5573 μὴ
3473 5501 3662 5572 βουλο-

1989 5597 2170 5666 μένοις
2215 5596 2478 5665 γενναίως
2525 5595 2618 5648 καί
2667 5591 2926 5662 ἀνδρείως
2985 5589 3078 5641 καὶ
3115 5587 3450 5656 εὐχαρίστως
3483 5583 3676 5666 πάντα..

1985 5665 2265 5749 φέρειντά
2297 5678 2633 5746 ἐπαγόμενα,
2684 5676 2812 5728 ὅταν
2866 5672 3085 5741 ῖδωμεν,
3137 5671 3220 5723 ὅτι
3268 5667 3390 5720 οὐδὲ
3440 5665 3684 5719 δυνατὸν

1985 5763 2188 5831 ἑτέρως
2219 5763 2367 5832 ἡμᾶς
2395 5761 2494 5831 τῆς
2519 5759 2789 5830 σωτηρίας
2819 5757 3114 5824 ἐπιτυχεῖν,
3153 5753 3228 5823 μὴ
3278 5752 3482 5823 ταύτην
3512 5751 3659 5803 ὁδεύ-

1993 5861 2188 5910 σαντας
2218 5845 2314 5918 τὴν
2346 5844 2461 5899 ὁδόν
2485 5861 2499 5912 ;
2533 5843 2659 5900 Ὅτι
2689 5841 2802 5914 γάρ,
2827 5839 2977 5894 οὐδὲν
2995 5837 3140 5906 ξένον
3163 5837 3253 5890 καὶ
3279 5832 3682 5898 καινὸνούδεὶς,
