4062 6396
358 325 465 379 305

363 440 555 509 sequi,
602 436 707 492 nisi
746 435 847 491 hac
890 432 1261 488 lncesserimus
1297 424 1601 493 via?Quod
1627 427 1771 480 enim
1811 421 1944 477 nihil

364 530 601 585 insolens
627 535 718 581 aut
742 539 934 579 novum
960 524 1030 577 sit
1055 536 1239 591 passus
1266 520 1529 589 jnstorum
1555 515 1715 580 ullus,
1739 514 1829 584 qni
1852 527 1951 582 per

364 619 681 674 afﬂictiones
703 616 956 685 transegit
973 614 1110 667 hanc
1132 612 1314 673 vitam,
1339 608 1459 663 audi
1476 606 1745 662 Christum
1766 604 1950 658 dicen-

364 722 517 765 tem:
554 708 622 763 In
665 706 856 761 mundo
895 705 1207 777 aﬂlictionem
1246 701 1487 755 habebitis
1516 740 1532 765 ,
1572 697 1667 752 sed
1710 693 1950 762 conﬁdite

369 802 549 867 (Joan.
573 800 661 855 I6.
688 798 818 864 55).
846 796 980 851 Nam
1005 810 1075 849 ne
1099 793 1277 848 audita
1299 791 1534 853 tristitia,
1560 804 1657 857 spe
1674 785 1945 849 excidant,

366 892 545 945 statim
572 889 818 944 ﬁduciam
844 887 922 943 eis
949 886 1127 950 allert,
1146 895 1197 938 et
1223 898 1373 937 suam
1400 880 1680 951 pollicetur
1700 876 1945 947 gratiam.

368 981 475 1036 Sed
495 979 755 1046 conﬁdite,
778 976 947 1047 inquit
971 992 985 1039 ;
1008 991 1099 1045 ego
1118 974 1212 1028 vici
1236 972 1499 1026 mundum.
1533 967 1728 1031 Habes,
1758 965 1967 1033 inquitg

368 1088 491 1125 eum
514 1070 602 1140 qui
625 1068 794 1138 gratia
814 1067 1042 1130 allevict,
1069 1064 1157 1133 qui
1182 1079 1284 1117 non
1308 1061 1586 1131 permittat
1604 1070 1655 1112 te
1682 1055 1966 1121 submergi'

369 1162 437 1217 ab
466 1160 624 1214 illatis
654 1155 1054 1217 tentationibus,
1086 1154 1175 1223 qui
1206 1168 1326 1206 cum
1356 1148 1646 1205 tentatione
1672 1154 1726 1201 et
1748 1145 1948 1199 exitum

372 1254 605 1323 praebeat
624 1294 639 1317 ,
666 1260 719 1304 et
750 1265 854 1303 non
886 1247 1154 1318 permittat
1182 1259 1338 1313 supra
1370 1251 1578 1296 nostras
1604 1239 1744 1293 vires
1768 1234 1949 1290 inferri

369 1345 547 1415 gravia
571 1345 592 1412 (
614 1345 663 1397 Ι.
696 1341 814 1396 Cor.
840 1339 925 1395 10.
955 1340 1023 1394 15
1042 1338 1081 1407 ).
1109 1337 1245 1405 Quid
1272 1332 1539 1389 tristaris?
1564 1331 1687 1401 quid
1718 1327 1953 1384 oneres?

369 1436 495 1502 quid
526 1434 805 1504 impatiens
824 1432 922 1486 es?
940 1446 1105 1501 quare
1132 1438 1237 1482 tam
1262 1426 1469 1496 abjecto
1494 1424 1673 1478 animo
1697 1421 1793 1477 es?
1818 1421 1951 1475 Num

371 1529 415 1581 si
443 1542 561 1596 qua:
591 1534 767 1579 nostra
811 1533 934 1577 sunt
972 1521 1305 1577 attulerimus
1329 1561 1344 1585 ,
1376 1517 1683 1586 patientiam
1710 1515 1829 1569 dico
1856 1554 1871 1577 ,
1902 1523 1951 1566 ct

375 1619 761 1684 fortitudinem,
792 1626 848 1673 et
874 1626 1080 1688 gratum
1111 1615 1343 1669 animum
1364 1654 1379 1678 ,
1412 1626 1510 1665 nos
1535 1611 1677 1664 sinet
1704 1607 1905 1675 despici
1931 1606 1955 1659 ?

374 1714 508 1768 Num
530 1712 629 1765 etsi
653 1711 946 1779 desperatae
971 1715 1095 1761 sunt
1121 1721 1228 1771 res,
1252 1705 1467 1759 vincere
1493 1711 1717 1771 possunt
1740 1699 1954 1769 sapien-

374 1806 500 1860 tiam
522 1803 724 1858 Domini
752 1800 956 1855 nostri?
978 1800 1083 1853 Nos
1102 1812 1220 1866 qua:
1242 1805 1419 1851 nostra
1443 1802 1567 1849 sunt
1587 1791 1952 1857 exhibeamus,

375 1906 430 1951 et
453 1897 715 1949 sinceram
745 1891 1037 1946 habeamus
1065 1888 1221 1943 fidem
1247 1929 1263 1951 ,
1294 1886 1524 1941 scientes
1553 1883 1823 1938 solertiam
1850 1880 1958 1934 Tu-

376 1989 508 2043 toris
550 1988 846 2040 animarum
891 1991 1213 2036 nostrarum.
1264 1978 1329 2032 Et
1367 1977 1479 2045 ipse
1515 1989 1735 2044 prorsus
1766 1972 1958 2026 melius

376 2081 524 2135 novit
548 2093 706 2149 quam
730 2092 859 2137 nos,
886 2073 1010 2142 quid
1041 2071 1333 2132 conducat,
1361 2068 1448 2132 qui
1472 2068 1540 2120 ita
1570 2082 1656 2120 res
1682 2065 1959 2133 dispensa-

378 2172 458 2227 bit
482 2214 495 2234 ,
541 2178 599 2224 ut
647 2168 744 2238 ipsi
778 2167 934 2220 fuerit
963 2162 1313 2217 honorilicum
1340 2201 1354 2224 ,
1393 2170 1448 2213 et
1477 2158 1630 2213 nobis
1657 2158 1784 2210 utile
1811 2173 1824 2208 :
1854 2170 1959 2223 quo

377 2272 432 2320 et
454 2260 721 2333 patientia:
750 2255 1051 2312 mercedem
1078 2253 1419 2322 accipiamus,
1446 2259 1496 2303 et
1520 2250 1635 2318 ejus
1661 2247 1959 2316 benignita-

380 2365 483 2408 tem
514 2351 871 2409 ohtineamus,
899 2344 1066 2416 gratia
1093 2352 1147 2398 et
1166 2340 1597 2397 miserationibus
1630 2338 1835 2392 Domini
1864 2352 1961 2390 no-

379 2448 474 2502 stri
513 2445 638 2500 Iesu
677 2441 913 2504 Christi,
942 2453 1061 2492 cum
1110 2450 1216 2504 quo
1260 2433 1403 2487 Patri
1451 2430 1609 2485 simul
1647 2438 1702 2483 et
1742 2428 1959 2497 Spiritui

381 2545 565 2594 sancto
591 2535 660 2590 sit
687 2533 852 2604 gloria
871 2573 884 2594 ,
916 2528 1216 2596 imperium.
1249 2524 1442 2588 honor,
1474 2536 1615 2575 nunc
1642 2528 1697 2575 et
1722 2534 1959 2588 semper,

382 2639 435 2684 ct
461 2630 512 2683 in
542 2625 734 2681 saecula
764 2622 1100 2677 saeculorum.
1135 2618 1326 2672 Amen.

890 2748 1170 2806 HOMIIJA
1208 2744 1447 2801 XXXIII.

387 2873 572 2925 Abram
615 2876 779 2921 autem
813 2872 918 2918 erat
966 2862 1101 2914 dives
1136 2857 1284 2913 valde
1327 2854 1606 2924 pecoribus.
1643 2864 1689 2907 et
1732 2861 1962 2923 argento,

456 2970 503 3015 et
532 2974 676 3013 auro.
708 2956 773 3010 Et
805 2955 1058 3024 profectus
1101 2960 1190 3013 est,
1219 2946 1354 3001 unde
1382 2954 1603 3008 venerat,
1637 2944 1689 2996 in
1726 2942 1964 2996 solitudi~

459 3068 570 3105 nem
596 3064 754 3117 usque
792 3045 988 3111 Bethel,
1016 3057 1171 3111 usque
1204 3039 1271 3092 ad
1300 3038 1466 3092 locum
1494 3036 1549 3088 in
1576 3051 1673 3103 quo
1707 3034 1845 3102 prius
1870 3033 1965 3104 fuit

459 3139 835 3197 tabernaculum
859 3137 965 3207 ejus
993 3135 1120 3187 inter
1140 3129 1375 3185 Bethelet
1398 3126 1575 3199 Aggw,
1601 3126 1668 3178 ad
1696 3125 1860 3179 locum
1888 3123 1966 3176 al-

461 3211 583 3288 taris
608 3230 743 3302 quod
769 3229 834 3282 ibi
865 3227 1112 3298 principio
1144 3227 1330 3294 fecerat
1356 3218 1507 3291 (Gen.
1541 3219 1628 3272 15.
1659 3216 1797 3286 2-4).

463 3368 513 3419 i.
555 3362 689 3418 Cum
727 3359 957 3413 alacrem
1007 3362 1241 3408 vestrum
1287 3356 1626 3410 conventum,
1677 3354 1733 3400 et
1782 3346 1972 3414 ingens

392 3455 638 3512 audiendi
661 3449 981 3507 desiderium
1014 3446 1171 3500 hodie
1196 3442 1426 3502 videam,
1457 3440 1576 3493 volo
1598 3439 1833 3492 debitum
1858 3436 1971 3491 sol-

394 3566 538 3613 vere,
572 3562 676 3617 quo
704 3559 827 3614 erga
868 3542 1142 3596 caritatem
1170 3545 1399 3590 vestram
1423 3532 1708 3586 obstrictus
1736 3544 1875 3582 sum.
1910 3528 1975 3581 Et

394 3644 506 3699 seio
531 3642 647 3709 ejus
678 3639 905 3693 fortasse
930 3648 1025 3687 vos
1047 3631 1240 3685 oblitos
1265 3642 1385 3682 esse
1407 3640 1474 3680 eo
1499 3622 1639 3693 quod
1674 3621 1825 3674 multi
1858 3620 1975 3673 dies

398 3732 811 3792 intercesserint,
859 3738 1142 3792 sermoque
1188 3728 1371 3774 noster
1414 3717 1478 3770 ad
1517 3716 1618 3768 alia
1651 3716 1860 3768 interim
1909 3714 1978 3766 sit

398 3825 675 3880 deductus.
720 3820 853 3874 Nam
894 3824 1091 3871 sanctas
1134 3810 1435 3867 festivitatis
1483 3807 1741 3861 adventus
1784 3806 1976 3875 seriem

400 3916 553 3971 nobis
590 3908 965 3980 interpellavit.
1010 3905 1192 3975 Neque
1233 3902 1374 3958 enim
1419 3916 1515 3970 par
1558 3907 1674 3953 erat
1727 3905 1802 3960 ut,
1853 3896 1978 3949 dum

400 4023 610 4063 crucem
644 4002 849 4059 Domini
888 3999 1281 4056 celebraremus
1312 3993 1407 4065 (a).
1437 3992 1505 4047 de
1532 3992 1652 4045 aliis
1679 4004 1978 4046 sermonem

402 4101 713 4156 all‘erremus
733 4114 745 4150 :
766 4108 949 4149 mensa
972 4100 1148 4145 autem
1185 4087 1337 4141 vobis
1363 4082 1705 4154 proponenda
1730 4090 1846 4136 erat
1872 4081 1983 4134 suis

403 4205 632 4261 congrua
690 4179 1042 4254 temporibus.
1083 4180 1147 4233 Et
1193 4177 1391 4231 idcirco
1436 4172 1648 4243 quando
1686 4170 1831 4225 venit
1866 4168 1983 4225 dies

404 4279 745 4343 Traditionis,
773 4275 1020 4331 continua
1048 4268 1301 4324 doctrinae
1328 4266 1464 4320 serie
1492 4270 1716 4325 resecta,
1744 4276 1983 4331 praesen-

408 4373 546 4428 tibus
573 4385 691 4440 quae
717 4366 978 4436 urgebant
1018 4377 1115 4416 nos
1145 4355 1628 4416 accommodantes,
1669 4352 1721 4407 in
1748 4350 1987 4421 prodito-

410 4480 523 4519 rem
560 4463 791 4530 linguam
839 4454 1133 4510 Iaxavimus
1160 4449 1232 4521 (b)
1263 4467 1276 4503 :
1304 4445 1497 4502 deinde
1525 4444 1592 4498 de
1621 4458 1782 4498 cruce
1807 4442 1982 4509 aliqua

410 4558 463 4608 iu
492 4552 724 4608 medium
766 4546 1103 4616 protulimus.
1146 4541 1360 4605 Postea,
1408 4537 1749 4590 illucescente
1793 4533 1989 4606 Resur-

411 4644 661 4700 rectionis
700 4640 807 4701 die,
838 4633 1199 4692 necessarium
1239 4638 1356 4684 crat
1391 4636 1449 4681 ut
1490 4627 1556 4680 de
1602 4624 1990 4679 resurrectione

415 4735 620 4791 Domini
649 4732 925 4787 caritatem
950 4735 1178 4779 vestram
1202 4720 1515 4775 doceremus
1538 4733 1551 4768 :
1575 4725 1629 4770 et
1649 4713 1992 4783 sequentibus

498 4848 549 4910 α)
581 4855 650 4895 ne
671 4843 798 4910 festo
813 4841 987 4910 _Crucis_
1000 4837 1250 4910 dominicae
1261 4833 1500 4910 loqpitu-r.

501 4887 548 4972 '55
582 4887 1606 4972 iiic'iéairiiﬁif’c'la'rysostomue-iis:
1622 4887 1995 4972 i9§P£B?l‘a£€‘EE

415 4949 565 5022 sei-itii
582 4949 896 5017 litim—iliaer
914 4949 967 5013 in
980 4949 1208 5028 cenesim
1227 4997 1239 5016 ,
1264 4969 1384 5028 quas
1405 4966 1610 5028 numero
1643 4949 1843 5024 triginta
1876 4949 1997 4998 duas

411 5036 509 5096 iam
528 5032 720 5096 habitas
737 5039 825 5096 Re?
845 5032 993 5096 totam
1009 5022 1574 5096 Q“39'?3.‘?§im_‘?§“tﬂ?§‘
1586 5022 1997 5096 H‘.?‘.’§“P3T.§fl

416 5072 861 5144 ξ’ίίίίόᾙ-ξίῖἷυῖἰιί
872 5072 1070 5147 tempus
1089 5072 1306 5147 distulit,
1344 5086 1399 5127 ut
1428 5072 1551 5147 feria
1583 5072 1751 5147 quinta

418 5130 1119 5216 iiB'EEﬁt‘i'ajé'iftidh“pééiiit§}é
1128 5130 1446 5216 loqueretur,
1479 5145 1532 5216 μί
1556 5130 1999 5216 etiam‘monetiile

365 5219 375 5231 ’
420 5194 689 5265 iiiiiisiiiuié
712 5194 942 5269 baiulis;
958 5194 1095 5271 cujus
1111 5194 1331 5271 initium,
1364 5199 1602 5271 Volebam,
1627 5194 1791 5265 dilecti
1810 5206 1836 5271 ς

420 5256 1215 5327 ξὲὲίινιίᾶἷῗοῆοίὶλάὺὲέζήείηάθ
1246 5266 1307 5315 de
1323 5256 1483 5327 cruce
1514 5259 1678 5323 aliqua
1707 5257 1760 5306 in
1789 5256 2001 5327 medii-tm

423 5316 922 5403 EBizi'tiiiuisTiw'ngﬁ
928 5316 1309 5403 velirysostomus
1324 5361 1339 5384 ,
1372 5316 1658 5403 alterutram
1664 5316 2003 5403 Aexﬂllomi‘liti‘s

423 5380 701 5457 Eé'éi'iéé",
711 5380 836 5458 qua!
850 5380 979 5458 “post
1006 5380 1231 5458 tl'omilias
1250 5380 1734 5458 deiproclitoreiuda"
1745 5386 2003 5458 [antefe-

424 5441 1118 5510 Eindo—notiniitnrfindicaus.
1142 5452 1230 5498 Die
1252 5441 1416 5499 autem
1440 5444 1627 5510 Pascha:
1650 5448 1816 5510 contra
1840 5441 1996 5489 ebrio-

427 5506 582 5571 ἓδξὲὶ
602 5506 1050 5569 ἇέῖεειιιτὲοιίοοθ
1073 5513 1383 5562 concionatus
1415 5513 1492 5557 est
1515 5520 1526 5571 ;
1554 5506 1750 5553 demum
1770 5509 2002 5571 tempore

430 5560 1093 5633 EuhaI-ivH-o'mil—iasvh‘abtiit
1112 5574 1162 5621 in
1196 5571 1477 5634 principium
1500 5560 2007 5634 Actorum._llaec:plu-

431 5625 962 5694 Iri—dbus—Fenarratahvide
992 5644 1137 5685 Tomo
1165 5625 1378 5684 secundo
1409 5630 1468 5679 ad
1500 5627 1720 5694 tiomilias
1753 5626 1801 5694 in
1832 5625 2003 5694 princi-

433 5681 1257 5768 ,Ῐῖῖενιηῖιῦἷῒὼίιό
1290 5694 1435 5745 tertio
1467 5690 1720 5746 in,.\lonito
1771 5681 1843 5736 de?
1883 5681 2006 5734 Juda

435 5767 700 5833 proditore.

1392 314 1455 370 IN
1494 312 1643 368 CAP.
1684 310 1823 366 XIII.
1864 306 2107 365 GENES.
2148 306 2377 363 HOMiL.
2420 305 2658 362 XXXIII.

3520 303 3628 359 306

2054 417 2261 481 diebus,
2292 434 2389 489 per
2419 434 2482 473 ea
2513 419 2765 473 miracula
2790 434 2909 488 qua:
2939 425 3065 473 tunc
3102 415 3243 472 facta
3280 426 3424 484 sunt,
3452 432 3618 471 resur-

2050 510 2302 565 rectionis
2327 508 2707 564 demonstratio
2727 510 2918 563 iterum
2946 507 3212 563 aﬂ‘enenda
3235 517 3349 562 erat
3378 509 3648 578 :quandm

2051 601 2211 655 etiam
2257 600 2631 669 Apostolorum
2678 600 2809 655 Acta
2860 600 3148 668 explanare
3187 598 3466 669 coepimus,
3504 599 3627 653 inde

2051 693 2203 748 vobis
2219 694 2467 747 continua
2499 701 2860 763 proponentes
2884 691 3146 757 convivia,
3186 699 3247 745 et
3265 691 3482 745 crebris
3496 703 3629 760 quo-

2009 777 2019 790 ”
2053 783 2375 852 tidianisque
2416 783 2868 838 admonitionibus
2906 798 3022 845 eos,
3058 782 3155 852 qui-
3190 797 3358 850 nuper
3380 781 3627 851 baptismi

2050 874 2273 943 gratiam
2312 883 2646 941 acceperant,
2687 872 3049 927 exhortantes.
3079 870 3229 925 Nunc
3258 871 3415 940 igitur
3440 884 3628 925 neces-

2052 963 2249 1016 sarium
2277 971 2360 1017 est
2388 971 2447 1017 ut
2465 962 2628 1016 debiti
2651 977 2854 1015 memor
2877 963 2999 1023 sim,
3029 968 3083 1015 et
3106 961 3257 1015 vobis
3285 961 3628 1015 satisfaciam.

2053 1052 2285 1107 Tametsi
2314 1054 2456 1107 enim
2479 1068 2570 1106 vos
2595 1053 2761 1108 debiti
2789 1068 2953 1123 genus
2982 1052 3255 1121 ignoretis,
3280 1058 3463 1119 utpote
3488 1052 3630 1105 curis

2053 1142 2232 1196 multis
2262 1143 2522 1211 impliciti,
2546 1152 2600 1196 et
2618 1143 2827 1197 solliciti
2860 1159 2953 1209 pro
2975 1141 3246 1204 lix-oribus,
3274 1149 3328 1194 et
3348 1141 3547 1200 liberis,
3577 1149 3630 1194 et

2054 1234 2358 1304 quotidiana
2389 1234 2657 1294 alimonia,
2686 1233 2970 1300 multisque
3013 1232 3132 1286 aliis
3168 1231 3510 1285 saecularibus
3548 1246 3633 1284 ne-

2053 1328 2240 1396 gotiis:
2263 1343 2446 1381 verum
2479 1342 2575 1381 nos
2603 1327 2693 1395 qui
2723 1326 2879 1379 nullis
2901 1326 2949 1379 id
2978 1341 3144 1394 genus
3172 1325 3314 1378 curis
3337 1328 3627 1387 turbamur,

2056 1430 2110 1475 et
2127 1420 2277 1475 vobis
2296 1420 2457 1474 debiti
2484 1420 2790 1473 memoriam
2814 1418 3162 1488 suggerimus,
3185 1424 3239 1471 et
3258 1416 3321 1470 ad
3350 1417 3632 1470 restituen-

2057 1512 2183 1565 dum
2216 1526 2314 1565 nos
2342 1526 2611 1580 paramus.
2657 1509 2839 1578 Neque
2879 1507 3237 1570 admiremini,
3264 1507 3307 1561 si
3340 1515 3444 1560 tam
3479 1513 3633 1577 grato

2056 1605 2235 1657 animo
2266 1603 2318 1657 id
2344 1613 2676 1670 prmstamus.
2711 1602 2877 1672 Hujus
2906 1602 3047 1655 enim
3075 1601 3237 1654 debiti
3264 1616 3431 1669 genus
3450 1615 3477 1653 a
3508 1615 3633 1654 seu-

2056 1692 2298 1747 sibilibus
2342 1693 2578 1762 pecuniis
2605 1692 2876 1747 diversum
2919 1700 3019 1746 est.
3054 1690 3109 1743 In
3142 1690 3242 1743 illis
3285 1691 3429 1744 enim
3476 1705 3635 1743 num-

2056 1800 2214 1854 quam
2241 1782 2448 1838 debitor
2478 1792 2583 1837 tam
2624 1792 2830 1852 gratum
2879 1797 2987 1850 pra:
3016 1796 3074 1834 se
3114 1780 3212 1834 fert
3240 1780 3495 1833 animum.
3523 1778 3636 1834 Scit

2057 1877 2199 1930 enim
2215 1891 2271 1930 se
2287 1876 2463 1931 debita
2482 1874 2733 1929 solvendo
2746 1888 2894 1928 suam
2922 1873 3238 1927 imminuere
3261 1872 3639 1934 substantiam,

2058 1976 2111 2021 et
2138 1966 2447 2034 accipientis
2476 1981 2671 2036 augere
2707 1965 3001 2018 facultates.
3021 1962 3136 2017 Non
3166 1965 3233 2016 ita
3265 1972 3439 2016 autem
3469 1971 3551 2016 est
3578 1963 3637 2015 in

2059 2057 2318 2127 spirituali
2361 2057 2462 2111 hoc
2488 2056 2688 2119 debito,
2735 2055 2827 2111 sed
2867 2056 2919 2109 in
2962 2070 3029 2111 eo
3052 2054 3262 2109 debitor
3288 2054 3413 2107 dum
3456 2048 3633 2118 solvit,

2060 2150 2229 2218 magis
2266 2147 2497 2202 abundat
2523 2146 2742 2212 divitiis,
2785 2155 2838 2201 et
2866 2145 3247 2215 accipientibus
3273 2146 3503 2212 majores
3542 2159 3634 2197 ac—

2059 2246 2307 2292 crescunt
2334 2253 2483 2308 opes.
2515 2238 2582 2292 Et
2612 2237 2810 2292 idcirco
2840 2237 2948 2291 illic
2977 2236 3181 2306 ingrata
3225 2235 3508 2289 admodum
3537 2251 3634 2288 vo-

2060 2328 2261 2382 luntate
2288 2330 2369 2397 agi
2410 2329 2580 2392 solet;
2614 2328 2700 2382 hic
2725 2338 2900 2381 autem
2930 2327 3167 2395 utrisque
3193 2327 3398 2380 lucrum
3445 2334 3547 2389 est,
3580 2334 3635 2378 ct

2061 2419 2441 2484 dinumeranti,
2490 2429 2543 2474 et
2588 2419 2989 2487 accipientibus.
3041 2418 3106 2471 Et
3135 2417 3235 2471 hoc
3276 2426 3358 2472 est
3400 2416 3541 2486 quod
3572 2416 3639 2469 de

2062 2511 2284 2564 caritate
2334 2510 2607 2565 admonuit
2654 2509 2837 2563 beatus
2890 2508 3087 2562 Paulus
3138 2507 3320 2561 dicens
3366 2524 3379 2558 :
3432 2504 3640 2561 Nemini

2061 2601 2334 2670 quidquam
2368 2602 2604 2665 debeatis,
2649 2601 2747 2653 nisi
2776 2609 2827 2653 ut
2865 2598 3087 2669 diligatis
3112 2599 3321 2653 invicem
3347 2597 3519 2672 (Rom.
3550 2599 3641 2655 15.

2064 2694 2140 2762 8).
2172 2693 2288 2760 Quo
2317 2694 2531 2757 indicat,
2566 2693 2667 2748 hoc
2691 2693 2921 2747 debitum
2953 2707 3165 2759 semper
3185 2693 3345 2758 solvi,
3365 2704 3418 2745 et
3443 2691 3646 2745 nihilo-.

2064 2784 2242 2836 minus
2267 2783 2461 2837 durare
2492 2798 2723 2850 semper.
2752 2781 2933 2849 Neque
2976 2781 3243 2850 negligere
3284 2796 3384 2835 vos
3407 2790 3652 2849 oportet,

2064 2873 2131 2925 ad
2158 2872 2518 2942 recipiendum
2553 2881 2763 2941 paratos
2794 2890 2806 2923 :
2838 2871 2942 2927 hoc
2981 2872 3122 2926 enim
3158 2881 3211 2927 et
3251 2886 3347 2926 nos
3371 2872 3641 2926 debitores

2067 2963 2439 3033 locupletiores
2471 2962 2615 3024 facit,
2644 2971 2697 3018 et
2723 2962 2872 3017 vobis
2899 2962 3116 3028 majoris
3143 2962 3387 3015 utilitatis
3410 2964 3514 3016 erit
3537 2977 3644 3016 ma-

2073 3055 2227 3110 teria.
2261 3055 2420 3125 Igitur
2448 3055 2694 3124 quoniam
2727 3053 2845 3107 talis
2872 3062 2956 3108 est
2977 3053 3132 3121 hujus
3155 3053 3319 3108 debiti
3349 3063 3556 3115 natura,
3589 3064 3648 3108 ut

2071 3155 2268 3216 quanto
2320 3146 2487 3215 magis
2534 3143 2885 3213 dependitur,
2936 3152 3082 3197 tanto
3136 3144 3402 3198 auctiores
3451 3154 3647 3198 nostra:

2046 3237 2362 3291 'reddantur
2385 3252 2516 3307 Opes
2541 3254 2552 3289 :
2581 3251 2677 3306 age
2702 3235 2991 3290 doceamus
3034 3251 3173 3289 nunc
3213 3245 3267 3290 et
3290 3235 3452 3290 debiti
3483 3246 3655 3291 mate-

2071 3330 2229 3393 riam,
2259 3336 2313 3380 nt
2334 3336 2389 3382 et
2416 3328 2514 3395 ipsi
2543 3326 2827 3380 alacriores
2856 3325 3076 3379 dicenda
3107 3325 3428 3394 suscipiatis,
3450 3337 3502 3379 et
3527 3341 3648 3396 gra-

2073 3430 2181 3476 tam
2235 3432 2471 3475 nostram
2529 3420 2854 3474 voluntatem
2910 3428 3183 3495 acceptam
3233 3417 3668 3482 habentes,,nos.

2074 3514 2312 3585 diligenti
2365 3513 2699 3568 auscultaudi
2747 3513 2924 3567 studio
2976 3513 3350 3567 remuneretis.
3393 3512 3669 3579 Quaenam.

2075 3608 2235 3677 igitur
2252 3607 2416 3661 debiti
2443 3606 2696 3660 materia?
2716 3605 2900 3669 Scitis,
2918 3614 2968 3659 et
2992 3619 3255 3660 memores
3275 3606 3423 3669 estis,
3446 3604 3655 3673 quando

2076 3698 2144 3752 de
2168 3698 2467 3765 patriarcha
2488 3696 2727 3765 quazdam
2753 3696 2804 3748 in
2830 3695 3058 3748 medium
3077 3694 3363 3757 attulimus,
3390 3694 3664 3763 quomodo.

2079 3788 2619 3842 demonstraveritnus
2643 3785 2955 3840 descensum
2985 3784 3107 3852 ejus
3133 3786 3184 3836 in
3211 3783 3499 3855 [Egyptum
3528 3800 3653 3852 pro-

2081 3890 2197 3949 pter
2223 3881 2436 3941 famem,
2468 3887 2521 3932 et
2565 3886 2769 3947 raptam
2813 3877 2996 3931 Saram
3037 3890 3067 3927 a
3098 3875 3394 3939 Pharaone,
3422 3883 3476 3928 et
3520 3874 3660 3928 indi-

2081 3973 2381 4041 gnationem
2428 3970 2541 4033 Dei,
2575 3984 2733 4039 quam
2765 3969 2823 4021 in
2860 3967 3188 4021 Pharaonem
3215 3974 3268 4018 et
3295 3965 3512 4019 domum
3542 3965 3671 4032 ejus

2082 4066 2152 4120 ob
2176 4080 2324 4118 suam
2356 4079 2476 4132 erga
2502 4065 2701 4129 justum
2732 4075 2915 4114 curam
2942 4059 3183 4122 immisit,
3217 4067 3271 4110 et
3302 4054 3533 4110 reditum
3566 4072 3657 4124 pa-

2085 4157 2330 4209 triarchae
2373 4155 2440 4207 ab
2481 4152 2714 4223 [Egypto
2758 4166 2947 4219 magna
2988 4165 3109 4203 cum
3155 4149 3346 4219 gloria.
3398 4146 3666 4201 Mandavit

2086 4248 2239 4305 enim,
2297 4246 2484 4313 inquit,
2545 4242 2753 4295 Pharao
2806 4242 2925 4294 viris
2968 4256 3117 4309 super
3159 4238 3367 4304 Abram,
3415 4246 3468 4290 ut
3507 4237 3666 4290 dedu-

2089 4348 2204 4389 cant
2230 4352 2368 4401 eum,
2394 4344 2440 4387 et
2463 4350 2671 4387 uxorem
2690 4334 2818 4404 ejus,
2851 4341 2896 4384 et
2916 4331 3085 4384 omnia
3112 4345 3223 4399 qua:
3246 4328 3473 4389 habebat,
3496 4340 3542 4381 ct
3568 4327 3677 4382 Lat.

2089 4445 2199 4481 cum
2226 4428 2343 4481 eo‘.
2371 4425 2607 4479 Ascendit
2653 4433 2819 4477 autem
2849 4422 3035 4475 Abram
3072 4438 3133 4475 ea;
3177 4420 3427 4491 zEgypto,
3459 4422 3567 4488 ipse
3612 4432 3678 4473 et.

2090 4537 2219 4573 uxor
2244 4520 2373 4584 eius,
2403 4527 2447 4570 ct
2477 4517 2645 4569 omnia
2674 4530 2786 4585 quia
2813 4524 2954 4566 erant
2982 4514 3137 4571 illius,
3167 4524 3211 4564 et
3238 4512 3461 4564 Lotcum
3484 4512 3595 4578 ipso
3616 4512 3679 4562 in.

2092 4612 2431 4666 solitudinem.
2461 4607 2558 4662 Hic
2596 4622 2898 4661 sermonem
2931 4604 3148 4657 missum
3182 4600 3679 4664 fecimus,_mediis-.

2093 4720 2196 4772 que
2217 4702 2403 4756 diebus
2428 4700 2720 4754 doctrinam
2746 4696 3111 4751 transtulimus
3143 4695 3192 4747 in
3216 4702 3524 4763 argumenta
3549 4701 3673 4745 tunc

2097 4792 2353 4862 temporis
2414 4790 2766 4845 occurrentia.
2825 4788 2947 4841 Ideo
3004 4786 3161 4840 hodie
3212 4800 3388 4853 opera:
3444 4786 3671 4852 pretium

2096 4886 2273 4949 fuerit,
2311 4893 2371 4937 ut
2399 4884 2592 4939 seriem
2634 4891 2954 4950 repetamus.
3005 4888 3057 4932 et
3102 4877 3323 4931 dicenda
3367 4890 3488 4930 cum
3516 4875 3681 4929 dictis

2098 4979 2246 5047 quasi
2287 4978 2341 5031 in
2371 4991 2532 5029 unum
2580 4989 2774 5042 corpus
2812 4981 3118 5040 coaptemus
3150 4987 3162 5022 :
3194 4970 3271 5023 sic
3311 4969 3451 5022 enim
3498 4983 3677 5022 sermo

2099 5069 2355 5126 doctrina:
2385 5067 2534 5137 quasi
2574 5081 2737 5118 unum
2788 5064 2888 5116 sub
2922 5071 3191 5130 aspectum
3224 5059 3397 5114 cadet.
3438 5059 3543 5115 Sed
3574 5073 3687 5127 quo

2103 5160 2467 5215 manifestiora
2512 5160 2620 5209 sint
2658 5170 2721 5209 ea
2763 5169 2881 5222 qua:
2920 5152 3189 5215 dicuntur,
3232 5164 3410 5219 operte
3455 5149 3690 5219 pretium.

2106 5252 2286 5313 fuerit,
2319 5258 2377 5304 ut
2400 5249 2607 5303 caritati
2648 5256 2839 5299 vestra:
2882 5249 3211 5312 prop’onatur
3242 5242 3555 5312 principium
3583 5255 3678 5294 eo-

2104 5360 2222 5402 rum
2259 5358 2377 5411 qute
2404 5340 2565 5395 hodie
2591 5347 2715 5393 sunt
2752 5339 2910 5392 lecta.
2950 5336 3005 5389 9..
3038 5336 3226 5389 Abram
3265 5346 3450 5396 autem,
3485 5334 3675 5403 inquit,

2108 5445 2213 5489 erat
2253 5433 2390 5486 diues
2415 5430 2563 5485 valde
2595 5429 2878 5497 pecoribus,
2904 5438 2948 5481 et
2993 5436 3221 5497 argento,
3264 5434 3311 5478 et
3340 5440 3486 5483 auro.
3519 5424 3573 5478 5.
3611 5416 3677 5477 Et

2108 5526 2362 5597 profectus
2406 5532 2497 5585 est,
2542 5522 2677 5574 unde
2717 5528 2937 5585 venerat,
2985 5519 3038 5571 in
3078 5515 3400 5571 solitudinem
3425 5514 3693 5584 usquead

2172 5679 2187 5709 ι
2224 5685 2305 5727 ure
2328 5688 2471 5725 voces
2490 5710 2503 5731 ,
2530 5678 2583 5724 Et
2615 5681 2691 5723 [οι
2732 5686 2843 5721 cum
2862 5684 2936 5729 co,
2960 5671 3137 5721 desunt
3171 5670 3217 5719 in
3249 5666 3445 5729 atorel.;
3480 5664 3569 5716 sed
3603 5664 3703 5718 luv-

2114 5740 2295 5793 bentur
2318 5740 2367 5785 in
2398 5736 2534 5786 savii.
2562 5745 2615 5785 et
2635 5740 2683 5784 in
2708 5735 2871 5784 minus
