4062 6396
410 314 510 370 307

409 429 608 495 Bethef,
634 443 789 498 usque
820 428 888 480 ad
918 429 1081 481 locum
1122 428 1173 480 in
1198 444 1297 497 quo
1328 429 1469 497 prius
1493 428 1588 495 fuit
1616 428 1988 481 tabernaculum

408 524 538 589 ejus,
583 521 711 572 inter
749 518 923 572 Bethet
959 528 1007 572 et
1033 518 1161 570 inter
1200 518 1376 588 Aggae,
1420 520 1474 573 4.
1518 521 1585 570 ad
1616 520 1779 571 locum
1810 520 1987 571 altaris

405 612 543 679 quod
577 610 681 663 illic
707 610 954 679 principio
987 611 1174 679 fecerat
1199 625 1217 662 :
1245 621 1291 661 et
1316 609 1562 663 invocavit
1589 608 1659 663 ibi
1687 609 1873 663 Abram
1896 626 1989 663 no-

406 718 518 754 men
553 696 756 753 Domini
785 698 897 753 Dei.
923 699 998 753 Ne
1028 709 1407 763 przetereamus
1428 701 1599 754 obiter
1618 718 1678 755 ea
1707 716 1823 771 qua}
1849 702 1986 756 lecta

406 801 551 855 sunt,
598 791 690 845 sed
735 792 1003 845 discamus
1030 804 1173 846 ctare
1206 792 1503 845 divinarum
1530 792 1824 846 Literarum
1866 792 1987 846 dili-

403 885 662 951 gentiam,
694 883 963 951 quomodo
995 884 1125 937 nihil
1149 884 1302 937 nobis
1328 896 1714 954 Supervacuum
1744 895 1982 939 narrent.

404 974 592 1027 Abram
616 984 802 1035 autem,
839 972 1025 1042 inquit,
1061 986 1166 1028 erat
1193 977 1330 1030 dives
1346 976 1509 1030 valde.
1541 976 1836 1031 Considera
1874 978 1983 1046 pri-

402 1079 548 1117 mum
593 1063 730 1117 istud
764 1064 934 1133 ipsmn
980 1080 1083 1118 non
1125 1067 1342 1131 frustra,
1388 1082 1562 1138 neque
1604 1077 1807 1123 temere
1849 1068 1985 1122 indi-

401 1158 551 1222 cari;
602 1174 701 1215 nec
749 1161 800 1214 in
845 1178 1037 1215 vanum
1084 1164 1301 1217 divitem
1351 1178 1491 1216 nunc
1527 1173 1699 1227 vocat,
1749 1163 1800 1215 id
1844 1162 1984 1231 quod

404 1263 666 1318 nusquam
705 1251 834 1304 alias
864 1255 1125 1317 meminit,
1158 1254 1251 1307 sed
1281 1270 1419 1308 nunc
1461 1255 1686 1323 primum
1724 1254 1874 1315 dicit,
1904 1253 1986 1306 tli-

400 1342 564 1395 vitem
609 1340 791 1397 fuisse.
846 1345 1020 1412 Quare
1068 1346 1168 1401 hoc
1220 1356 1272 1401 et
1310 1363 1465 1414 quam
1516 1346 1585 1399 oh
1625 1346 1883 1400 causam?
1918 1344 1985 1400 Ut

400 1433 577 1488 discas
605 1434 797 1489 divina:
841 1439 1112 1506 sapientia:
1153 1441 1442 1505 solertiam,
1486 1449 1541 1493 et
1565 1455 1677 1493 sua:
1709 1441 1759 1492 in
1785 1444 1982 1507 justum

402 1525 747 1589 providentiae
779 1527 1087 1582 immensam
1116 1529 1488 1601 ingentemque
1520 1531 1824 1599 potentiam.
1853 1532 1983 1586 Nam

403 1614 491 1679 qui
514 1612 669 1669 famis
691 1620 1007 1674 necessitate
1032 1621 1083 1673 in
1108 1621 1394 1692 Egyptum
1421 1624 1744 1691 peregrinari
1767 1634 1982 1679 coactus

402 1704 521 1769 fuit,
552 1720 619 1760 eo
645 1708 783 1777 quod
815 1713 1083 1779 angustias
1112 1729 1243 1781 quas
1274 1714 1324 1766 in
1352 1714 1647 1767 Chauanma
1672 1714 1980 1784 experieba-

403 1808 488 1850 tur
518 1799 657 1854 ferre
685 1818 786 1855 non
817 1814 1014 1871 posset,
1063 1807 1108 1859 is
1139 1805 1315 1860 subito
1357 1806 1505 1861 dives
1537 1806 1706 1861 factus
1732 1820 1813 1862 est
1841 1826 1855 1861 :
1885 1820 1983 1863 nec

402 1888 715 1957 simpliciter
754 1893 923 1959 dives,
955 1896 1046 1949 sed
1080 1897 1254 1965 valde,
1299 1914 1402 1951 non
1446 1906 1648 1953 tantum
1678 1901 1978 1969 pecoribus,

400 1980 492 2031 sed
524 1988 577 2034 et
601 1993 817 2050 argento
843 1994 895 2039 et
919 2000 1067 2040 auro.

470 2068 523 2121 2.
572 2070 789 2133 Vidistis
828 2084 1021 2142 quanta
1072 2079 1140 2131 sit
1185 2078 1273 2132 Dei
1320 2078 1695 2147 providentia?
1728 2080 1888 2147 Abiit,
1926 2093 1981 2135 ut

402 2160 632 2229 aliquam
656 2162 807 2218 fatuis
836 2169 1252 2223 consolationem
1283 2172 1562 2231 inveniret.
1595 2182 1647 2226 et
1674 2173 1848 2236 rediit,
1877 2189 1981 2227 non

400 2251 573 2304 solum
603 2251 740 2307 fame
770 2256 1023 2326 mitigata.
1056 2260 1148 2313 sed
1181 2271 1233 2313 et
1260 2260 1456 2314 divitiis
1485 2272 1538 2315 et
1579 2262 1834 2317 immensa
1866 2265 1981 2334 glo-

399 2341 474 2393 ria
503 2344 857 2412 eonspicuus;
905 2348 1255 2419 omnibusque
1301 2353 1636 2407 manifestum
1668 2354 1765 2410 fuit
1794 2356 1981 2424 qualis.

399 2446 522 2483 nam
553 2445 695 2489 esset
727 2455 740 2490 :
775 2438 1072 2509 deindeque
1100 2441 1413 2497 Chananrea:
1445 2445 1633 2499 incola:
1660 2448 1785 2516 justi
1818 2449 1982 2501 virtu-

400 2530 505 2575 tem
534 2525 728 2581 elarius
774 2529 1090 2598 didicerunt,
1125 2535 1363 2589 videntes
1409 2552 1586 2591 rerum
1633 2540 1978 2595 mutationem

400 2622 505 2667 tam
528 2620 878 2686 repentinam,
911 2632 963 2676 et
991 2625 1145 2677 tantis
1176 2625 1373 2679 divitiis
1398 2626 1701 2683 affluentem
1729 2645 1848 2685 eum
1890 2632 1978 2699 qui

398 2717 455 2761 ut
497 2713 820 2781 peregrinus,
856 2726 907 2768 et
934 2718 1083 2786 quasi
1130 2720 1392 2788 fugitivus,
1425 2733 1477 2775 et
1502 2738 1687 2792 vagus,
1720 2724 1773 2777 in
1816 2722 1977 2795 [Egy-

396 2809 544 2865 ptum
592 2801 957 2861 descenderat.
989 2814 1057 2861 At
1103 2819 1156 2863 tu
1203 2810 1320 2866 vide
1367 2816 1633 2882 quomodo
1679 2814 1765 2868 hic
1810 2831 1981 2885 neque

400 2892 782 2959 prosperitate,
818 2912 988 2966 neque
1038 2898 1338 2955 divitiarum
1386 2902 1653 2958 affluentia
1704 2908 1980 2961 remissior

396 2981 479 3034 vel
527 2984 874 3053 negligentior
911 2988 1077 3042 factus
1114 3002 1195 3044 est
1250 3006 1270 3048 :
1323 2993 1415 3045 sed
1471 2993 1661 3048 iterum
1706 2998 1978 3050 contendit

395 3070 461 3123 ad
490 3088 610 3126 eum
640 3074 836 3143 locum,
882 3080 968 3132 ubi
1002 3082 1144 3149 prius
1172 3083 1363 3148 fuerat,
1399 3086 1700 3155 priusquam
1734 3088 1783 3141 in
1814 3088 1977 3160 Egy-

397 3170 542 3227 ptum
573 3166 908 3223 concederet.
950 3168 1094 3225 Venit
1116 3173 1277 3234 enim,
1305 3176 1493 3244 inquit,
1526 3178 1578 3230 in
1617 3178 1973 3245 solitudinem,

395 3271 550 3323 usque
595 3258 663 3308 ad
709 3257 874 3313 locum
916 3262 999 3315 ubi
1032 3267 1170 3333 prius
1201 3267 1297 3336 fuit
1339 3268 1712 3322 tabernaculum
1738 3274 1866 3341 ejus,
1909 3276 1977 3326 ad

396 3346 560 3399 locum
584 3349 761 3403 altaris
785 3353 922 3422 quod
956 3355 1072 3423 fecit
1110 3356 1177 3409 ibi
1206 3358 1483 3429 principio,
1511 3370 1558 3414 et
1596 3362 1842 3416 invocavit
1880 3381 1973 3418 no-

394 3450 506 3487 men
526 3435 732 3492 Domini
760 3441 871 3495 Dei.
900 3444 1105 3513 Cogita,
1133 3447 1379 3515 obsecro,
1408 3461 1662 3520 quantum
1689 3463 1805 3508 erat
1825 3457 1973 3525 quie-

396 3528 462 3580 tis
487 3536 541 3583 et
573 3535 960 3601 tranquillitatis
984 3548 1209 3607 amator,
1256 3551 1308 3595 et
1337 3543 1387 3596 in
1418 3544 1597 3599 divino
1627 3546 1770 3600 cultu
1813 3563 1969 3617 quam

393 3617 627 3673 sedulus.
653 3622 730 3675 Ad
759 3640 878 3678 eum
908 3628 1049 3681 enim
1074 3629 1271 3698 locum,
1301 3632 1488 3703 inquit,
1518 3637 1761 3696 accessit.
1792 3638 1842 3689 in
1867 3652 1972 3707 quo

394 3709 540 3775 prius
586 3712 751 3768 altare
784 3715 1158 3786 :edificaverat,
1201 3729 1253 3774 et
1289 3722 1339 3775 in
1384 3740 1491 3793 quo
1521 3738 1714 3780 nomen
1759 3727 1968 3781 Domini

394 3798 749 3857 invocaverat.
782 3806 918 3861 Ecce
941 3807 1049 3875 jam
1095 3811 1274 3865 multis
1302 3824 1453 3866 antea
1485 3816 1693 3870 saeculis
1737 3819 1970 3886 implevit

393 3887 496 3942 hoc
524 3892 663 3958 quod
696 3904 875 3962 postea
913 3912 941 3949 a
975 3898 1137 3952 David
1183 3902 1379 3955 dictum
1410 3914 1491 3957 est
1522 3923 1533 3959 :
1568 3902 1711 3976 Elegi
1748 3908 1967 3977 abjectus

392 3994 498 4031 esse
518 3980 571 4032 in
598 3983 747 4035 domo
778 3985 871 4038 Dei
913 3990 1010 4040 mei
1036 3992 1193 4061 magis
1218 4010 1366 4062 quam
1402 3995 1625 4049 habitare
1648 4000 1699 4050 in
1736 3998 1968 4053 taberna-

392 4073 520 4126 culis
566 4086 880 4142 peccatorum
926 4080 1091 4152 (Psal.
1124 4085 1210 4137 85.
1246 4086 1356 4154 ).
1401 4088 1640 4142 Solitutlo
1668 4093 1807 4145 enim
1842 4110 1967 4162 pro-

392 4171 508 4229 pter
535 4165 919 4224 invocationem
952 4176 1177 4227 nominis
1209 4177 1296 4229 Dei
1326 4180 1525 4244 gratior
1562 4182 1610 4233 ei
1642 4192 1775 4248 erat,
1807 4200 1965 4254 quam

389 4255 653 4311 civitates.
686 4258 898 4317 Sciebat
937 4271 1102 4332 enim,
1130 4269 1331 4323 sciebat
1363 4273 1564 4339 utique,
1597 4275 1825 4329 civitatis
1852 4294 1965 4331 ma-

388 4346 714 4413 gnitudinem
744 4368 846 4405 non
878 4371 940 4407 ex
968 4356 1306 4412 aedificiorum
1357 4363 1767 4433 pulchritudine,
1797 4384 1966 4437 neque

388 4454 450 4490 ex
481 4439 673 4494 civium
718 4446 1055 4502 multitudine
1099 4460 1344 4507 constare
1379 4471 1390 4505 :
1425 4456 1517 4509 sed
1549 4472 1611 4511 ex
1659 4460 1962 4515 inhabitan-

389 4529 518 4581 tium
549 4532 760 4599 virtute,
795 4547 1007 4606 propter
1034 4556 1188 4609 quam
1233 4544 1341 4612 ipsa
1387 4548 1618 4601 solitudo
1663 4551 1964 4608 civitatibus

386 4620 596 4688 dignior
622 4624 738 4692 fuit,
763 4643 881 4697 quze
906 4632 1103 4686 virtute
1127 4633 1256 4702 justi
1284 4639 1591 4703 ornabatur,
1620 4651 1674 4694 et
1694 4644 1824 4696 orbe
1854 4654 1965 4698 toto

385 4713 635 4782 fulgidior
659 4730 789 4773 erat.
823 4722 876 4775 5.
913 4722 975 4775 Et
1003 4723 1113 4790 Lot,
1146 4729 1333 4795 inquit,
1361 4731 1445 4799 qui
1481 4748 1593 4784 cum
1622 4735 1806 4787 Abram
1838 4737 1959 4801 ibat,

383 4815 526 4856 erant
554 4818 598 4858 et
624 4825 754 4874 oves,
785 4822 830 4863 et
858 4814 1020 4879 bores,
1053 4828 1098 4868 et
1120 4836 1299 4886 pecora
1320 4863 1333 4881 ,
1363 4822 1413 4873 ii.
1442 4839 1598 4891 neque
1621 4828 1850 4895 capiebat
1879 4846 1963 4881 eos

382 4906 536 4962 terra,
568 4910 623 4951 ut
643 4895 791 4954 simul
815 4905 1113 4961 habitarent.
1142 4908 1269 4962 Erat
1288 4913 1471 4982 quippe
1489 4915 1764 4969 substantia
1788 4934 1958 4972 eorum

380 4989 555 5052 nmlta,
589 5001 635 5043 et
674 5009 771 5045 non
802 5005 1028 5063 poterant
1055 4998 1279 5055 habitare
1307 5003 1475 5056 simul.
1520 5004 1633 5059 Non
1660 5008 1832 5061 solum
1863 5025 1958 5077 pa-

380 5080 627 5134 triarchaa
679 5082 954 5141 facultates
1000 5100 1168 5143 auctae
1212 5102 1354 5154 sunt,
1388 5095 1479 5147 sed
1509 5093 1576 5148 Et
1606 5095 1734 5161 Lot,
1766 5098 1955 5168 inquit,

377 5181 518 5223 erant
557 5188 690 5238 oves,
722 5185 767 5228 et
797 5176 961 5244 boves,
1008 5188 1053 5231 et
1080 5198 1278 5248 pecora.
1312 5183 1469 5238 Forte
1502 5186 1686 5253 partim
1720 5190 1914 5242 Abram
1937 5232 1954 5255 ,

378 5272 558 5329 utpote
587 5264 837 5331 liberalis,
862 5267 949 5321 illa
978 5268 1075 5323 Lot
1098 5269 1274 5324 fratris
1300 5272 1406 5326 filio
1431 5275 1738 5342 donaverat,
1762 5280 1953 5349 partim

376 5355 464 5406 alii
492 5355 747 5410 dederant
778 5359 826 5411 in
859 5362 1172 5428 patriarchae
1198 5366 1440 5432 gratiam.
1484 5368 1547 5421 Et
1576 5387 1674 5422 non
1706 5374 1950 5441 capiebat,

379 5448 564 5516 inquit,
593 5466 675 5503 eos
705 5460 858 5510 terra.
888 5465 992 5506 erat
1020 5457 1207 5523 quippe
1246 5457 1527 5511 substantia
1570 5477 1741 5513 eorum
1771 5464 1951 5516 multa.

381 5540 509 5592 Vide
557 5543 823 5609 quomodo
863 5546 1169 5599 facultatum
1218 5550 1368 5616 copia
1426 5553 1603 5603 statim
1651 5568 1807 5605 causa
1856 5555 1950 5608 fuit

377 5634 724 5697 separationis
755 5652 767 5686 :
795 5635 1106 5691 divisionem
1136 5639 1276 5692 enim
1307 5652 1576 5709 operatur,
1608 5643 1947 5698 concordiam

376 5724 615 5792 imoedit,
645 5736 698 5783 et
727 5730 1054 5799 cognationis
1077 5729 1348 5785 vinculum
1391 5730 1610 5789 dirimit.
1638 5734 1687 5791 7,
1717 5734 1788 5777 Et
1824 5741 1953 5793 tacta

1156 311 1213 367 S.
1254 311 1528 369 JOANNIS
1554 310 2029 369 CIIRYSOSTOMI
2066 313 2383 367 ARCIliEP.
2425 310 2962 367 CONSTANTINOP.

2098 439 2169 480 est
2196 442 2364 495 pugna
2384 426 2513 477 inter
2534 434 2759 492 pastores
2780 425 3201 492 pecorumAhrte,
3229 432 3274 477 et
3300 423 3429 476 inter
3452 435 3679 491 pastores

2094 518 2209 570 Lot.
2240 516 2514 570 Chananai
2561 526 2729 569 autem
2769 526 2813 566 et
2864 512 3134 573 Pherezaei
3173 524 3289 566 tunc
3331 514 3676 568 inhabitabant

2094 619 2300 661 terram.
2325 607 2555 660 Attende
2581 604 2850 674 quomodo
2873 618 3071 674 genere
3096 604 3304 669 cognati
3333 605 3677 660 discessionis

2095 698 2303 752 initium
2329 697 2550 752 faciunt.
2583 696 2715 750 Hinc
2758 696 2900 748 enim
2930 709 3146 763 semper
3171 697 3347 749 omnia
3378 696 3517 749 male
3559 696 3679 762 pul-

2095 788 2281 851 lulant,
2312 804 2339 840 a
2372 788 2684 841 famulorum
2718 786 2972 856 nequitia.
3002 784 3164 839 Facta
3189 796 3263 839 est
3288 787 3450 851 enim,
3484 787 3676 856 inquit,

2094 896 2262 949 pugna
2283 880 2415 931 inter
2442 885 2683 947 pastores.
2713 876 2773 929 Ili
2799 875 3144 929 dissensionis
3174 876 3506 931 occasionem
3533 892 3676 947 prte-

2094 971 2340 1036 buerunt,
2370 970 2403 1023 ii
2431 968 2773 1024 concordiam
2802 967 3140 1031 dirimebant,
3164 967 3199 1019 ii
3223 967 3439 1020 multam
3465 982 3673 1021 morum

2094 1060 2489 1130 improbitatem
2533 1074 2644 1129 prae
2695 1073 2755 1113 se
2802 1057 3063 1112 ferebant.
3109 1057 3383 1112 Chanantei
3425 1069 3590 1111 autem
3629 1068 3677 1112 ct

2097 1154 2355 1208 Phereztei
2394 1164 2511 1207 tunc
2548 1151 2891 1206 inhabitabant
2932 1162 3135 1204 terram.
3175 1151 3348 1218 Quare
3395 1151 3674 1205 nobishoc

2092 1247 2446 1316 significavit?
2476 1246 2737 1311 Quoniam
2766 1243 2994 1307 dixerat,
3042 1242 3163 1296 Non
3186 1243 3410 1314 capiebat
3435 1259 3517 1297 eos
3538 1253 3673 1295 terra

2090 1346 2144 1391 ut
2194 1339 2476 1391 habitarent
2518 1338 2688 1401 simul,
2740 1350 2953 1390 causam
3002 1346 3213 1405 quoque
3259 1336 3452 1389 docere
3507 1335 3671 1390 voluit

2091 1430 2267 1483 divina
2300 1429 2592 1498 Scriptura,
2628 1429 2746 1483 ideo
2772 1442 2869 1482 uos
2892 1442 3084 1496 capere
3112 1441 3215 1481 non
3247 1427 3503 1496 potuisse,
3532 1442 3669 1497 quo-

2091 1521 2230 1574 niam
2254 1520 2429 1574 adlmc
2453 1536 2482 1574 a
2508 1520 2753 1590 gentibus
2784 1518 2883 1571 illis
2912 1526 3273 1587 przeoecupata
3304 1526 3437 1571 erat.
3470 1516 3669 1572 Verum

2092 1626 2189 1666 nos
2239 1611 2540 1682 religiosam
2572 1611 2889 1681 patriarclne
2934 1617 3166 1663 mentem
3212 1606 3507 1673 videamus,
3538 1624 3671 1678 quo-

2091 1705 2249 1759 modo
2277 1720 2370 1758 sua
2404 1704 2623 1759 lenitate
2662 1717 2976 1757 exarsurum
3008 1700 3310 1755 incendium
3353 1699 3667 1769 restinguat.

2088 1796 2140 1849 8.
2175 1795 2314 1848 Dixit
2339 1804 2525 1859 autem,
2558 1793 2747 1862 inquit,
2766 1792 2953 1845 Abram
2973 1791 3041 1843 ad
3065 1789 3161 1843 Lot
3193 1806 3212 1844 :
3236 1806 3297 1842 ne
3324 1789 3389 1842 sit
3412 1791 3524 1843 rixa
3541 1790 3670 1843 inter

2088 1905 2166 1940 me
2190 1898 2235 1941 et
2253 1898 2318 1954 te,
2344 1897 2393 1941 et
2420 1888 2548 1940 inter
2575 1895 2797 1956 pastores
2826 1900 2959 1936 meos
2984 1892 3031 1935 et
3067 1891 3198 1948 tuos,
3229 1881 3346 1951 quia
3374 1884 3558 1949 fratres
3583 1897 3670 1934 su-

2088 1996 2200 2032 mus
2238 1996 2349 2032 nos.
2378 1978 2511 2033 Vide
2551 1977 2809 2046 insignem
2850 1973 3187 2038 modestiam,
3219 1971 3339 2027 vide
3387 1972 3669 2027 sublimem

2089 2071 2497 2142 philosophiam.
2528 2070 2708 2125 Attale
2749 2079 2802 2123 et
2848 2068 3103 2137 dignitate
3142 2067 3324 2120 senior
3368 2066 3619 2135 juvenem
3650 2106 3665 2129 ,

2090 2164 2264 2218 fratris
2295 2164 2459 2217 filium
2494 2162 2708 2216 fratrem
2752 2161 3002 2229 appellat,
3028 2169 3083 2213 et
3112 2161 3160 2213 in
3190 2158 3447 2221 eamdem,
3485 2158 3534 2210 in
3565 2173 3669 2227 qua

2089 2258 2202 2325 ipse
2223 2265 2356 2319 erat,
2384 2255 2693 2323 dignitatem
2717 2252 2915 2316 evehit,
2946 2252 3184 2320 nihilque
3211 2252 3385 2305 minus
3409 2250 3481 2304 illi
3508 2265 3667 2318 quam

2087 2349 2184 2402 sibi
2220 2347 2403 2401 tribuit
2474 2345 2566 2400 sed
2594 2345 2721 2400 dicit
2752 2363 2765 2398 :
2796 2344 2881 2398 Ne
2911 2345 2975 2397 sit
3011 2344 3124 2397 riaa
3148 2345 3277 2396 inter
3306 2358 3384 2395 me
3413 2352 3459 2396 et
3489 2354 3553 2402 te,
3583 2343 3666 2395 in-

2085 2448 2159 2493 ter
2207 2449 2429 2508 pastores
2469 2453 2602 2491 meos
2646 2448 2691 2490 et
2739 2446 2871 2489 tuos.
2904 2435 3119 2505 lndigne
3149 2436 3291 2489 enim
3340 2434 3442 2488 hoe
3472 2436 3621 2487 fieret
3648 2477 3663 2498 ,

2088 2533 2277 2602 inquit,
2333 2532 2581 2601 quoniam
2640 2530 2832 2584 fratres
2884 2545 3088 2584 sumus.
3147 2529 3336 2583 Vidisti
3391 2529 3665 2598 quomodo

2084 2629 2323 2695 Apostoli
2341 2623 2727 2699 legemimplet,
2754 2638 2871 2691 qum
2898 2621 3025 2675 dicit
3058 2638 3070 2673 :
3098 2620 3217 2673 Jam
3236 2620 3437 2689 quidem
3461 2621 3666 2673 omnino

2086 2713 2322 2768 delictum
2348 2715 2402 2767 in
2444 2714 2578 2767 vobis
2617 2722 2718 2779 est,
2764 2713 2897 2780 quod
2934 2711 3133 2782 judicia
3178 2711 3368 2764 habetis
3411 2711 3540 2764 inter
3582 2726 3666 2762 vos

2083 2806 2311 2858 invicem.
2343 2804 2446 2858 Cur
2474 2821 2573 2857 non
2625 2805 2792 2873 potius
2842 2804 3082 2871 iujuriam
3131 2803 3409 2872 patimini?
3436 2819 3524 2854 cur
3565 2821 3665 2855 non

2085 2897 2250 2964 potius
2279 2897 2519 2948 damnum
2549 2895 2823 2965 accipitis?
2852 2893 2966 2946 Ima
2996 2910 3081 2947 vos
3124 2895 3362 2954 iniuriam
3388 2894 3570 2961 facitis,
3618 2904 3664 2946 et

2084 2988 2362 3059 fraudatis,
2392 2987 2541 3056 idque
2568 2986 2749 3054 fratres
2788 2986 2862 3053 (i.
2893 2986 3008 3039 Cor.
3040 2985 3092 3039 6.
3126 2985 3177 3037 7.
3227 2978 3302 3055 8).
3341 2982 3462 3037 Haec
3487 2985 3662 3036 otmiia

2081 3079 2333 3148 operibus
2378 3078 2604 3146 implens
2633 3077 2928 3146 patriarcha
2956 3076 3089 3129 dixit
3121 3093 3132 3126 :
3168 3073 3250 3127 Ne
3276 3075 3339 3127 sit
3384 3077 3497 3127 rixa
3534 3076 3663 3128 inter

2080 3188 2159 3224 me
2187 3181 2233 3223 et
2263 3182 2328 3237 te,
2360 3180 2404 3223 et
2431 3170 2558 3222 inter
2584 3180 2807 3237 pastores
2838 3184 2971 3222 meos
3001 3177 3045 3220 et
3076 3178 3206 3228 tuos,
3237 3168 3474 3235 quoniam
3504 3167 3664 3219 homi-

2080 3282 2167 3318 nes
2216 3265 2397 3332 fratres
2450 3279 2542 3315 nos
2588 3278 2782 3313 sumus.
2828 3260 2962 3326 Quid
3017 3259 3116 3313 hac
3162 3258 3336 3312 anima
3385 3259 3663 3327 pacatius?

2083 3355 2309 3411 Proinde
2340 3370 2444 3408 non
2490 3352 2707 3417 frustra,
2740 3368 2837 3406 nec
2883 3352 3000 3405 sine
3031 3364 3189 3405 causa
3231 3349 3495 3418 principio
3519 3348 3664 3402 diee-

2082 3448 2224 3513 ham,
2249 3462 2369 3501 eum
2393 3459 2576 3499 amore
2601 3444 2794 3514 quietis
2821 3453 2874 3495 et
2897 3441 3295 3511 tranqudlitatis
3321 3440 3657 3495 solitudinem

2079 3540 2209 3593 locis
2236 3535 2598 3606 frequentibus
2624 3534 2939 3605 prmtulisse.
2967 3531 3195 3586 Attende
3222 3531 3361 3585 enim
3393 3530 3660 3600 quomodo

2078 3641 2127 3685 et
2163 3644 2303 3683 nunc
2339 3627 2531 3682 videns
2576 3636 2818 3697 pastores
2861 3621 3168 3689 conigere,
3200 3622 3377 3675 statim
3427 3622 3478 3674 in
3510 3621 3659 3676 initio

2080 3735 2248 3780 tentat
2273 3725 2607 3792 restinguere
2652 3720 2951 3774 incendium
2982 3718 3123 3789 quod
3166 3728 3473 3786 erupturum
3503 3725 3655 3784 erat,

2076 3828 2129 3869 et
2167 3816 2564 3880 contentionem
2611 3812 2781 3866 sedat.
2818 3811 3050 3865 Debebat
3097 3810 3238 3863 enim
3291 3810 3426 3879 ipse,
3475 3819 3657 3877 utpote

2076 3908 2322 3961 omnibus
2359 3904 2656 3959 Palmstinte
2694 3903 2880 3956 incolis
2907 3901 3183 3969 sapientiae
3212 3900 3398 3954 doctor
3426 3900 3613 3954 missus
3636 3941 3653 3963 ,

2076 4000 2270 4053 nullam
2299 3996 2595 4051 offendiculi
2640 3995 2767 4048 dare
2796 3994 3155 4058 occasionem,
3185 3992 3265 4045 vel
3296 4007 3477 4045 ansam
3524 4006 3654 4044 eon-

2075 4091 2286 4155 cedere,
2311 4089 2402 4144 sed
2450 4102 2656 4141 morum
2689 4087 2907 4140 lenitate
2947 4086 3072 4140 tuba
3099 4085 3293 4137 clarius
3322 4099 3507 4136 clunes
3534 4098 3655 4136 eru-

2075 4183 2209 4244 dire,
2245 4191 2426 4233 etsua:
2448 4180 2657 4233 virtutis
2686 4178 2859 4232 facere
2886 4178 3202 4230 imitatores.
3238 4175 3319 4228 Ne
3345 4175 3431 4239 sit,
3464 4175 3649 4243 inquit,

2073 4274 2185 4327 rixa
2214 4276 2341 4325 inter
2370 4289 2449 4325 me
2464 4284 2508 4325 et
2535 4281 2600 4336 te,
2622 4272 2752 4324 inter
2778 4280 3002 4340 pastores
3026 4285 3160 4322 meos
3187 4277 3232 4321 et
3259 4279 3390 4333 tuos,
3417 4268 3652 4336 quoniam

2073 4366 2298 4418 homines
2327 4366 2508 4433 fratres
2535 4374 2731 4415 sumus.
2765 4362 2924 4415 Multa
2957 4359 3239 4414 verborum
3270 4358 3479 4420 lenitas,
3512 4354 3652 4409 Inter

2073 4472 2152 4509 me
2175 4465 2221 4509 et
2252 4465 2315 4507 te.

2143 4549 2195 4602 5.
2231 4546 2374 4600 Rixa:
2406 4555 2451 4599 et
2478 4546 2815 4598 contentiones
2839 4544 3077 4596 vitandis.
3098 4572 3167 4581 -
3191 4541 3478 4595 Considera
3516 4557 3650 4609 quo-

2074 4639 2230 4691 modo
2261 4639 2308 4690 ei
2343 4637 2571 4707 loquitur
2600 4652 2695 4689 ceu
2742 4636 2942 4688 honore
2981 4634 3093 4703 pari
3123 4650 3137 4696 ;
3181 4635 3424 4702 quamvis
3462 4634 3653 4701 opinor

2071 4744 2178 4783 non
2200 4728 2410 4781 aliunde
2438 4729 2581 4780 rixas
2608 4726 2766 4779 fuisse
2788 4734 3031 4790 exortus,
3058 4739 3216 4793 quam
3239 4723 3380 4793 quod
3409 4734 3652 4791 pastores

2069 4822 2387 4890 patriarcha:
2434 4836 2538 4873 non
2568 4820 2910 4886 permiserint
2939 4819 3041 4872 illis
3070 4818 3255 4874 eadem
3284 4818 3493 4871 licentia
3523 4816 3647 4880 frui,

2068 4929 2169 4984 qua
2202 4915 2321 4984 ipsi.
2367 4912 2469 4967 Sed
2512 4914 2687 4982 justus
2716 4912 3043 4980 :equabiliter
3080 4912 3255 4964 omnia
3295 4910 3442 4978 faeit,
3478 4912 3651 4978 speci-

2067 5023 2189 5061 men
2223 5007 2464 5075 praebens
2509 5004 2798 5058 eniinentis
2846 5018 2956 5056 sua:
3003 5002 3294 5071 patientiae,
3343 5015 3406 5055 ac
3448 5001 3651 5055 docens

2066 5114 2172 5152 non
2215 5108 2415 5151 tamum
2448 5105 2758 5165 przesentes,
2790 5095 2882 5148 sed
2925 5102 3166 5162 posteros
3210 5094 3367 5145 etiam
3412 5108 3601 5146 omnes
3629 5132 3647 5157 ,

2066 5203 2352 5259 numquam
2405 5204 2526 5243 esse
2576 5184 2983 5247 admittendmn,
3040 5194 3097 5239 ut
3145 5185 3311 5238 nostri
3356 5183 3644 5237 familiares

2061 5295 2185 5339 cum
2238 5280 2493 5349 proximis
2540 5279 2886 5335 contendant.
2941 5274 3073 5331 Nam
3137 5286 3322 5329 comm
3377 5277 3648 5330 contentio

2064 5385 2309 5440 magnam
2336 5370 2486 5422 nobis
2529 5368 2681 5422 affert
2722 5367 3086 5437 ignominiam,
3117 5375 3171 5420 et
3203 5381 3307 5419 non
3338 5366 3442 5419 illis
3472 5366 3645 5434 impu-

2066 5473 2242 5517 tantur
2267 5477 2383 5531 quze
2412 5461 2563 5523 fiunt,
2592 5461 2684 5513 sed
2714 5462 2765 5513 in
2796 5474 2890 5513 nos
2916 5460 3237 5513 transfertur
3272 5459 3642 5523 reprehensio.

2063 5552 2340 5620 Quomodo
2379 5552 2521 5604 enim
2564 5552 2755 5604 rationi
2802 5560 3218 5603 consentaneum
3262 5544 3350 5612 sit,
3400 5546 3644 5601 homines

2063 5644 2153 5715 qui
2184 5642 2375 5697 fratres
2404 5651 2558 5705 sunt,
2592 5642 2680 5711 qui
2731 5641 2976 5696 eamdem
3025 5654 3266 5696 naturam
3309 5643 3503 5701 sortiti,
3552 5645 3638 5710 qui

2066 5738 2303 5810 ejusdem
2349 5746 2473 5793 sunt
2522 5736 2759 5805 familias,
2804 5737 2896 5809 qui
2944 5746 3212 5810 tamquam
3268 5736 3530 5807 peregrini
3585 5744 3638 5790 et
