4062 6396
133 328 244 385 5οῗ

141 447 490 526 εκαλέσατο
513 449 644 505 ἐκεῖ
680 452 896 522 Ἄϐραμ
925 453 991 506 τὸ
1039 454 1228 526 ὄνομα
1267 456 1492 524 Κυρίου
1527 455 1633 509 τοῦ
1662 455 1830 510 Θεοῦ.

141 533 236 605 Μὴ
264 525 457 600 ἀπλῶς
486 537 940 610 παραδράμωμεν
967 540 1034 593 τὰ
1065 525 1472 612 ἀνεγνωσμένα,
1499 541 1634 595 ἀλλὰ
1656 558 1828 595 κατα-

147 621 413 706 μάθωμεν
445 613 633 694 σαφῶς
666 627 766 698 τῆς
794 627 946 691 θείας
974 628 1196 701 Γραφῆς
1218 630 1318 700 τὴν
1339 628 1646 698 ἀκρίϐειαν,
1680 629 1830 692 ὅπως

141 710 296 764 οὐδὲν
325 713 460 782 ἡμῖν
509 713 801 786 παρέργως
841 716 1110 784 διηγεῖται
1166 718 1392 786 Ἀϐραμ
1418 713 1506 778 δὲ,
1539 717 1721 786 φησὶν,
1748 712 1829 786 ἦν

141 797 444 865 πλούσιος
479 799 736 868 σφόδρα.
771 801 972 855 Σκόπει
1001 803 1218 876 πρῶτον
1242 803 1372 856 αὐτὸ
1408 803 1586 868 τοῦτο,
1618 803 1700 856 ὅτι
1727 803 1826 872 οὐχ

139 883 332 949 ἁπλῶς
355 887 766 958 ἐπεσημήνατο,
781 890 903 944 οὐδὲ
931 891 1264 961 μάτην,οὺδὲ
1293 891 1416 962 εἰκῆ
1444 891 1540 945 νῦν
1573 890 1827 944 πλούσιον

139 971 304 1026 αὒτδν
339 971 518 1030 καλεῖ.
573 975 824 1047 Οὐδαμοῦ
858 967 968 1047 γάρ
1023 978 1252 1050 ἑτέρωθι
1311 979 1716 1050 ἐμνημόνευσεν
1744 979 1826 1033 ὅτι

139 1058 398 1124 πλούσιος
421 1055 512 1131 ἦν,
545 1055 684 1116 ἀλλά
711 1061 807 1117 νῦν
833 1055 1072 1135 πρῶτον.
1098 1066 1141 1117 Τ
1148 1065 1255 1130 ίνος
1287 1067 1472 1119 ἕνεκεν
1501 1065 1595 1120 καὶ
1626 1065 1713 1120 διά
1733 1065 1784 1119 τί
1807 1085 1822 1133 ;

139 1147 260 1200 Ἵνα
291 1147 486 1226 μάθῃς.
509 1151 606 1220 τῆς
629 1150 724 1203 τοῦ
751 1149 886 1204 Θεοῦ
928 1152 1117 1221 σοφίας
1149 1153 1212 1206 τὸ
1239 1153 1570 1226 εὐμήχανον,
1613 1153 1826 1224 καὶτῆς

139 1233 426 1302 προνοίας,
458 1223 525 1304 ἥν
554 1235 684 1306 περί
702 1234 792 1289 τὸν
820 1235 1024 1291 δίκαιον
1039 1237 1300 1300 ἐποιεῖτο,
1331 1223 1430 1308 τὴν
1453 1223 1825 1306 ὑπερϐάλλου-

138 1321 242 1372 σάν
271 1337 334 1372 τε
362 1321 457 1372 καὶ
487 1317 640 1393 [555]
671 1321 897 1394 ἄπειρον
927 1322 1176 1394 δύναμιν.
1216 1323 1275 1378 '0
1297 1322 1408 1394 γὰρ
1431 1323 1520 1378 διὰ
1541 1322 1640 1394 τὴν
1656 1322 1826 1392 ἀνάγ-

136 1425 242 1478 κην
267 1406 364 1460 τοῦ
397 1405 556 1477 λιμοῦ
588 1408 687 1480 τὴν
715 1410 1024 1481 ἀποδημίαν
1047 1413 1415 1484 ποιησάμενος
1440 1410 1538 1484 τὴν
1558 1414 1638 1474 είς
1659 1409 1826 1478 Αἴγυ-

135 1512 296 1558 πτον,
337 1495 433 1548 καὶ
457 1495 546 1548 διά
571 1495 632 1548 τὸ
667 1493 742 1568 μὴ
779 1495 965 1568 φέρειν
1011 1498 1110 1569 τὴν
1142 1499 1202 1550 ὲν
1239 1499 1305 1570 τῇ
1331 1498 1610 1570 Χαναναία
1644 1513 1825 1549 στενο-

134 1585 369 1654 χωρίαν,
392 1581 590 1654 ἀθρόον
613 1583 867 1647 πλούσιος
885 1583 1096 1654 γέγονε,
1120 1585 1214 1639 καὶ
1232 1584 1485 1649 πλούσιος
1500 1586 1596 1656 οὐχ
1615 1584 1820 1650 ἀπλῶς,

134 1671 275 1724 ἀλλὰ
309 1671 540 1743 σφόδρα,
576 1671 669 1724 καὶ
697 1672 756 1725 οὐ
795 1672 1021 1744 κτήνεσι
1073 1671 1253 1743 μόνον,
1281 1672 1418 1726 ἀλλά
1451 1673 1544 1726 καὶ
1573 1671 1823 1744 ἀργυρίῳ

134 1757 233 1812 καὶ
265 1759 496 1830 χρυσίῳ.

207 1846 272 1916 β’.
293 1843 448 1910 Εἶδες
472 1846 571 1916 ὅση
587 1845 682 1910 τοῦ
701 1844 836 1898 Θεοῦ
853 1845 1077 1916 πρόνοια
1095 1863 1110 1912 ;
1140 1845 1373 1918 Ἀπῆλθε
1387 1846 1546 1918 λιμοῦ
1564 1864 1822 1920 παραμυ-

135 1933 262 1988 θίαν
295 1934 578 2007 εὑρέσθαι,
615 1933 708 1986 καὶ
735 1931 1034 2004 ἐπανῆλθεν
1060 1933 1121 1986 οὐ
1151 1927 1242 1986 τὸν
1269 1934 1428 2005 λιμὴν
1461 1933 1619 2005 μόνον
1651 1952 1826 2008 παρα-

137 2021 549 2093 μυθησάμενος,
584 2019 722 2074 ἀλλά
749 2019 844 2074 καὶ
869 2019 1099 2074 πλοῦτον
1123 2021 1288 2075 πολὺν
1321 2020 1824 2094 περιϐαλ[λ]όμενος

137 2113 232 2165 καὶ
253 2111 418 2176 δόξαν
452 2109 679 2176 ἄφατον,
713 2110 808 2162 καὶ
843 2110 978 2162 πᾶσι
1039 2105 1338 2179 κατάδηλος
1389 2109 1647 2178 γεγονὼς,
1676 2112 1824 2176 ὅστις

133 2195 202 2270 ἦν
228 2217 242 2230 ·
281 2199 382 2252 καὶ
401 2196 589 2250 λοιπον
609 2197 704 2250 καὶ
741 2196 791 2249 οῑ
838 2195 936 2267 τὴν
962 2193 1274 2251 Χαναναίαν
1297 2197 1572 2262 οἰκοῦντες
1596 2197 1792 2270 άκριϐέ
1813 2228 1824 2236 -

137 2304 334 2359 στερον
351 2279 654 2357 ἐμάνθανον
677 2283 770 2337 τοῦ
796 2283 1006 2338 δικαίου
1031 2284 1128 2354 τὴν
1152 2283 1374 2356 ἀρετὴν,
1391 2285 1625 2355 ὁρῶντες
1653 2285 1824 2348 οὕτως

137 2375 202 2429 ἀθ
213 2375 348 2448 ρόαν
371 2373 754 2444 γεγενημένην
773 2372 874 2443 τὴν
897 2369 1218 2443 μεταϐολὴν,
1245 2373 1340 2427 καὶ
1357 2371 1594 2443 τοσούτῳ
1611 2373 1825 2443 πλούτῳ

137 2465 574 2538 περιρρεόμενον
610 2462 703 2517 τὸν
735 2463 908 2529 ξένον,
932 2461 1022 2514 τὸν
1047 2463 1299 2533 καθάπερ
1324 2463 1538 2532 φυγάδα
1577 2463 1670 2516 καὶ
1694 2463 1827 2535 ἀλή-

135 2572 238 2624 την
272 2556 356 2617 είς
387 2553 486 2624 τὴν
526 2552 804 2622 Αἴγυπτον
825 2551 1184 2620 κατελθόντα.
1223 2553 1332 2605 Καὶ
1372 2553 1472 2624 ὅρα
1504 2552 1666 2605 αὑτὸν
1704 2552 1826 2606 οὐδὲ

137 2642 246 2696 ὑπὸ
280 2641 384 2712 τῆς
416 2640 619 2709 πολλῆς
649 2637 947 2711 εὐημερίας
979 2639 1076 2692 καὶ
1117 2639 1218 2708 τῆς
1259 2638 1354 2692 τοῦ
1411 2637 1641 2693 πλούτου
1672 2657 1828 2710 περι-

135 2731 334 2794 ουσίας
387 2727 718 2800 χαυνότερον
775 2721 1054 2796 γεγονότα,
1096 2727 1216 2780 οὐδὲ
1265 2717 1658 2800 ῥᾳθυμότερον,
1692 2727 1827 2782 ἀλλά

137 2820 308 2874 πάλιν
349 2821 430 2882 εἰς
455 2819 662 2870 ἐκεῖνον
685 2816 776 2869 τὸν
795 2813 962 2868 τόπον
991 2813 1366 2884 ἐπειγόμενον,
1398 2813 1525 2868 ἔνθα
1551 2815 1644 2868 καί.
1695 2817 1830 2885 πρό-

137 2925 304 2980 τερον
334 2902 426 2977 ἦν,
455 2905 586 2976 πρὶν
617 2904 650 2976 ἢ
673 2905 774 2976 τὴν
793 2901 1070 2972 Αἴγυπτον
1099 2901 1443 2956 καταλαϐεῖν.
1477 2897 1666 2958 ἾΙλθε
1695 2903 1825 2974 γὰρ,

143 2998 340 3069 φησὶν,
369 2997 459 3061 είς
477 2993 596 3062 τὴν
621 2993 848 3062 ἔρημον
879 2991 990 3057 ἕως
1015 2990 1122 3045 τοῦ
1151 2991 1340 3044 τόπου
1369 2985 1440 3045 οὗ
1464 2985 1542 3060 ἦν
1565 2993 1602 3059 ἡ
1625 2990 1828 3060 σκηνή

137 3083 338 3139 αὐτοῦ
357 3083 426 3136 τῦ
449 3083 761 3150 πρότερον,
791 3081 878 3145 εἰς
902 3079 1012 3132 τὸν
1034 3079 1222 3132 τόπον
1240 3077 1350 3132 τοῦ
1373 3079 1828 3146 θυσιαστηρίου,

137 3165 220 3229 οὗ
263 3171 562 3236 ἐποίησεν
589 3167 720 3223 ἐκεῖ
739 3167 855 3235 τὴν
885 3164 1105 3235 ἀρχὴν,
1155 3165 1254 3220 καὶ
1296 3165 1706 3220 ἐπεκαλέσατο
1763 3167 1829 3222 τὸ

139 3261 340 3329 ὄνομα
369 3255 594 3324 Κυρίου
623 3254 732 3308 τοῦ
774 3252 943 3309 Θεοῦ.
991 3251 1192 3306 Ἐννόει
1245 3269 1333 3323 μοι
1367 3253 1486 3316 πῶς
1510 3249 1578 3324 ἦν
1606 3254 1832 3325 ἡσυχίας

141 3345 390 3415 ἐραστὴς
417 3342 512 3395 καὶ
538 3338 999 3412 ἀπραγμοσύνης,
1032 3339 1129 3392 καὶ
1173 3337 1434 3409 διηνεκῶς
1475 3339 1833 3411 ἀνακείμενος

141 3437 216 3504 τῇ
235 3431 380 3503 πρὸς
403 3429 466 3483 τὸ
485 3423 640 3482 Θεῖον
663 3428 952 3500 θεραπείᾳ.
978 3427 1218 3480 Ἐκεῖνον
1237 3425 1366 3498 γὰρ,
1383 3425 1538 3496 φησὶ,
1560 3425 1651 3478 τὸν
1671 3425 1833 3480 τόπον

143 3518 477 3579 κατέλαϐεν,
508 3517 637 3570 ἔνθα
661 3511 730 3587 ἦν
752 3515 1018 3588 πρότερον
1047 3514 1110 3569 τὸ
1141 3513 1524 3586 θυσιαστήριον
1551 3515 1834 3586 οἰκοδομή-

147 3625 273 3672 σας,
311 3607 408 3659 καὶ
449 3603 914 3674 ἐπικαλεσάμενος
933 3603 996 3655 τὸ
1022 3601 1194 3672 ὄνομα
1211 3601 1304 3655 τοῦ
1335 3601 1492 3660 Θεοῦ.
1522 3601 1617 3656 καὶ
1642 3603 1836 3674 προλα-

145 3694 264 3748 ϐὼν
296 3694 400 3765 ήδη
441 3692 648 3747 ἀνωθεν
694 3691 790 3745 καὶ
827 3689 886 3755 ἐξ
935 3689 1113 3760 ἀρχῆς
1165 3689 1400 3760 ἐπλήρου
1450 3687 1513 3742 τὸ
1542 3689 1693 3760 παρὰ
1739 3689 1833 3743 τοῦ

145 3782 320 3838 Δαυῒδ
347 3779 660 3852 εἰρημένον,
685 3779 765 3832 ὅτι
793 3776 1205 3846 Ἐξελεξάμην
1223 3777 1286 3830 τὸ
1306 3775 1836 3845 παραριθιπτεῖσθαι

145 3873 222 3927 ἐν
271 3868 358 3936 τῷ
389 3868 536 3934 οἴκῳ
585 3866 693 3921 τοῦ
755 3865 905 3920 Θεοῦ
930 3883 1051 3934 μου
1091 3863 1354 3933 μᾶλλον,
1387 3863 1425 3932 ἢ
1457 3861 1645 3917 οἰκεῖν
1659 3881 1736 3933 με
1767 3853 1837 3919 ἐν

146 3957 556 4028 σκηνώμασιν
582 3952 967 4024 ἁμαρτωλῶν.
1009 3953 1076 4006 Ἥ
1107 3951 1218 4024 γὰρ
1239 3951 1444 4024 ἐρημία
1473 3951 1563 4004 διὰ
1588 3951 1688 4024 τὴν
1713 3951 1836 4006 επί-

145 4049 352 4117 κλησιν
382 4043 478 4098 τοῦ
503 4043 768 4112 ὀνόματος
795 4039 890 4093 τοῦ
940 4035 1076 4093 Θεοῦ
1099 4039 1470 4110 προτιμοτέρα
1499 4037 1648 4111 αὐτῷ
1673 4035 1836 4109 ἐτύγ-

145 4151 284 4207 χανε
325 4131 438 4186 τῶν
470 4130 701 4183 πόλεων.
742 4129 898 4200 ’ῌδει
929 4127 1059 4198 γὰρ,
1110 4119 1227 4198 ᾔδει
1256 4127 1337 4179 ὅτι
1367 4125 1574 4189 πόλεως
1608 4125 1838 4198 μέγεθος

143 4225 250 4277 οὐκ
277 4219 737 4289 οἰκοδομημάτων
755 4217 900 4269 ποιεῖ
919 4214 1133 4278 κάλλος,
1155 4213 1274 4267 οὐδὲ
1296 4213 1592 4286 οἰκητόρων
1613 4215 1835 4287 πλῆθος,

144 4309 266 4365 ἀλλ’
293 4311 333 4381 ἠ
360 4307 468 4360 τῶν
502 4303 856 4358 ἐνοικούντων
893 4301 1082 4374 ἀρετὴ,
1117 4301 1184 4355 δι’
1217 4302 1286 4373 ἢν
1313 4301 1406 4354 καί¹
1431 4303 1463 4373 ἠ
1491 4299 1695 4374 ἔρημος
1730 4303 1840 4357 τῶν

99 4391 114 4406 ⁸
146 4399 367 4452 πόλεων
388 4393 694 4466 τιμιωτέρα
713 4391 1008 4462 ἐτύγχανεν
1032 4389 1136 4443 ὑπὸ
1158 4391 1258 4459 τῆς
1278 4389 1372 4442 τοῦ
1399 4389 1604 4442 δικαίου
1637 4389 1842 4462 ἀρετῆς

149 4483 536 4556 κοσμουμένη,
559 4482 653 4536 καὶ
674 4479 1034 4551 λαμπροτέρα
1049 4469 1148 4548 τῆς
1171 4477 1494 4547 οἰκουμένης
1517 4477 1835 4548 φαινομένη.

147 4575 262 4630 Καὶ
293 4571 450 4633 Λὼτ,
482 4570 636 4641 φησι,
661 4567 742 4634 τῷ
771 4566 1282 4637 συμπορευομένῃ)
1327 4566 1477 4634 μετὰ
1502 4567 1718 4634 Ἀϐραμ
1760 4561 1840 4633 ἦν

149 4659 252 4716 καί
287 4658 582 4726 πρόϐατα,
615 4655 714 4708 καί
743 4655 911 4720 βόες,
959 4652 1058 4705 καί
1097 4651 1288 4718 κτήνη
1308 4665 1323 4682 ο
1353 4649 1454 4706 καί
1504 4651 1614 4704 οὐκ
1635 4650 1840 4719 ἐχώρει

149 4746 384 4810 αὐτοὺς
429 4745 470 4812 ἡ
518 4742 596 4812 τῆ
628 4741 930 4796 κατοικεῖν
956 4739 1096 4809 ἅμα,
1153 4738 1244 4791 ὅτι
1285 4734 1363 4808 ἦν
1397 4737 1471 4791 τὰ
1493 4738 1842 4807 ὑπάρχοντα

151 4834 361 4890 αὐτῶν
393 4831 618 4893 πολλὰ.
643 4831 745 4884 καί
773 4831 885 4883 οὐκ
913 4825 1216 4896 ἠδύναντο
1256 4825 1553 4880 κατοικεῖν
1587 4827 1726 4896 ἅμα.
1766 4827 1838 4880 Οὒ

158 4924 326 4995 μόνον
371 4920 456 4990 τῷ
503 4918 822 4989 πατριάρχῃ
851 4915 920 4970 τά
949 4916 1048 4985 τῆς
1093 4915 1409 4986 περιουσίας
1442 4914 1657 4986 ηὔξετο,
1708 4915 1844 4970 ἀλλὰ

155 5013 268 5072 Καὶ
295 5007 380 5075 τῷ
405 5009 538 5063 Λὼτ
563 5003 666 5075 ἦν,
691 5006 847 5076 φησι,
875 5005 1162 5072 πρόϐατα,
1195 5003 1292 5056 καί
1311 5003 1480 5070 βόες,
1505 5003 1602 5057 καὶ
1625 5005 1838 5072 κτήνη.

160 5101 330 5159 Ἴσως
363 5095 434 5148 τὰ
471 5095 569 5165 μὲν
625 5093 792 5154 αὐτὸς
811 5129 826 5154 ,
858 5089 1136 5159 φιλότιμος
1169 5089 1268 5151 ὣν,
1303 5089 1554 5160 ἐδωρεῖτο
1583 5090 1660 5160 τῷ
1693 5089 1844 5143 ἀδελ-

158 5185 324 5258 φιδῷ,
347 5186 418 5237 τὰ
445 5183 504 5236 δὲ
547 5183 644 5236 καὶ
687 5181 868 5251 ἕτεροι
915 5177 1064 5246 αὐτῷ
1096 5181 1352 5248 παρεῖχον
1387 5177 1476 5230 διά
1519 5178 1617 5248 τὴν
1641 5178 1721 5241 εἰς
1752 5179 1844 5231 τὸν

156 5271 514 5344 πατριάρχην
535 5268 718 5338 τιμήν.
755 5264 865 5318 Καὶ
893 5265 1003 5317 οὐκ
1039 5261 1244 5332 ἐχώρει
1298 5263 1540 5329 αὐτοὺς,
1589 5264 1772 5334 φησὶν,
1802 5263 1840 5330 ἠ

155 5360 262 5430 τῆ,
325 5357 418 5410 ὅτι
454 5351 534 5426 ἦν
573 5352 647 5408 τὰ
685 5351 1036 5420 ὑπάρχοντα
1081 5350 1282 5404 αὐτῶν
1326 5351 1548 5404 πολλά.
1589 5351 1730 5422 Ὅρα
1782 5351 1845 5403 τὸ

157 5443 370 5514 πλῆθος
421 5440 520 5508 τῆς
551 5435 870 5508 περιουσίας
897 5433 1099 5496 εὐθέως
1127 5433 1460 5495 διαστάσεως
1513 5432 1682 5486 αἴτιον
1709 5434 1846 5502 γινό-

162 5549 353 5604 μενον,
389 5529 487 5582 καὶ
515 5525 616 5595 τὴν
641 5523 908 5594 διαίρεσιν
936 5521 1324 5604 ἐργαζόμενον,
1346 5520 1443 5604 καὶ
1475 5521 1570 5591 τὴν
1589 5522 1845 5604 όμόνοιαν

157 5615 480 5674 διακόπτον,
505 5611 600 5662 καὶ
631 5606 732 5676 τῆς
772 5605 1090 5673 συγγενείας
1135 5603 1226 5656 τὸν
1257 5603 1550 5672 σύνδεσμον
1581 5603 1841 5673 διαιροῦν.

157 5701 274 5756 Καὶ
310 5696 552 5767 ἐγένετο
589 5695 756 5764 μάχη
807 5692 925 5746 ἀνὰ
961 5690 1157 5760 μέσον
1214 5689 1335 5744 τῶν
1391 5690 1690 5759 ποιμένων
1727 5691 1846 5744 τῶν

157 5785 406 5856 κτηνῶν
435 5783 544 5838 τοῦ
582 5783 820 5850 Ἅϐραμ,
847 5780 946 5833 καὶ
992 5778 1111 5833 ἀνὰ
1149 5777 1343 5850 μέσον
1382 5776 1500 5829 τῶν
1546 5778 1844 5847 ποιμένων

159 5875 270 5930 τοῦ
311 5873 464 5927 Λώτ.
511 5872 580 5924 Ol
617 5867 688 5922 δὲ
743 5865 1063 5922 Χαναναῖοι
1118 5865 1217 5920 καί
1271 5865 1326 5917 οἱ
1384 5862 1673 5931 Φερεζαῖοι
1713 5867 1846 5919 τότε

161 5959 481 6027 κατῴκουν
520 5957 636 6026 τὴν
671 5954 812 6027 ⁸γῆν.
849 5954 1050 6010 Σκόπει
1087 5951 1204 6017 πῶς
1249 5953 1297 6006 οἱ
1355 5954 1720 6024 προσήκοντες
1748 5953 1846 6026 τὴν

1209 337 1277 396 IN
1313 337 1466 395 CAP.
1511 339 1630 395 XIII
1668 338 1914 397 GENES.
1957 339 2192 398 HOMI‘L.
2229 342 2473 402 XXXIII.

3492 355 3597 410 508

1932 456 2110 526 ἀρχὴν
2133 458 2232 530 τῆς
2283 459 2619 528 διαστάσεως
2645 463 2998 537 ἐργάζονται.
3036 461 3314 521 ’Ἐντεῦθεν
3347 469 3458 541 γὰρ
3513 473 3602 526 ἀεὶ

1929 544 2107 597 πάντα
2134 544 2328 613 φύεται
2368 547 2436 600 τὰ
2463 547 2608 603 κακά
2631 551 2739 604 ἀπὸ
2765 552 2863 622 τῆς
2891 551 2999 606 τῶν
3027 554 3241 606 οἰκείων
3271 555 3596 628 μοχθηρίας.

1941 631 2212 712 Ἐγένετο
2238 635 2365 706 γὰρ,
2391 638 2544 707 φησὶ,
2571 637 2738 707 μάχη
2772 637 2890 694 ἀνὰ
2905 640 3104 709 μέσον
3133 641 3252 696 τῶν
3277 643 3591 712 ποιμένων.

1928 711 2090 772 Οὗτοί
2117 721 2254 774 εἰσιν
2279 724 2327 775 οἰ
2358 722 2457 793 τῆς
2483 723 2804 795 διαιρέσεως
2839 727 2936 798 τὴν
2961 728 3214 800 ἀφορμὴν
3245 711 3597 802 παρέχοντες,

1925 808 1977 860 οἰ
2015 807 2112 878 τὴν
2136 809 2391 879 ὁμόνοιαν
2412 810 2564 885 [5341
2599 807 2953 879 διασπῶντεξ.
2995 819 3042 868 οἰ
3075 817 3275 888 πολλὴν
3301 817 3402 890 τὴν
3423 819 3600 890 ἀγνω‹

1930 890 2166 960 μοσύνην
2195 893 2646 966 ἐπιδεικνύμενοι.
2687 897 2750 950 οι
2771 896 2840 950 δὲ
2870 900 3190 954 Χαναναῖοι
3221 901 3320 955 καὶ
3345 904 3400 956 οἱ
3434 905 3600 970 Φερε-

1926 971 2068 1031 ζὶιῖοι
2089 975 2219 1028 τότε
2240 975 2551 1041 κατῴκουν
2577 977 2694 1047 τὴν
2719 979 2858 1048 γῆν.
2881 981 3039 1044 Τίνος
3063 982 3247 1036 ἕνεκεν
3285 986 3418 1054 ἡμῖν
3441 985 3600 1038 τοῦτο

1926 1057 2342 1128 ὲπεσημήνατος
2384 1061 2600 1134 Ἐπειδὴ
2639 1059 2828 1126 εἶπεν,
2862 1065 2944 1117 ὅτι
2979 1067 3100 1118 Οὐκ
3145 1065 3350 1136 ἐχώρει
3378 1068 3600 1134 αὐτοὺς

1923 1143 1962 1210 ’ἠ
1985 1141 2064 1212 γῆ
2095 1145 2395 1200 κατοικεῖν
2416 1147 2556 1217 ἅμα,
2592 1149 2689 1220 τὴν
2722 1151 2901 1204 αἰτίαν
2924 1153 3071 1222 ἡμᾶς
3099 1153 3304 1218 διδάξαι
3338 1155 3601 1224 ἠθέλησεν

1922 1231 1956 1300 ἡ
1989 1230 2107 1284 θεία
2135 1233 2349 1306 Γραφὴ,
2383 1235 2466 1290 ὅτι
2491 1236 2580 1290 διὰ
2612 1237 2772 1292 τοῦτο
2807 1240 3007 1304 αὐτοὺς
3027 1241 3126 1293 οὐκ
3161 1239 3377 1312 ἐχώρει,
3411 1241 3600 1314 ἐπειδὴ

1925 1317 2006 1372 ἔτι
2034 1321 2428 1393 προκατείχετο
2455 1324 2562 1378 ὑπὸ
2585 1325 2791 1380 τούτων
2833 1327 2942 1380 τῶν
2993 1327 3184 1384 ἐθνῶν.
3233 1329 3370 1382 Ἀλλ’
3405 1329 3600 1398 ἴδωμεν

1923 1402 2016 1455 τοῦ
2039 1406 2376 1478 πατριάρχου
2404 1408 2503 1479 τὴν
2535 1409 2782 1484 φιλόθεον
2813 1409 3060 1481 γνώμην,
3081 1411 3230 1476 ὅπως
3252 1413 3602 1468 καταστέλλει

1925 1490 2023 1562 τὴν
2058 1492 2355 1564 μέλλουσαν
2375 1495 2708 1570 ἐξάπτεσθαι
2737 1497 2918 1567 πυράν
2946 1498 3036 1552 διὰ
3061 1500 3161 1570 τῆς
3190 1501 3396 1564 οἰκείας
3425 1503 3600 1554 ἐπιει-

1924 1575 2097 1640 κείας.
2120 1573 2266 1631 Εἷπε
2291 1577 2380 1642 δὲ,
2403 1568 2590 1650 φησιν,
2618 1581 2836 1651 Ἅϐραμ
2862 1580 2944 1648 τῷ
2961 1568 3126 1637 Λώτ(
3155 1583 3254 1650 Μὴ
3270 1583 3426 1637 ἔστω
3434 1581 3602 1652 μάχη

1923 1662 2042 1716 ἀνὰ
2067 1664 2264 1734 μέσον
2285 1666 2430 1735 ἐμοῦ
2457 1667 2556 1721 καί
2585 1667 2724 1732 σοῦ,
2759 1669 2858 1722 καί
2894 1670 3012 1724 ἀνὰ
3032 1673 3231 1739 μέσον
3254 1670 3374 1724 τῶν
3401 1669 3604 1740 ποιμέ-

1923 1768 2045 1804 νων
2061 1770 2181 1821 μου
2210 1753 2307 1807 καί
2334 1754 2452 1808 τῶν
2479 1755 2778 1825 ποιμένων
2814 1773 2954 1822 σου,
2987 1759 3077 1812 ὅτι
3127 1758 3380 1828 ἀδελφοί
3429 1759 3606 1827 ἡμεῖς·

1923 1841 2128 1910 ἐσμεν.
2151 1842 2292 1914 Ὅρα
2325 1845 2824 1917 ταπεινοφροσύνης
2880 1847 3208 1919 ὑπερϐολὴν,
3255 1849 3359 1919 ὅρα
3398 1848 3606 1916 φιλοσο-

1925 1928 2054 1998 φίας
2077 1927 2228 1998 Mog.
2265 1929 2323 1984 '0
2357 1929 2554 2003 γέρων,
2585 1933 2614 1985 ὁ
2637 1933 2948 2005 πρεσϐύτης
2986 1934 3076 1988 τὸν
3103 1935 3244 2002 νέον,
3265 1935 3354 1989 τὸν
3391 1935 3608 2004 ἀδελφι-

1923 2007 2046 2069 δοῦν
2079 2015 2302 2086 ἀδελφὸν
2361 2017 2778 2090 προσαγορεύει,
2833 2021 2926 2075 καὶ
2975 2021 3056 2086 είς
3088 2020 3186 2093 τὴν
3232 2021 3402 2092 αὐτὴν
3449 2019 3604 2092 αύτῷ

1923 2103 2089 2176 τιμὴν
2124 2104 2336 2173 ἀνάγει,
2365 2107 2456 2160 καί
2481 2107 2634 2161 οὐδὲν
2673 2107 2850 2180 ἑαυτῷ
2873 2108 3032 2162 πλέον
3063 2107 3214 2176 νέμει
3236 2126 3249 2140 ·
3281 2105 3417 2164 ἀλλά
3443 2126 3602 2178 φησι,

1922 2189 2020 2259 Μὴ
2043 2191 2199 2245 ἔστω
2218 2192 2382 2262 μάχη
2409 2193 2526 2249 ἀνά
2547 2193 2740 2264 μέσον
2758 2197 2905 2263 ἐμοῦ
2930 2197 3030 2250 καί
3049 2198 3188 2262 σοῦ,
3207 2196 3304 2251 καὶ
3331 2197 3449 2251 τῶν
3467 2210 3602 2250 ποι-

1921 2281 2120 2350 μένων
2139 2300 2260 2350 μου
2307 2283 2407 2336 καί
2441 2283 2562 2337 τῶν
2584 2284 2883 2354 ποιμένων
2918 2301 3055 2340 σου.
3091 2287 3229 2340 Οὐδὲ
3249 2284 3358 2356 γάρ
3391 2285 3460 2338 ἂν
3492 2284 3602 2354 εἰη,

1927 2369 2111 2439 φησὶν,
2153 2367 2374 2439 εὔλογον
2409 2371 2566 2425 τοῦτο
2596 2371 2870 2440 γενέσθαι,
2923 2373 3110 2444 ἐπειδὴ
3139 2371 3356 2441 ἀδελφοί
3414 2373 3604 2444 ἐσμεν.

1926 2453 2079 2520 Εἶδες
2103 2453 2459 2517 ἀποστολικὺν
2488 2461 2652 2530 νόμον
2681 2460 2843 2515 αὐτὸν
2875 2461 3205 2532 πληροῦντα,
3233 2460 3324 2512 τὸν
3353 2459 3601 2527 λέγοντα-⁸

1931 2545 2073 2613 Ἤδη
2101 2547 2218 2616 μὲν
2252 2543 2366 2602 οὖν
2398 2549 2553 2616 ὅλως
2587 2548 2818 2618 ἥττημα
2846 2548 2989 2618 ὑμῖν
3015 2549 3204 2610 ἐστιν,
3239 2547 3328 2602 ὅτι
3352 2549 3610 2617 κρίματα

1928 2633 2097 2702 ἔχετε
2146 2637 2275 2703 μεθ’
2303 2635 2552 2691 ἑαυτῶν.
2589 2639 2692 2691 Διὰ
2720 2639 2776 2690 τί
2819 2637 2955 2704 οὐχὶ
2983 2635 3224 2706 μᾶλλον
3259 2635 3606 2700 ἀδικεῖσθε;

1927 2719 2024 2776 διὰ
2048 2723 2104 2776 τί
2122 2723 2453 2792 οὐμᾶλλον
2474 2725 2943 2794 άποστερεῒσθε;
2987 2727 3137 2780 Ἀλλ’
3161 2725 3329 2794 ὑμεῖς
3351 2723 3610 2779 ἀδικεῖτε

1929 2809 2030 2864 καὶ
2051 2799 2582 2880 ἀποστερεῖτεέκαί
2623 2813 2814 2868 ταῦτα
2843 2812 3167 2882 ἀδελφούς.
3213 2811 3402 2867 Ταῦτα
3432 2813 3611 2868 πάντα.

1929 2899 2017 2952 διὰ
2045 2899 2152 2952 τῶν
2189 2899 2366 2970 ἔργων
2399 2899 2620 2972 πληρῶν
2652 2903 2681 2954 ό
2731 2901 3074 2972 πατριάρχης
3104 2901 3256 2972 φησι·
3311 2899 3408 2968 Μὴ
3452 2901 3612 2954 ἔστω

1924 2987 2089 3058 μάχη
2117 2987 2234 3042 ἀνὰ
2263 2987 2461 3058 μέσον
2489 3000 2515 3027 ιι
2549 2986 2668 3040 τῶν
2699 2988 2998 3058 ποιμένων
3023 3006 3167 3057 μου,
3197 2987 3296 3042 καὶ
3325 2987 3445 3041 τῶν
3475 3003 3607 3042 ποι-

1926 3077 2128 3148 μένων
2157 3092 2294 3139 σου,
2333 3075 2422 3129 ὅτι
2454 3073 2752 3144 ἅνθρωποι
2797 3075 3049 3144 ἀδελφοί
3105 3071 3275 3144 ἡμεῖς
3301 3076 3510 3144 ἐσμεν.
3543 3076 3614 3130 Τί

1933 3167 2134 3240 ταύτης
2163 3169 2262 3238 τῆς
2312 3167 2490 3238 ψυχῆς
2547 3167 2964 3238 εἰρηνικώτερον
3007 3168 3202 3236 γένοιτ’
3235 3167 3342 3233 av;
3380 3171 3520 3240 ’Ἄρα
3547 3169 3610 3221 οὐ

1938 3257 2113 3328 μάτην
2130 3257 2248 3309 οὐδὲ
2281 3255 2406 3326 εἰκῆ
2426 3257 2484 3309 ὲν
2507 3255 2814 3328 προοιμίοις
2841 3255 3048 3322 ἔλεγον,
3071 3257 3152 3309 ὅτι
3181 3255 3270 3309 διὰ
3299 3256 3360 3309 τὸ
3384 3258 3611 3327 ἡσυχίας

1931 3345 2063 3416 ὲρᾷν
2099 3344 2192 3396 καὶ
2244 3343 2712 3414 ἀπραγμοσύνης,
2766 3341 2854 3396 διά
2886 3341 3044 3396 τοῦτο
3088 3343 3186 3413 τὴν
3225 3343 3462 3414 ἐρημίαν
3514 3343 3616 3412 τῆς

1932 3429 2254 3501 οἰκουμένης
2292 3428 2588 3502 προετίμα.
2623 3431 2766 3500 Ὅρα
2812 3430 2920 3500 γὰρ
2950 3429 3110 3482 αὐτὸν
3149 3430 3243 3484 καὶ
3269 3431 3387 3496 νῦν,
3424 3429 3612 3501 ἐπειδὴ

1933 3517 2069 3580 ὅλως
2127 3511 2236 3571 εἶδε
2283 3518 2410 3580 τοὺς
2464 3516 2730 3584 ποιμένας
2763 3516 3337 3587 διαπληκτιζομένους,
3405 3518 3525 3581 πῶς
3553 3517 3617 3583 ἐξ

1933 3605 2108 3676 ἀρχῆς
2133 3603 2334 3667 εὐθέως
2372 3603 2629 3674 πειρᾶται
2662 3605 3016 3656 καταστεῖλαι
3055 3603 3154 3674 τὴν
3197 3603 3492 3673 μέλλουσαν
3527 3603 3614 3667 ἒξ-

1934 3691 2202 3748 ἀπτεσθαι
2244 3691 2444 3763 πυρὰν,
2480 3693 2575 3745 καὶΙ
2604 3691 2768 3744 παύει
2809 3693 2907 3762 τὴν
2939 3691 3294 3761 φιλονεικίαν.
3326 3690 3476 3744 Ἔδει
3503 3693 3622 3762 γάρ

1935 3780 2098 3837 αὐτὸν
2153 3781 2290 3834 πᾶσι
2342 3783 2456 3842 τοῖς
2483 3779 2581 3851 τὴν
2635 3778 3002 3850 Παλαιστίνην
3029 3777 3238 3832 οἰκοῦσι
3295 3778 3626 3834 διδάσκαλον-

1937 3867 2250 3938 φιλοσοφίας
2269 3865 2568 3936 ἀφιγμένον
2599 3866 2870 3936 μηδεμίαν
2893 3865 3150 3937 παρέχειν
3180 3864 3454 3937 ἀφορμὴν,
3479 3866 3630 3936 μηδὲ,

1936 3955 2106 4027 λαϐὴν
2132 3953 2333 4017 δοῦναι,
2357 3952 2492 4006 ἀλλὰ
2515 3953 2602 4006 διὰ
2629 3952 2729 4022 τῆς
2754 3951 2864 4006 τῶν
2897 3953 3113 4022 τρόπων
3161 3953 3460 4016 ἐπιεικείας
3496 3953 3616 4008 σάλ-

1939 4060 2135 4112 πιγγος
2166 4041 2544 4113 λαμπρότερον
2573 4039 2779 4104 πάντας
2821 4040 3018 4103 αὐτοὺς
3049 4039 3355 4104 παιδεῦσαι,
3406 4041 3502 4094 καὶ
3531 4058 3616 4112 μι-

1942 4130 2118 4202 μητὰς
2145 4129 2481 4199 καταστῆσαι
2511 4129 2609 4200 τῆς
2633 4128 2839 4190 οἰκείας
2869 4128 3088 4198 ἀρετῆς.
3123 4126 3222 4194 Μὴ
3259 4128 3437 4190 ἔστω,
3457 4129 3618 4197 φησὶ,

1933 4219 2099 4290 μάχη
2152 4217 2271 4272 ἀνὰ
2289 4216 2485 4286 μέσον
2511 4213 2656 4285 ἐμοῦ
2691 4213 2790 4268 καὶ
2827 4211 2965 4278 σοῦ,
3007 4216 3104 4268 καί
3135 4215 3251 4269 ἀνὰ
3273 4213 3468 4283 μέσον
3496 4214 3636 4268 τῶν-

1939 4303 2235 4376 ποιμένων
2257 4321 2378 4374 μου
2415 4301 2514 4356 καί
2547 4299 2666 4356 τῶν
2696 4301 2994 4370 ποιμένων
3021 4317 3157 4364 σου,
3191 4301 3282 4354 ὅτι
3316 4301 3616 4368 ἄνθρωποι

1938 4391 2189 4463 ἀδελφοί
2219 4391 2391 4461 ἡμεῖς
2412 4390 2618 4459 ἐσμεν.
2647 4387 2822 4462 Πολλὴ
2849 4388 2956 4442 τῶν
2985 4389 3244 4460 ῥημάτων
3269 4390 3302 4460 ὴ
3324 4389 3634 4458 ἐπιείκεια,-

1953 4483 2085 4537 Ἀνὰ
2098 4481 2296 4550 μέσον
2326 4478 2472 4548 ἐμοῦ
2502 4475 2598 4530 καί
2624 4476 2763 4530 σοῦ.

2009 4575 2080 4640 γ’.
2104 4567 2301 4620 Σκόπει
2324 4564 2439 4628 πῶς
2454 4563 2514 4628 ἐξ
2533 4563 2798 4633 ἰσοτιμίας
2825 4561 2971 4632 αὐτῷ
2989 4561 3324 4631 διαλέγεται·
3353 4564 3529 4618 καίτοι
3548 4565 3616 4620 τὰ

1939 4653 2038 4727 τῆς
2069 4655 2247 4727 μάχης
2285 4653 2382 4722 οὐχ
2425 4651 2686 4723 ἑτέρωθεν
2719 4646 2871 4718 οἶμαι
2904 4649 3002 4720 τὴν
3031 4650 3205 4721 ἀρχὴν
3235 4651 3548 4721 ἐσχηκέναι,
3581 4651 3632 4722 ἢ,

1941 4745 2048 4798 ἀπὸ
2101 4742 2195 4796 τοῦ
2240 4743 2366 4804 τοὺς
2399 4738 2666 4810 ποιμένας
2697 4737 2793 4791 τοῦ
2837 4737 3175 4808 πατριάρχου
3210 4739 3284 4809 μὴ
3315 4742 3636 4810 συγχωρεῖν,

1941 4831 2169 4892 ἐκείνοις
2196 4830 2294 4900 τῆς
2327 4829 2496 4898 αὐτῆς
2525 4827 2706 4890 αὐτοῖς
2741 4825 2925 4887 ἀδείας
2957 4824 3268 4880 ἀπολαύειν.
3311 4825 3450 4878 Ἀλλ’
3485 4825 3513 4876 ὁ
3537 4827 3616 4878 δί-

1941 4936 2096 4982 καιος
2129 4916 2383 4979 ἐπιεικῶς
2421 4915 2600 4969 πάντα
2621 4915 2762 4967 ποιεῖ
2793 4914 2842 4979 ι),
2872 4911 3206 4983 δεικνὺςτῆς
3231 4912 3438 4992 οἰκείας
3469 4913 3618 4982 φιλο-

1943 5007 2132 5077 σοφίας
2163 5005 2260 5078 τὴν
2292 5003 2618 5076 ὑπερϐολὴν,
2651 5001 2747 5056 καὶ
2779 5001 3048 5055 παιδεύων
3080 5001 3140 5054 οὺ
3173 5003 3299 5063 τοὺς
3327 5001 3449 5053 τότε
3477 5019 3619 5073 παρ-

1939 5097 2100 5159 όντας
2140 5095 2320 5166 μόνον,
2355 5093 2490 5148 ἀλλὰ
2513 5093 2605 5146 καὶ
2636 5091 2843 5154 πάντας
2863 5092 2988 5154 τοὺς
3018 5089 3167 5161 ἑξῆς,
3190 5087 3458 5160 μηδέποτε
3481 5090 3618 5160 πρὸς

1941 5189 2067 5249 τοὺς
2099 5183 2324 5255 πλησίον
2371 5180 2852 5252 διαπληκτίζεσθαι
2893 5179 3021 5243 τοὺς
3067 5179 3200 5249 ἡμῖν
3243 5179 3616 5249 διαφέροντας.

1954 5273 2017 5325 Ἦ
2047 5273 2154 5344 γὰρ
2198 5271 2421 5325 ἐκείνων
2473 5269 2772 5337 φιλονεικία
2823 5269 2955 5339 ἡμῖν
2989 5267 3188 5337 πολλὴν
3231 5266 3620 5337 προστρίϐεται

1942 5358 2039 5429 τὴν
2065 5357 2298 5424 ἀδοξίαν.
2333 5357 2427 5411 καὶ
2458 5355 2606 5429 [ὄόὕ]
2635 5357 2784 5410 οὐδὲν
2810 5355 3038 5419 ἐκείνοις
3075 5355 3332 5422 λογιεῖται
3369 5364 3391 5392 ε
3423 5353 3490 5406 τὰ
3535 5371 3620 5420 γι‹

1943 5449 2163 5518 νόμενα,
2191 5444 2306 5499 ἀλλ’
2333 5447 2413 5507 εἰς
2445 5443 2593 5513 ἡμᾶς
2623 5441 2911 5512 ἀνατρέχει
2937 5440 3006 5494 τὰ
3041 5441 3143 5510 τῆς
3180 5439 3459 5510 μέμψεως.
3505 5435 3618 5491 Ποῦ

1943 5531 2036 5588 οὖν
2061 5533 2280 5601 εὔλογον
2325 5529 2642 5602 ἀνθρώπους
2670 5528 2930 5596 ἀδελφοὺς
2963 5527 3144 5590 ὄντας,
3197 5528 3290 5580 καί¹
3319 5527 3418 5594 τῆς
3447 5525 3622 5594 αὐτῆς

1948 5621 2164 5692 φύσεως
2210 5619 2576 5690 τυγχάνοντας
2607 5659 2624 5684 ,
2685 5617 2782 5669 καὶ
2811 5615 2909 5687 τῆς
2941 5615 3110 5685 αὐτῆς
3143 5614 3481 5682 συγγενείας,
3523 5613 3620 5666 καὶ

2013 5782 2038 5809 ⁸
2063 5778 2160 5828 Alii
2184 5779 2274 5826 ἀνὰ
2296 5777 2440 5840 μέσον
2463 5775 2580 5839 ἐμοῦ
2603 5776 2684 5824 καὶ
2706 5771 2815 5840 σοῦ,
2838 5773 2918 5840 καὶ
2941 5773 3029 5840 ᾀνά
3049 5773 3359 5840 μέσονηθισ,
3381 5777 3527 5830 atque
3550 5772 3618 5818 ita

1955 5841 2080 5901 legit
2101 5831 2306 5901 inlerpf
2348 5840 2376 5880 b
2399 5831 2606 5888 Sic'lres
2625 5851 2744 5886 mss.
2773 5831 2822 5901 μὴ
2841 5837 2993 5901 εᾱηὶε
3015 5831 3262 5883 séntenlia
3285 5845 3450 5901 [uappa
3472 5841 3616 5901 ora}:

1954 5892 2389 5968 ge'dAinlcrpbene
2412 5901 2624 5968 ηερε-ιιι.
2659 5960 2669 5968 _
2695 5899 2810 5946 cSic
2833 5898 3011 5945 Sav.el
3029 5909 3116 5966 εεκ
3141 5908 3256 5968 τρέε.
3280 5895 3344 5944 At
3368 5895 3483 5943 Mur.
3509 5892 3620 5944 οὐδὲ

1955 5965 2148 6021 ἐκείνοις
2169 5957 2421 6026 λογίζεται.
2461 5957 2610 6013 Savil.
2656 5960 2706 6010 in
2741 5973 2893 6022 marg.
2944 5958 3070 6021 conj.
3105 5957 3271 6013 οὐδείς.
