4062 6396
437 361 545 418 30‘)

434 475 717 548 παροικεῖν
766 470 999 527 ἐνταῦθα
1030 468 1343 540 μέλλοντας,
1405 470 1483 532 εἰς
1516 465 1784 539 τοσαύτην
1811 466 2110 537 ἐμπίπτειν

435 565 783 634 φιλονεικίαν,
820 559 1131 629 ὀφείλοντας
1164 556 1493 620 ἐπιεικείας,
1530 556 1624 609 καὶ
1655 556 1986 626 πραΰτητος,
2018 555 2113 609 καὶ

434 650 752 721 φιλοσοφίας
802 648 1021 719 ἀπάσης
1069 645 1426 708 διδασκάλους
1489 642 1852 697 καθίστασθαι
1903 642 2115 705 τούτοις

436 740 633 803 πᾶσινς
681 735 1050 788 Ἀκουέτωσαν
1072 732 1244 786 ταῦτα
1268 733 1313 784 οἱ
1344 730 1657 801 νομίζοντες
1693 729 1798 794 ἔξω
1824 730 2115 800 τυγχάνειν

435 825 817 897 ἐγκλημάτων,
837 825 933 877 ἐπε
942 823 1054 876 ιδάν
1074 823 1201 885 τοὺς
1221 822 1403 885 αὐτοῖς
1423 820 1796 891 προσήκοντας
1817 817 2115 890 περιορῶσι

434 916 521 970 διὰ
554 916 652 985 τὴν
707 913 845 985 πρὸς
895 912 1093 975 αὐτοὺς
1131 910 1441 979 οἰκειότητα
1488 906 1856 979 ἁρπάζοντας,
1894 904 2117 958 πλεονε-

436 1003 715 1065 κτοῦντας,
751 1002 919 1072 μυρία
968 999 1115 1053 κακά
1165 996 1520 1059 διατιθέντας,
1572 994 1667 1047 καὶ
1695 994 1753 1045 ἐν
1786 991 1993 1054 πόλεσι,
2028 995 2114 1045 καὶ

435 1094 492 1144 ἐν
521 1092 728 1161 ἀγροῖς,
756 1090 882 1151 τοὺς
908 1088 1089 1149 αὐτοῖς
1114 1083 1488 1155 γειτνιῶντας,
1520 1082 1616 1135 καὶ
1642 1080 2118 1151 παρασπωμένους

432 1180 527 1232 τοῦ
561 1179 658 1249 μὲν
689 1178 780 1231 τὸν
810 1177 1001 1249 ἀγρὸν,
1025 1174 1120 1228 τοῦ
1145 1174 1202 1227 δέ
1233 1172 1331 1244 τὴν
1356 1172 1552 1233 οἰκίαν,
1579 1167 1867 1239 καὶταύτῃ
1904 1165 2119 1218 πλείονα

437 1267 637 1337 μᾶλλον
670 1265 768 1337 τὴν
790 1264 1001 1319 εὔνοιαν
1032 1263 1159 1334 περί¹
1191 1262 1389 1325 αὐτοὺς
1432 1257 1889 1327 ἐπιδεικνύμενοι.
1919 1256 1980 1307 Εἰ
2012 1253 2119 1323 7&9

436 1357 529 1409 καὶ
560 1356 746 1423 ἐτέρου
774 1354 836 1406 τὸ
867 1353 969 1421 τῆς
999 1352 1215 1414 ἀδικίας
1249 1350 1408 1420 ἔργον
1435 1345 1524 1418 ῆν,
1555 1346 1668 1399 ἀλλ’
1703 1343 1866 1407 αὐτὸς
1897 1342 2120 1396 ἐκοινώσ-

435 1460 603 1513 νησας
626 1441 720 1494 τοῦ
762 1442 1107 1511 πράγματος,
1143 1438 1205 1491 οὐ
1236 1439 1395 1508 μόνον
1428 1435 1507 1507 τῷ
1542 1433 1833 1504 ἐφήδεσθαι
1862 1431 1939 1501 τῷ
1961 1446 2122 1499 γεγε-

437 1531 677 1601 νημένῳ,
700 1530 794 1583 καὶ
826 1528 1065 1599 νομίζειν
1092 1528 1155 1580 ἐκ
1183 1526 1374 1579 τούτου
1396 1540 1476 1576 σοι
1507 1522 1603 1593 τὴν
1635 1522 1825 1574 οὐσίαν
1840 1518 2119 1585 αύξεσθαι,

438 1620 531 1673 καὶ⁵
567 1619 663 1689 τὴν
696 1616 1013 1687 περιουσίαν
1050 1615 1270 1669 πλείονα
1303 1611 1576 1682 γενέσθαι,
1618 1609 1754 1665 ἀλλὰ
1805 1607 2004 1678 καὶτῷ
2046 1606 2120 1677 μὴ

441 1708 680 1761 κωλῦσαι
718 1705 1017 1777 μέλλουσαν
1050 1704 1147 1774 τὴν
1176 1704 1389 1757 ἀδικίαν
1416 1703 1495 1763 εἰς
1526 1699 1686 1771 ἔργον
1724 1697 2016 1750 ἐκϐαίνειν.
2063 1696 2122 1747 Ὀ

441 1797 549 1867 7&9
585 1794 879 1864 δυνάμενος
916 1792 1157 1846 κωλῦσαι
1205 1792 1296 1843 τὸν
1345 1788 1657 1848 ἀδικοῦντα,
1693 1786 1787 1839 καὶ
1842 1784 1914 1855 μὴ
1966 1782 2124 1836 τοῦτο

442 1881 634 1943 ποιῶν,
664 1882 762 1933 ούκ
790 1880 1012 1933 ἔλαττον
1043 1878 1137 1931 τοῦ
1166 1876 1479 1939 ἀδικοῦντος
1510 1875 1609 1937 τὰς
1646 1872 1875 1935 εὐθύνας
1913 1868 2120 1938 ὑφέξει.

512 1986 606 2057 Μὴ
626 1985 806 2038 τοίνυν
827 1983 1018 2038 ἀπατῶ
1026 2001 1124 2054 μεν
1147 1984 1390 2045 ἑαυτοὺς,
1414 1978 1736 2052 παρακαλῶ,
1761 1976 1896 2030 ἀλλά
1916 1974 2010 2028 καὶ
2030 1975 2126 2027 αύ-

440 2073 525 2127 τοὶ
543 2072 833 2142 φεύγωμεν
852 2071 950 2136 τάς
972 2070 1247 2139 άρπαγάς,
1265 2070 1365 2132 τάς
1387 2067 1718 2131 πλεονεξίας,
1739 2065 1832 2117 καὶ
1851 2064 1913 2116 τὸ
1934 2063 1999 2116 ἐκ
2017 2063 2125 2115 τῶν

440 2161 697 2214 τοιούτων
717 2159 901 2224 αὔξειν
924 2162 1053 2230 ημῖν
1074 2158 1171 2228 τὴν
1195 2156 1531 2228 περιουσίαν,
1556 2156 1793 2215 καὶτοὺς
1813 2153 1945 2222 ἡμῖν
1965 2167 2127 2221 προσ-

441 2249 677 2318 ήκοντας
698 2245 1039 2314 παιδεύωμεν
1064 2244 1229 2314 μηδὲν
1250 2242 1458 2295 τοιοῦτο
1480 2238 1825 2311 ἐργάζεσθαι.
1862 2237 1997 2291 Οὐδὲ
2016 2236 2127 2307 7&9

443 2335 766 2398 ἀνευθύνους
789 2337 935 2405 ἡμᾶς
955 2332 1111 2387 τοῦτο
1133 2332 1375 2401 ἀφίησιν,
1400 2330 1535 2383 ἀλλά
1570 2329 1789 2381 πλείονα
1826 2326 1923 2397 τὴν
1962 2325 2126 2378 κατά·

444 2442 622 2496 κρισιν
659 2423 989 2494 ἐργάζεται·
1033 2420 1167 2491 πρὸς
1215 2422 1323 2490 7&9
1376 2421 1472 2490 τὴν
1521 2418 1795 2488 ἡμετέραν
1833 2415 2127 2485 ἀρέσκειαν

442 2516 640 2567 ἐκεῖνοι
679 2514 774 2584 τὴν
811 2511 1018 2565 ἑαυτῶν
1058 2510 1397 2579 προδιδόντες
1437 2507 1743 2579 σωτηρίαν,
1782 2506 1880 2575 τὴν
1914 2504 2126 2559 ἀδικίαν

443 2600 707 2672 τολμῶσι,
733 2598 871 2670 μετὰ
904 2599 1001 2668 τῆς
1036 2596 1245 2651 ἑαυτῶν
1267 2594 1544 2657 ἀπωλείας
1564 2594 1659 2647 καλ¹
1678 2594 1827 2664 ἡμᾶς
1849 2608 2127 2660 συγκατα-

445 2689 705 2748 σπῶντες.
728 2688 791 2741 Εἰ
823 2688 881 2739 δέ
916 2685 1218 2757 βουλόμεθα
1238 2686 1449 2755 νήφειν,
1473 2684 1566 2737 καὶ
1586 2682 1742 2736 αὐτοὶ
1763 2684 1860 2752 τῆς
1882 2680 2128 2733 ἐντεῦθεν

443 2774 621 2845 λύμης
640 2773 1138 2843 ἀπαλλαγησόμεθα
1160 2812 1174 2834 ,
1193 2772 1487 2831 κάκείνους
1508 2769 1891 2838 ἀποστήσομεν
1914 2769 2011 2836 τῆς
2033 2784 2129 2819 κα-

444 2862 549 2923 κῆς
570 2863 985 2931 ἐπιχειρήσεως.
1009 2860 1120 2913 Καὶ
1158 2859 1229 2929 μή
1270 2876 1357 2929 μοι
1391 2857 1515 2923 λέγε
1535 2857 1603 2909 τά
1622 2855 1806 2926 ψυχρά
1827 2856 2008 2908 ἐκεῖνα
2032 2855 2129 2925 ῥή-

449 2968 593 3020 ματα
614 2970 624 2979 ·
650 2950 816 3003 Οὐδέν
839 2967 927 3020 μοι
952 2950 1120 3020 μέλει.
1145 2949 1235 3019 Μὴ
1256 2948 1365 3017 7&9
1388 2946 1498 3015 ἐγὼ
1519 2944 1960 3015 παρεσπασάμην
1981 2961 1997 3010 ;
2026 2944 2131 2995 Of:-

444 3040 533 3092 δέν
550 3034 667 3091 οἶδα
688 3055 701 3069 ο
726 3038 813 3091 ἐτε
824 3056 913 3110 ρος
935 3038 1251 3108 εἰργάσατο,
1286 3035 1386 3087 ούκ
1424 3034 1754 3102 ἐκοινώνησα
1775 3033 1874 3102 τῆς
1895 3032 2126 3096 ἀδικίας.

447 3126 653 3196 Σκῆψις
670 3126 839 3178 ταῦτα
861 3126 956 3178 καὶ
978 3124 1271 3195 πρόφασις.
1298 3124 1360 3175 Εἰ
1386 3122 1561 3190 βούλει
1580 3121 1747 3185 δεῖξαι
1766 3122 1847 3174 ὅτι
1870 3122 1969 3173 οὐκ
1990 3122 2131 3173 ἐκοι-

446 3213 693 3285 νώνησας
713 3214 809 3283 τῆς
829 3212 1065 3273 ἀδικίας,
1088 3214 1179 3264 καὶ
1200 3212 1261 3263 ού
1284 3208 1646 3281 συνέπραξας,
1671 3212 1763 3262 καὶ
1784 3211 1881 3278 τῆς
1909 3208 2129 3261 πλεονεη

450 3300 568 3365 ξίας
587 3301 647 3353 ού
668 3301 897 3369 γέγονας
920 3299 1179 3370 ἐργάτης,
1202 3298 1491 3369 διόρθωσαι
1511 3299 1572 3351 τὸ
1591 3298 1833 3366 γεγονὸς,
1874 3294 2131 3368 παραμύ-

448 3389 609 3460 θησαι
630 3388 719 3441 τὸν
740 3386 1087 3457 ἠδικημένον,
1112 3387 1308 3449 ἀπόδος
1340 3385 1407 3438 τά
1442 3385 1824 3457 ἀφαιρεθέντα.
1849 3383 2005 3437 Οὕτω
2024 3384 2132 3455 7&9

449 3476 546 3530 καὶ
568 3476 760 3529 σαυτὸν
782 3473 1170 3545 ἐλευθερώσεις
1192 3474 1577 3545 ἐγκλημάτων,
1614 3473 1815 3527 καὶτὸν
1836 3473 2133 3543 ἠδικηκότα

447 3562 737 3637 διορθώσῃ,
761 3564 940 3628 δείξας
978 3564 1054 3627 ώς
1092 3564 1154 3616 ού
1194 3562 1335 3616 κατὰ
1368 3562 1592 3633 γνώμην
1616 3578 1708 3615 σου
1730 3561 1797 3615 τά
1819 3562 1946 3631 παρ’
1968 3562 2132 3614 αὑτοῦ

451 3651 787 3722 πέπρακται,
828 3651 924 3703 καὶ
960 3650 1050 3703 τὸν
1087 3650 1293 3720 πένητα
1332 3648 1722 3719 παρακαλέσας
1759 3650 1860 3701 οὐκ
1898 3649 2133 3719 ἀφήσεις

452 3738 558 3792 ὑπὸ
592 3740 690 3809 τῆς
727 3738 964 3809 ἀθυμίας
1000 3736 1396 3809 καταποθῆναι,
1418 3738 1483 3807 ῆν
1503 3737 1589 3790 διὰ
1611 3738 1705 3806 τὴν
1726 3736 2013 3808 ἀφαίρεσιν
2034 3737 2134 3805 ὑφ-

455 3826 705 3879 ίστασθαι
725 3825 938 3896 ἔμελλε.
962 3824 1018 3877 Μ
1028 3825 1061 3893 ὴ
1088 3825 1264 3887 ἔστω,
1286 3824 1437 3893 φησὶ,
1458 3824 1623 3893 μάχη
1643 3825 1759 3877 ἀνὰ
1770 3824 1967 3891 μέσον
1988 3824 2134 3892 ἐμοῦ

452 3915 551 3967 καὶ
590 3914 729 3976 σοῦ,
757 3915 855 3967 καὶ
897 3913 1017 3967 τῶν
1056 3912 1353 3982 ποιμένων
1386 3930 1505 3981 μου
1545 3912 1641 3964 καί
1685 3911 1803 3964 τῶν
1838 3912 2135 3980 ποιμένων

452 4020 592 4068 σου,
614 4001 703 4054 ὅτι
724 4000 1021 4069 ἅνθρωποι
1042 4001 1291 4069 ἀδελφοὶ
1313 4000 1482 4069 ἡμεῖς
1500 4000 1705 4064 ἐσμεν.
1723 3994 1876 4061 Εἶδες
1897 4001 2136 4069 πραΰτη-

452 4108 523 4144 τα
540 4108 554 4120 σ
580 4087 720 4153 εἶδες
740 4089 1071 4154 ἐπιείκειαν;
1098 4090 1295 4142 ’Ἄκουε
1318 4086 1535 4141 καὶτῶν
1556 4086 1705 4155 ἐξῆς,
1731 4086 1818 4139 ἵνα
1841 4086 2016 4158 μάθῃς
2040 4087 2135 4139 αύ-

454 4179 546 4231 τοῦ
566 4178 665 4249 τῆς
686 4178 1001 4248 φιλοσοφίας
1023 4177 1119 4248 τὴν
1140 4176 1463 4248 ὑπερϐολήν.
1490 4175 1614 4237 Πῶς
1636 4171 1728 4227 οὖν
1747 4175 1815 4227 τά
1832 4176 1931 4243 τῆς
1955 4176 2135 4245 μάχης

454 4267 609 4319 λύσιν
646 4266 809 4338 λάϐῃ,
835 4267 929 4319 καὶ
972 4266 1172 4335 σϐεσθῇ
1194 4265 1262 4319 τά
1280 4268 1380 4335 τῆς
1402 4264 1730 4334 φιλονείκιας
1751 4281 1765 4328 ;
1799 4263 1943 4318 Ἰδοὺ
1967 4262 2135 4318 πᾶσα

454 4360 494 4423 ἡ
537 4357 635 4427 γῆ,
673 4359 858 4428 φησιν,
889 4358 1168 4411 ἐναντιον
1212 4372 1326 4410 σου
1367 4356 1520 4409 ἐστι.
1568 4356 1993 4424 Διαχωρίσθητι
2032 4356 2134 4409 ἀπ’

454 4445 603 4515 ἐμοῦ
622 4462 636 4475 ·
660 4447 713 4499 εὶ
751 4445 833 4499 σὺ
872 4448 957 4511 εἰς
997 4446 1297 4513 ἀριστερὰ,
1324 4444 1438 4515 ἐγὼ
1459 4447 1543 4510 εἰς
1563 4444 1731 4508 δεξιὰ
1749 4461 1762 4473 ·
1785 4443 1923 4497 εἰδὲ
1945 4443 2026 4497 σὺ
2048 4446 2134 4510 εἱς

455 4531 647 4597 δεξιὰ,
671 4531 786 4601 ἐγὼ
803 4534 891 4598 εἰς
914 4531 1215 4599 ἀριστερά.
1240 4532 1440 4585 Σκόπει
1459 4530 1551 4584 τοῦ
1572 4532 1779 4585 δικαίου
1798 4530 1897 4602 τὴν
1920 4531 2133 4599 φιλοσο-

458 4622 588 4690 φίαν
616 4621 712 4673 καὶ
740 4620 840 4689 τῆς
870 4619 1369 4691 ταπεινοφροσύνης
1388 4620 1486 4690 τὴν
1508 4620 1777 4672 ἐπίτασιν.
1800 4619 1913 4690 Πρὸ
1932 4618 1988 4671 δὲ
2008 4618 2133 4672 τού-

456 4726 563 4762 των
582 4707 754 4760 ἐννόει
778 4726 890 4777 μοι,
910 4707 1184 4779 ἀγαπητέ,
1207 4708 1305 4777 ὅση
1326 4706 1417 4760 τοῦ
1439 4706 1671 4759 πλούτου
1694 4708 1726 4777 ἡ
1746 4706 1915 4777 λύμη,
1931 4706 2136 4775 καὶτῆς

458 4797 775 4870 περιουσίας
816 4797 917 4867 τῆς
960 4796 1210 4867 πολλῆςή
1234 4796 1485 4867 διαφορά.
1519 4795 1742 4865 Ηὺξήθη
1780 4797 1848 4849 τά
1886 4796 2133 4866 ποίμνια,

458 4885 816 4957 προσεγένετο
836 4883 1064 4948 πλοῦτος
1082 4883 1230 4956 [556]
1249 4884 1433 4947 πολὺς,
1454 4885 1545 4936 καὶ
1566 4883 1765 4946 εὐθέως
1786 4884 2137 4937 διακόπτεται

458 4977 491 5044 ή
515 4973 737 5044 ὁμόνοια
755 4989 766 5001 ·
790 4972 888 5025 καὶ
908 4972 1034 5024 ἔνθα
1052 4968 1120 5041 ῆν
1141 4974 1173 5042 ή
1195 4974 1385 5043 εἰρήνη
1407 4974 1500 5024 καὶ
1518 4974 1545 5024 ό
1566 4970 1859 5041 σύνδεσμος
1878 4972 1975 5041 τῆς
1998 4973 2137 5039 ἀγά-

460 5078 591 5132 πης,
614 5062 729 5113 ἐκεῖ
751 5062 895 5131 μάχη
918 5061 1012 5113 καὶ
1032 5060 1532 5128 φιλονεικία.”οπου
1555 5059 1664 5130 γάρ
1697 5060 1757 5111 τὸ
1795 5060 1926 5129 ἐμὸν
1965 5060 2059 5112 καὶ
2080 5062 2140 5113 τὸ

461 5149 575 5211 σὸν,
613 5150 732 5201 ἐκεῖ
768 5150 916 5201 πᾶσα
955 5148 1134 5219 μάχης
1174 5148 1305 5211 ἰδέα,
1349 5148 1442 5201 καὶ
1480 5147 1811 5216 φιλονεικίας
1849 5146 2135 5209 ὑπόθεσις·

458 5238 588 5290 ἔνθα
624 5237 681 5289 δέ
716 5237 873 5290 τοῦτο
913 5237 987 5308 μὴ
1026 5233 1081 5310 ᾗ,
1102 5237 1171 5290 τά
1199 5237 1301 5308 τῆς
1326 5237 1580 5307 ὁμονοίας
1600 5235 1778 5289 καὶτὰ
1798 5238 1896 5305 τῆς
1917 5237 2139 5305 εἰρήνης

464 5325 603 5393 μετά
623 5324 805 5391 πάσης
824 5323 1109 5394 ἀκριϐείας
1131 5324 1487 5377 πολιτεύεται.
1513 5325 1620 5377 Καὶ
1642 5324 1727 5375 ἵνα
1752 5324 1948 5395 μάθῃς,
1972 5323 2137 5376 ἄκουε

460 5414 513 5464 τί
536 5430 702 5484 φησιν
737 5416 765 5466 ὁ
800 5413 1070 5483 μακάριος
1091 5413 1304 5475 Λουκᾶς
1326 5413 1577 5484 περὶτῶν
1598 5412 1655 5476 ἐξ
1675 5412 1849 5482 ἀρχῆς
1870 5414 1934 5482 τῇ
1958 5412 2138 5464 πίστει

462 5496 954 5570 προσιόντωνῘΗν.
982 5499 1136 5570 φησὶ,
1172 5499 1411 5553 πάντων
1435 5502 1471 5567 ή
1499 5499 1709 5567 καρδιά
1747 5498 1844 5551 καί
1885 5500 1922 5567 ἡ
1966 5497 2137 5568 ψυχὴ

457 5588 601 5656 pla’
640 5590 740 5641 οὐκ
776 5589 961 5660 ἐπειδὴ
996 5589 1172 5659 ψυχήν
1198 5588 1322 5659 μίαν
1361 5583 1506 5658 εἶχον
1543 5588 1917 5658 πάντες(πῶς
1936 5586 2044 5658 7&9
2082 5590 2139 5640 ἐν

463 5677 737 5745 διαφόροις
760 5678 1003 5746 σώμασιν
1023 5678 1173 5740 ὄντες
1194 5696 1207 5731 :
1230 5677 1271 5745 ),
1306 5676 1439 5729 ἁλλά
1471 5675 1565 5746 τὴν
1591 5675 1988 5746 ἐπιτεταμένην
2008 5676 2135 5745 ὀμό-

464 5779 610 5813 νοιαν
628 5766 759 5833 ἡμῖν
780 5765 1034 5818 δείκνυσι.
1061 5765 1171 5818 Καὶ
1192 5766 1238 5817 εἰ
1262 5765 1334 5834 μὴ
1359 5764 1562 5833 σφόδρα
1588 5762 1937 5833 μακρόθυμός
1957 5780 2039 5825 τις
2072 5758 2138 5832 ἦν

467 5848 736 5918 ὀδίκαιος,
760 5857 853 5909 καὶ
892 5855 1199 5928 φιλοσοφεῖν
1226 5853 1403 5917 εἰδὼς,
1428 5853 1521 5906 καὶ
1554 5852 1885 5913 ἐχαλέπηνεν
1922 5851 2007 5916 ἂν,
2045 5853 2142 5909 καὶ

1223 350 1282 407 s.
1324 348 1613 425 JOANNIS
1650 346 2149 406 cnnvsosmm
2187 342 2513 400 ARCHIEP.
2555 302 3108 397 CONS'I‘ANTINOP.

3800 326 3916 384 510

2223 458 2343 515 εἰπε
2386 459 2522 531 πρὸς
2558 456 2739 512 αὐτόν·
2782 455 2948 524 Τίςοή
2987 449 3225 519 τοσαύτη
3266 444 3552 521 παροινία;
3577 444 3754 508 Ὀλως
3795 445 3915 513 γὰρ

2218 550 2525 620 ἐτόλμησαν
2562 548 2612 600 οἱ
2650 540 3022 617 προσήκοντές
3063 556 3145 593 σοι
3183 537 3367 607 διᾶραι
3406 534 3580 605 στόμα
3618 532 3758 603 πρὸς
3776 533 3916 595 τοὺς

2220 640 2245 690 ἐ
2254 638 2344 709 μοι
2361 635 2721 707 διαφέροντας
2744 649 2759 695 ;
2797 631 2893 686 καὶ
2923 630 3023 683 ούκ
3043 625 3352 697 ἐνενόησαν,
3374 625 3498 678 ὅσον
3518 623 3578 676 τὸ
3598 621 3765 693 μέσον
3788 620 3917 674 ἐστὶ

2224 726 2426 799 μεταξὺ
2448 724 2635 796 ήμῶν;
2658 721 2828 776 Πόθεν
2849 720 2957 791 γάρ
2980 736 3061 771 σοι
3081 716 3148 769 τά
3166 716 3267 785 τῆς
3286 713 3548 785 εὐπορίας
3565 711 3771 780 ταύτης
3814 725 3917 777 γε-

2221 816 2483 885 γένηται;
2516 813 2616 867 ούκ
2649 812 2713 863 ἐκ
2748 810 2847 880 τῆς
2881 808 3019 878 ἐμῆς
3052 801 3532 876 κηδεμονίας;Τίς
3550 800 3607 855 δέ
3629 817 3688 853 σε
3710 801 3794 862 εἰς
3814 800 3918 851 άν-

2222 902 2475 976 θρώπους
2510 899 2742 970 ὀφθῆναι
2778 895 3113 966 πεποίηκεν;
3153 892 3253 945 ούκ
3291 888 3400 959 ἐγὼ
3439 889 3559 943 ἀντὶ
3580 887 3802 942 πάντων
3826 904 3918 939 σοι

2221 974 2482 1059 γεγονὼς,
2505 988 2599 1041 καὶ
2621 987 2720 1057 τὴν
2740 984 2945 1055 πατρός
2967 1000 3048 1037 σοι
3068 980 3257 1052 χρείαν
3277 976 3367 1031 ὁιά
3386 978 3607 1031 πάντων
3634 974 3919 1039 ἐπιδειξά-

2226 1094 2386 1146 μενος
2406 1094 2420 1142 ;
2440 1074 2654 1137 Ταύτας
2680 1090 2766 1145 μοι
2786 1071 2885 1135 τὰς
2905 1067 3141 1141 ἀμοιϐάς
3161 1065 3425 1127 ἀποδίδως
3444 1062 3762 1148 τῆς-πολλῆς
3780 1079 3846 1114 πε
3857 1061 3920 1131 ρὶ

2226 1164 2284 1216 σέ
2322 1162 2655 1235 θεραπείας;
2706 1160 2892 1214 Ταῦτα
2930 1154 3164 1220 ἐλπίζων
3202 1150 3477 1224 πανταχοῦ
3518 1168 3577 1204 σε
3616 1150 3731 1221 μετ’
3773 1149 3917 1219 ἐμοῦ

2230 1254 2523 1324 περιῆγον;
2562 1252 2763 1314 Ἔστω,
2784 1247 2936 1303 οὐδὲν
2967 1246 3075 1298 τῶν
3113 1243 3481 1315 ὑπηργμένων
3520 1258 3601 1294 σοι
3621 1237 3750 1309 παρ’
3773 1237 3919 1308 ἐμοῦ

2226 1342 2306 1403 εἰς
2345 1341 2553 1393 ἔννοιαν
2588 1337 2779 1400 ἔλαϐες
2798 1353 2812 1367 ο
2846 1335 2948 1389 κᾶν
2971 1352 3070 1403 μου
3091 1331 3221 1401 γοῦν
3239 1331 3299 1384 τὸ
3318 1331 3495 1402 γῆρας
3516 1326 3831 1397 αἰδεσθῆναί
3855 1343 3921 1377 σε

2226 1430 2327 1482 ούκ
2346 1428 2534 1499 ἐχρῆν,
2558 1428 2653 1480 καὶ
2670 1425 2897 1497 τιμῆσαι
2918 1422 3017 1485 τάς
3037 1421 3229 1484 πολιὰς
3248 1422 3347 1481 τάς
3366 1419 3507 1489 ἐμάς
3526 1435 3541 1484 ;
3576 1416 3733 1469 Ἀλλά
3756 1432 3923 1486 περι-

2228 1518 2365 1581 εῖδες
2397 1517 2524 1579 τοὺς
2556 1514 2823 1585 ποιμένας
2842 1512 2969 1576 τοὺς
2990 1512 3116 1572 σοὺς
3137 1508 3607 1581 ἐμπαροινοῦντας
3625 1508 3737 1570 τοῖς
3759 1506 3924 1575 ἐμοῖς

2228 1604 2505 1675 ποιμέσιν,
2524 1603 2623 1655 οὐκ
2643 1601 2798 1664 εἰδὼς
2817 1602 2898 1655 ὅτι
2920 1599 3107 1669 ὥσπερ
3126 1601 3159 1669 ή
3182 1600 3260 1661 εἰς
3277 1597 3519 1660 ἐκείνους
3538 1594 3691 1664 ὕϐρις
3712 1595 3795 1656 εἰς
3811 1593 3923 1663 ἐμὲ

2228 1692 2515 1759 διαϐαίνει,
2529 1691 2672 1745 οὕτω
2692 1691 2786 1745 καὶ
2806 1692 2839 1761 ή
2861 1688 3083 1743 ἐκείνων
3104 1686 3405 1760 προπέτεια
3426 1687 3505 1749 εἰς
3525 1683 3584 1737 σέ
3604 1684 3699 1753 τήν
3715 1682 3925 1750 ἀναφο-

2234 1782 2332 1855 ράν
2353 1782 2486 1852 ἕχει.

2300 1888 2361 1941 δ’.
2409 1887 2546 1940 Ἀλλ’
2568 1886 2717 1940 οὐδὲν
2734 1886 2938 1939 τούτων
2958 1889 2985 1938 ὁ
3003 1885 3210 1945 δίκαιος
3230 1879 3353 1935 οὔτε
3374 1881 3454 1942 εἰς
3470 1878 3709 1933 διάνοιαν
3726 1878 3925 1930 λαϐεῖν

2232 1974 2575 2039 κατεδέξατο,
2597 1973 2731 2027 ἀλλά
2768 1973 2945 2027 πάντα
2978 1970 3219 2026 τοιοῦτον
3250 1968 3508 2039 λογισμὸν
3528 1966 3921 2037 ἀπωσάμενος,

2232 2066 2351 2129 ἐνὸς
2383 2066 2591 2134 γίνεται
2630 2065 2812 2136 μόνου,
2836 2064 2984 2126 ὅπως
3016 2062 3112 2115 καὶ
3141 2059 3241 2132 τὴν
3263 2058 3562 2131 μέλλουσαν
3583 2056 3922 2121 ἐξάπτεσθαι

2234 2154 2567 2223 φιλονεικίαν
2587 2152 2920 2223 κατασϐέσῃ,
2942 2150 3036 2205 καὶ
3055 2149 3145 2203 τὸν
3164 2146 3440 2219 χωρισμὸν
3459 2145 3681 2209 ἀλύπως
3700 2146 3925 2215 ἐπινοή-

2235 2260 2335 2305 σας
2366 2242 2548 2309 πάσης
2581 2240 2827 2312 ταραχῆς
2865 2240 3019 2303 ἐκτὺς
3052 2240 3256 2310 ποιήσῃ
3274 2238 3372 2308 τήν
3392 2235 3587 2290 οἰκίαν.
3614 2237 3735 2289 Οὐκ
3761 2234 3921 2299 ἰδοὺ,

2234 2330 2388 2400 φησὶ.
2411 2328 2579 2383 πᾶσα
2616 2331 2655 2398 ἡ
2696 2328 2773 2398 γῆ
2816 2328 3097 2382 ἐναντίον
3134 2341 3251 2380 σου
3291 2325 3454 2385 ἐστί;
3492 2324 3926 2392 Διιιχωρίσθητι

2233 2418 2333 2471 ἀπ’
2354 2416 2500 2485 ἐμοῦ
2522 2435 2535 2447 ο
2579 2420 2631 2469 εὶ
2671 2416 2753 2470 σὺ
2786 2418 2873 2481 εἰς
2891 2413 3079 2479 δεξιὰ,
3102 2413 3215 2483 ἐγὼ
3235 2416 3323 2479 εἰς
3340 2409 3623 2481 ἀριστερά
3642 2428 3655 2440 ο
3680 2412 3729 2463 εἰ
3750 2410 3821 2464 δὲ
3839 2412 3926 2463 σὺ

2233 2504 2663 2571 εἰςτάριστερὰ,
2690 2502 2805 2573 ἐγὼ
2842 2505 2930 2568 εἰς
2968 2500 3315 2570 δεξιὰ.”ορα
3349 2499 3448 2569 τῆν
3487 2498 3789 2551 ἐπιείκειαν
3828 2496 3926 2549 τοῦ

2233 2592 2465 2645 δικαίου.
2490 2592 2711 2655 Δεικνὺς
2750 2590 2859 2659 7&9
2896 2588 3044 2660 αὐτῷ
3062 2588 3151 2641 διά
3168 2587 3278 2641 τῶν
3298 2586 3662 2658 πραγμάτων,
3703 2586 3786 2639 ὅτι
3824 2587 3927 2655 οὐχ

2234 2680 2375 2734 ἐκὼν
2392 2680 2551 2733 τοῦτο
2570 2679 2867 2747 ποιεῖ,ούδέ
2890 2677 3211 2749 βουλόμενος
3227 2675 3391 2729 αὐτὸν
3407 2674 3763 2747 χωρισθῆναι,
3785 2674 3930 2729 ἀλλὰ

2233 2769 2321 2823 διά
2338 2770 2437 2840 τὴν
2454 2770 2553 2837 τῆς
2573 2767 2905 2838 φιλονεικίας
2927 2767 3197 2837 ἀνάγκην,
3215 2766 3312 2819 καὶ
3329 2764 3469 2818 ὥστε
3492 2763 3566 2835 μὴ
3585 2762 3813 2833 διηνεκῆ
3835 2762 3932 2817 τὸν

2236 2858 2470 2928 πόλεμον
2510 2853 2648 2911 εἷναι
2688 2858 2745 2909 ἐν
2764 2859 2831 2928 τῇ
2853 2856 3022 2926 οἰκίᾳ,
3044 2852 3376 2917 σκόπει¹πῶς
3393 2852 3481 2906 διά
3497 2851 3604 2905 τῶν
3624 2852 3802 2918 λόγων
3822 2869 3928 2903 κα-

2234 2948 2537 3018 ταπραύνει
2574 2946 2740 3000 αὐτοῦ
2779 2947 2878 3017 τήν
2916 2944 3258 3016 φλεγμονὴν,
3295 2943 3391 2996 καὶ
3426 2941 3574 3012 αὐτῷ
3608 2943 3791 2995 πᾶσαν
3828 2940 3933 3011 τὴν

2236 3037 2483 3101 ἐξουσίαν
2517 3036 2700 3089 δίδωσι
2738 3035 2839 3103 τῆς
2878 3033 3132 3104 ἐκλογῆς,
3154 3034 3249 3086 καὶ
3286 3032 3606 3104 προτίθησιν
3641 3030 3795 3102 αὐτῷ
3826 3031 3933 3101 τήν

2236 3125 2339 3195 γῆν
2362 3124 2603 3187 ἃπασαν,
2625 3123 2717 3177 καί
2740 3140 2906 3193 φησιν
2925 3139 2939 3153 ·
2966 3124 3089 3176 Οὐκ
3131 3120 3259 3175 ἰδοὺ
3300 3120 3471 3175 πᾶσα
3487 3121 3526 3188 ἡ
3549 3118 3624 3190 γῆ
3643 3120 3933 3173 ἐναντίον

2236 3228 2386 3276 σου;
2410 3213 2513 3265 Ἦν
2533 3211 2598 3265 ἂν
2621 3210 2809 3284 βούλῃ,
2824 3208 2969 3273 ἑλοῦ,
2987 3208 3144 3275 κάγὼ
3161 3209 3379 3279 ἐκείνην
3399 3206 3763 3278 καταδέξομαι
3785 3208 3933 3279 μετά

2239 3300 2438 3370 πολλῆς
2477 3300 2576 3369 τῆς
2612 3300 2828 3369 ἡδονῆς,
2852 3298 2917 3369 ἢν
2951 3298 3018 3352 ἂν
3052 3296 3214 3360 αὐτὸς
3232 3296 3555 3367 καταλίπῃς.
3579 3296 3809 3366 Μεγάλη
3830 3297 3929 3349 τοῦ

2237 3388 2446 3442 δικαίου
2484 3390 2517 3457 ή
2562 3387 2871 3455 φιλοσοφία.
2930 3386 3030 3440 Διά
3068 3386 3288 3441 πάντων
3324 3384 3635 3455 ἀνεπαχθὴς
3674 3384 3931 3455 βούλεται

2240 3478 2494 3549 γενέσθαι
2515 3478 2592 3549 τῷ
2613 3477 2897 3549 ἀδελφιδῷ.
2916 3475 3134 3549 Ἐπειδὴ
3154 3476 3283 3545 γὰρ,
3299 3475 3485 3545 φησὶν,
3500 3476 3637 3546 ὅπερ
3655 3476 3756 3528 οὐκ
3775 3476 3936 3529 ἐϐου-

2239 3568 2434 3639 λόμην,
2457 3568 2615 3621 τοῦτο
2652 3568 2883 3635 γίνεται,
2909 3566 3004 3619 καὶ
3041 3565 3129 3619 ἵνα
3160 3564 3227 3619 τὰ
3250 3564 3348 3635 τῆς
3370 3563 3699 3632 φιλονεικίας
3717 3565 3930 3634 παυθῇ,

2239 3656 2331 3708 τὸν
2352 3655 2630 3727 χωρισμὸν
2650 3655 2866 3723 ἀνάγκη
2890 3653 3160 3723 συμϐῆναι
3177 3668 3189 3679 ’
3213 3651 3302 3704 διά
3321 3650 3477 3705 τοῦτό
3501 3669 3558 3704 σε
3580 3652 3767 3721 κύριον
3790 3653 3930 3706 καθ-

2245 3744 2433 3812 ίστημι
2471 3743 2573 3813 τῆς
2592 3742 2878 3813 αἱρέσεως,
2902 3743 2997 3796 καὶ
3015 3740 3113 3813 τὴν
3134 3739 3385 3807 ἐξουσίαν
3406 3756 3488 3792 σοι
3507 3742 3687 3793 πᾶσαν
3706 3741 3930 3810 δίδωμι,

2240 3833 2328 3884 ἵνα
2348 3833 2415 3903 ῆν
2437 3832 2502 3885 ἂν
2523 3831 2753 3903 νομίσῃς
2773 3826 2913 3883 εἶναι
2928 3828 3263 3901 τιμιωτέραν
3279 3828 3403 3898 γῆν,
3420 3827 3633 3898 ἐκείνην
3649 3828 3932 3899 ἐλόμενος,

2239 3920 2338 3992 τὴν
2374 3920 2568 3991 λοιπὴν
2604 3920 2728 3989 ἐμοὶ
2769 3914 3250 3993 καταλίπῃςῙΑρα
3291 3919 3357 3973 ἂν
3376 3918 3533 3973 τοῦτο
3551 3919 3935 3990 ποιῆσαίποτὲ

2240 4026 2325 4071 τις
2345 4007 2667 4071 κατεδέξατο
2688 4006 2824 4078 πρὸς
2842 4005 3081 4077 ὁμήλικα
3101 4005 3349 4075 ἀδελφὸν,
3380 4006 3518 4078 ὅπερ
3536 4008 3565 4059 ὁ
3584 4008 3937 4078 πατριάρχης

2242 4097 2378 4165 πρὸς
2397 4096 2486 4149 τὸν
2508 4094 2828 4163 ἀδελφιδοῦν
2849 4093 3161 4159 ἐπεδείξατο
3181 4111 3196 4160 ;
3218 4094 3282 4148 Εἰ
3300 4094 3411 4167 7&9
3430 4095 3525 4149 καὶ
3544 4095 3708 4158 αὐτὸς
3727 4096 3934 4165 προλα-

2241 4184 2353 4236 ϐὼν
2387 4183 2486 4255 τὴν
2512 4181 2660 4255 [557]
2684 4180 2915 4252 ἐκλογὴν
2956 4182 3346 4251 ποιησάμενος,
3368 4184 3465 4235 καὶ
3483 4183 3551 4236 τά
3570 4186 3817 4253 πρωτεῖα
3836 4184 3935 4236 λα-

2241 4270 2352 4324 ϐὼν
2375 4268 2773 4342 παρεχώρησεν
2794 4269 2988 4339 ἐκείνῳ
3008 4269 3076 4321 τὰ
3098 4269 3513 4338 ὑπολειφθέντα,
3534 4270 3652 4339 ούχὶ
3673 4271 3767 4322 καὶ
3784 4271 3937 4325 οὕτω

2244 4359 2386 4428 μέγα
2402 4354 2470 4429 ῆν
2488 4358 2551 4410 τὸ
2571 4359 2703 4429 παρ’
2724 4356 2888 4411 αὑτοῦ
2909 4358 3191 4427 γινόμενον
3217 4374 3233 4423 ;
3276 4358 3416 4411 Ἀλλ’
3436 4359 3586 4429 ὅμως
3607 4357 3935 4429 βουλόμενος
3982 4354 3991 4361 ”

2242 4447 2336 4499 καὶ
2373 4446 2473 4516 τῆς
2512 4446 2716 4518 ἀρετῆς
2750 4444 2923 4510 δεῖξαι
2961 4443 3059 4516 τὴν
3100 4444 3427 4516 ὑπερϐολὴν,
3451 4446 3545 4499 καὶ
3573 4446 3667 4499 τοῦ
3689 4445 3812 4499 νέου
3830 4448 3935 4517 τὴν

2241 4533 2539 4603 ἐπιθυμίαν
2573 4533 2875 4602 ἐμπλῆσαι,
2895 4531 3035 4585 ὥστε
3058 4532 3331 4603 μηδεμίαν
3365 4532 3475 4586 ἀπὸ
3508 4531 3603 4585 τοῦ
3644 4536 3932 4605 χωρισμιιῦ

2242 4621 2494 4689 γενέσθαι
2533 4620 2711 4691 λύπης
2749 4620 3027 4691 ἀφορμὴν,
3052 4619 3203 4690 αύτῷ
3240 4620 3464 4693 προθεὶς
3485 4621 3705 4675 ἃπασαν
3723 4622 3823 4690 τὴν
3843 4622 3934 4686 ἐξ-

2242 4710 2451 4768 ουσίαν.
2477 4710 2640 4779 φησίν
2661 4726 2673 4738 ’
2709 4708 2865 4763 Ἰδοὺ
2886 4708 3056 4764 πᾶσα
3078 4711 3116 4778 ἡ
3143 4709 3218 4780 τῆ
3240 4710 3522 4766 ἐναντίον
3540 4728 3658 4765 σου
3681 4728 3695 4741 °
3718 4710 3936 4781 διαχω-

2236 4799 2479 4866 ρίσϐητι
2517 4798 2619 4851 ἀπ’
2640 4797 2810 4867 ἐμοῦ,
2833 4798 2929 4851 καὶ
2962 4797 3084 4851 οἷαν
3117 4798 3184 4851 ἂν
3226 4798 3388 4870 βούλῃ
3426 4799 3569 4852 ἐλοῦ.
3591 4800 3722 4852 Δέον
3748 4802 3936 4853 τοίνυν

2242 4886 2335 4938 τὸν
2352 4884 2669 4953 ἀδελφιδοῦν
2688 4885 2957 4955 τοσαύτης
2975 4886 3278 4949 ἐπιεικείας
3302 4887 3630 4957 πειραθέντα
3649 4889 3936 4959 ἀντιτιμῆ·

2245 4990 2336 5026 σαι
2354 4972 2443 5024 τὸν
2465 4990 2571 5027 πατ
2581 4972 2834 5044 ριάρχην,
2850 4975 2945 5027 καὶ
2966 4974 3167 5044 μᾶλλον
3181 4974 3345 5027 αὑτὸν
3361 4974 3511 5045 αύτῷ
3527 4977 3934 5047 παραχωρῆσαι

2243 5062 2343 5132 τῆς
2370 5060 2638 5132 αἱρέσεως
2656 5062 2753 5130 τὴν
2775 5062 3031 5132 ἐκλογήν.
3053 5062 3340 5134 Είώθαμεν
3358 5064 3467 5135 γάρ
3487 5082 3603 5128 πως
3623 5064 3865 5130 ἅπαντες
3882 5068 3939 5119 οῖ

2203 5152 2218 5169 ‘
2243 5150 2340 5204 ἀνθ
2351 5167 2543 5221 ρωποι,
2562 5152 2782 5203 ἐπειδάν
2802 5151 3200 5215 ἀντιτείνοντας
3224 5153 3321 5222 μέν
3343 5152 3540 5223 ἴδωμεν
3557 5154 3687 5215 τοὺς
3712 5154 3935 5223 μέλλον-

2242 5256 2342 5302 τας
2381 5238 2514 5309 πρὸς
2553 5240 2701 5309 ήμᾶς
2742 5256 2795 5291 τι
2835 5239 3212 5310 διερευνᾶσθαι
3233 5241 3327 5294 καί⁵
3346 5241 3782 5308 φιλονεικοῦντας
3821 5247 3935 5306 τοῖς

2246 5325 2531 5396 πρωτείοις
2568 5325 2873 5395 ἐπιπηδᾷν,
2916 5325 2992 5396 μὴ
3029 5326 3317 5396 ἀνέχεσθαι
3355 5327 3712 5383 ἐλαττοῦσθαι
3734 5371 3748 5391 ,
3795 5332 3933 5401 μηδὲ

2246 5413 2505 5466 ἐνδιδόναι
2525 5413 2707 5476 αὐτοῖς
2721 5429 2735 5444 ·
2758 5415 2888 5466 ὅταν
2906 5415 2963 5467 δὲ
2984 5414 3446 5487 παραχωροῦντας
3466 5416 3813 5487 θεασώμεθα,
3838 5421 3935 5471 καὶ

2246 5500 2665 5571 καθυφειμένοις
2688 5502 2897 5571 ῥήμασι
2917 5502 3017 5572 τὴν
3036 5502 3284 5569 ἐξουσίαν
3318 5504 3537 5557 ἃπασαν
3556 5507 3691 5575 ήμῖν
3709 5506 3903 5577 ἐπιτρέ
3918 5536 3934 5548 -

2248 5605 2468 5651 ποντας,
2492 5587 2680 5659 ῶσπερ
2700 5588 3003 5659 αἰδουμένοι
3025 5590 3122 5661 τήν
3143 5591 3342 5662 πολλὴν
3362 5593 3687 5654 ἐπιείκειαν,
3710 5593 3805 5645 καὶ
3832 5594 3933 5664 τῆς

2248 5676 2577 5746 φιλονεικίας
2595 5677 2965 5747 ἀφιστάμεθα,
2983 5680 3079 5733 καὶ
3100 5680 3259 5733 πάλιν
3280 5681 3727 5752 ἀντιστρέφοντες
3748 5682 3934 5734 πᾶσαν

2246 5766 2345 5835 τὴν
2386 5763 2632 5827 ἐξουσίαν
2672 5766 3126 5836 παραχωροῦμεν,
3150 5767 3251 5820 κᾶν
3288 5768 3531 5821 ἐλάττων
3562 5764 3705 5821 εἶναι
3740 5768 3873 5837 δοκῇ
3903 5769 3939 5823 ὁ

2252 5852 2383 5927 πρὸς
2406 5854 2552 5923 ἡμᾶς
2571 5850 3013 5926 διερευνώμενος.
3044 5855 3306 5926 Ὀφείλων
3328 5856 3506 5911 τοίνυν
3528 5850 3667 5910 καὶῖι
3687 5854 3814 5911 Λὼτ
3838 5856 3932 5909 ἐπὶ
