  <div class='ocr_page' id='page_1' title='image "/cluster/home/n/w/nwhite01/storage/ocr_20150623/53/nnc1.0046978453/308.png"; bbox 0 0 4062 6396; ppageno 0'>
   <div class='ocr_carea' id='block_1_1' title="bbox 308 384 413 441">
    <p class='ocr_par' dir='ltr' id='par_1_1' title="bbox 308 384 413 441">
     <span class='ocr_line' id='line_1_1' title="bbox 308 384 413 441; baseline -0.019 0"><span class='ocrx_word' id='word_1_1' title='bbox 308 384 413 441; x_wconf 75' lang='grc'><strong>509</strong></span> 
     </span>
    </p>
   </div>
   <div class='ocr_carea' id='block_1_2' title="bbox 308 480 1901 567">
    <p class='ocr_par' dir='ltr' id='par_1_2' title="bbox 308 480 1901 567">
     <span class='ocr_line' id='line_1_2' title="bbox 308 480 1901 567; baseline -0.004 -12"><span class='ocrx_word' id='word_1_2' title='bbox 308 502 531 556; x_wconf 72' lang='lat' dir='ltr'><strong>advena:</strong></span> <span class='ocrx_word' id='word_1_3' title='bbox 560 499 649 554; x_wconf 87' lang='lat' dir='ltr'><strong>hic</strong></span> <span class='ocrx_word' id='word_1_4' title='bbox 675 498 936 554; x_wconf 89' lang='lat' dir='ltr'><strong>versaturi</strong></span> <span class='ocrx_word' id='word_1_5' title='bbox 960 506 1104 563; x_wconf 89' lang='lat' dir='ltr'><strong>sunt,</strong></span> <span class='ocrx_word' id='word_1_6' title='bbox 1132 480 1268 567; x_wconf 85' lang='lat' dir='ltr'><strong>quos</strong></span> <span class='ocrx_word' id='word_1_7' title='bbox 1293 496 1737 562; x_wconf 89' lang='lat' dir='ltr'><strong>mansuetudinis,</strong></span> <span class='ocrx_word' id='word_1_8' title='bbox 1765 496 1901 550; x_wconf 88' lang='lat' dir='ltr'><strong>leni-</strong></span> 
     </span>
    </p>
   </div>
   <div class='ocr_carea' id='block_1_3' title="bbox 310 578 1899 662">
    <p class='ocr_par' dir='ltr' id='par_1_3' title="bbox 310 578 1899 662">
     <span class='ocr_line' id='line_1_3' title="bbox 310 578 1899 662; baseline -0.006 -13"><span class='ocrx_word' id='word_1_9' title='bbox 310 595 457 659; x_wconf 89' lang='lat' dir='ltr'><strong>tatis,</strong></span> <span class='ocrx_word' id='word_1_10' title='bbox 484 602 540 648; x_wconf 90' lang='lat' dir='ltr'><strong>et</strong></span> <span class='ocrx_word' id='word_1_11' title='bbox 569 592 746 646; x_wconf 91' lang='lat' dir='ltr'><strong>omnis</strong></span> <span class='ocrx_word' id='word_1_12' title='bbox 780 590 1133 662; x_wconf 70' lang='lat' dir='ltr'><strong>philosophia:</strong></span> <span class='ocrx_word' id='word_1_13' title='bbox 1171 578 1418 646; x_wconf 88' lang='lat' dir='ltr'><strong>doctores</strong></span> <span class='ocrx_word' id='word_1_14' title='bbox 1456 604 1575 643; x_wconf 90' lang='lat' dir='ltr'><strong>esse</strong></span> <span class='ocrx_word' id='word_1_15' title='bbox 1599 587 1899 658; x_wconf 85' lang='lat' dir='ltr'><strong>oportebat,</strong></span> 
     </span>
    </p>
   </div>
   <div class='ocr_carea' id='block_1_4' title="bbox 308 680 1902 753">
    <p class='ocr_par' dir='ltr' id='par_1_4' title="bbox 308 680 1902 753">
     <span class='ocr_line' id='line_1_4' title="bbox 308 680 1902 753; baseline -0.004 -12"><span class='ocrx_word' id='word_1_16' title='bbox 308 687 453 741; x_wconf 89' lang='lat' dir='ltr'><strong>inter</strong></span> <span class='ocrx_word' id='word_1_17' title='bbox 496 701 555 741; x_wconf 90' lang='lat' dir='ltr'><strong>se</strong></span> <span class='ocrx_word' id='word_1_18' title='bbox 598 683 925 739; x_wconf 87' lang='lat' dir='ltr'><strong>contendere</strong></span> <span class='ocrx_word' id='word_1_19' title='bbox 965 692 1020 739; x_wconf 91' lang='lat' dir='ltr'><strong>et</strong></span> <span class='ocrx_word' id='word_1_20' title='bbox 1047 682 1624 753; x_wconf 79' lang='lat' dir='ltr'><strong>digladiari?Audiant</strong></span> <span class='ocrx_word' id='word_1_21' title='bbox 1668 680 1784 736; x_wconf 81' lang='lat' dir='ltr'><strong>haec</strong></span> <span class='ocrx_word' id='word_1_22' title='bbox 1812 680 1902 751; x_wconf 88' lang='lat' dir='ltr'><strong>qui</strong></span> 
     </span>
    </p>
   </div>
   <div class='ocr_carea' id='block_1_5' title="bbox 308 773 1901 846">
    <p class='ocr_par' dir='ltr' id='par_1_5' title="bbox 308 773 1901 846">
     <span class='ocr_line' id='line_1_5' title="bbox 308 773 1901 846; baseline -0.006 -11"><span class='ocrx_word' id='word_1_23' title='bbox 308 795 371 834; x_wconf 85' lang='lat' dir='ltr'><strong>se</strong></span> <span class='ocrx_word' id='word_1_24' title='bbox 396 790 549 834; x_wconf 85' lang='lat' dir='ltr'><strong>extra</strong></span> <span class='ocrx_word' id='word_1_25' title='bbox 592 776 1071 846; x_wconf 84' lang='lat' dir='ltr'><strong>reprehensionem</strong></span> <span class='ocrx_word' id='word_1_26' title='bbox 1118 782 1309 846; x_wconf 88' lang='lat' dir='ltr'><strong>putant</strong></span> <span class='ocrx_word' id='word_1_27' title='bbox 1354 789 1495 839; x_wconf 88' lang='lat' dir='ltr'><strong>esse,</strong></span> <span class='ocrx_word' id='word_1_28' title='bbox 1538 773 1752 845; x_wconf 80' lang='lat' dir='ltr'><strong>quando</strong></span> <span class='ocrx_word' id='word_1_29' title='bbox 1779 786 1901 841; x_wconf 84' lang='lat' dir='ltr'><strong>pro-</strong></span> 
     </span>
    </p>
   </div>
   <div class='ocr_carea' id='block_1_6' title="bbox 305 862 1903 940">
    <p class='ocr_par' dir='ltr' id='par_1_6' title="bbox 305 862 1903 940">
     <span class='ocr_line' id='line_1_6' title="bbox 305 862 1903 940; baseline -0.004 -18"><span class='ocrx_word' id='word_1_30' title='bbox 305 879 431 940; x_wconf 89' lang='lat' dir='ltr'><strong>pter</strong></span> <span class='ocrx_word' id='word_1_31' title='bbox 463 867 874 921; x_wconf 78' lang='lat' dir='ltr'><strong>familiaritatem</strong></span> <span class='ocrx_word' id='word_1_32' title='bbox 897 864 1208 935; x_wconf 85' lang='lat' dir='ltr'><strong>propinquis</strong></span> <span class='ocrx_word' id='word_1_33' title='bbox 1238 865 1349 918; x_wconf 89' lang='lat' dir='ltr'><strong>suis</strong></span> <span class='ocrx_word' id='word_1_34' title='bbox 1375 863 1663 918; x_wconf 88' lang='lat' dir='ltr'><strong>counivent</strong></span> <span class='ocrx_word' id='word_1_35' title='bbox 1686 862 1903 931; x_wconf 90' lang='lat' dir='ltr'><strong>rapien-</strong></span> 
     </span>
    </p>
   </div>
   <div class='ocr_carea' id='block_1_7' title="bbox 311 956 1904 1029">
    <p class='ocr_par' dir='ltr' id='par_1_7' title="bbox 311 956 1904 1029">
     <span class='ocr_line' id='line_1_7' title="bbox 311 956 1904 1029; baseline -0.004 -15"><span class='ocrx_word' id='word_1_36' title='bbox 311 962 478 1025; x_wconf 84' lang='lat' dir='ltr'><strong>tibus,</strong></span> <span class='ocrx_word' id='word_1_37' title='bbox 526 959 935 1029; x_wconf 80' lang='lat' dir='ltr'><strong>decipientibus,</strong></span> <span class='ocrx_word' id='word_1_38' title='bbox 969 959 1132 1012; x_wconf 89' lang='lat' dir='ltr'><strong>multa</strong></span> <span class='ocrx_word' id='word_1_39' title='bbox 1182 957 1320 1011; x_wconf 91' lang='lat' dir='ltr'><strong>mala</strong></span> <span class='ocrx_word' id='word_1_40' title='bbox 1370 956 1818 1019; x_wconf 89' lang='lat' dir='ltr'><strong>machinantibus,</strong></span> <span class='ocrx_word' id='word_1_41' title='bbox 1850 963 1904 1009; x_wconf 92' lang='lat' dir='ltr'><strong>et</strong></span> 
     </span>
    </p>
   </div>
   <div class='ocr_carea' id='block_1_8' title="bbox 312 1046 1907 1119">
    <p class='ocr_par' dir='ltr' id='par_1_8' title="bbox 312 1046 1907 1119">
     <span class='ocr_line' id='line_1_8' title="bbox 312 1046 1907 1119; baseline -0.004 -14"><span class='ocrx_word' id='word_1_42' title='bbox 312 1052 365 1105; x_wconf 92' lang='lat' dir='ltr'><strong>in</strong></span> <span class='ocrx_word' id='word_1_43' title='bbox 397 1051 719 1114; x_wconf 83' lang='lat' dir='ltr'><strong>civitatibus,</strong></span> <span class='ocrx_word' id='word_1_44' title='bbox 751 1059 806 1104; x_wconf 91' lang='lat' dir='ltr'><strong>et</strong></span> <span class='ocrx_word' id='word_1_45' title='bbox 833 1051 884 1104; x_wconf 92' lang='lat' dir='ltr'><strong>in</strong></span> <span class='ocrx_word' id='word_1_46' title='bbox 907 1049 1068 1119; x_wconf 89' lang='lat' dir='ltr'><strong>agris,</strong></span> <span class='ocrx_word' id='word_1_47' title='bbox 1094 1048 1461 1103; x_wconf 85' lang='lat' dir='ltr'><strong>auferentibus</strong></span> <span class='ocrx_word' id='word_1_48' title='bbox 1488 1062 1516 1100; x_wconf 90' lang='lat' dir='ltr'><strong>a</strong></span> <span class='ocrx_word' id='word_1_49' title='bbox 1544 1046 1733 1102; x_wconf 79' lang='lat' dir='ltr'><strong>vicinis</strong></span> <span class='ocrx_word' id='word_1_50' title='bbox 1763 1060 1907 1101; x_wconf 91' lang='lat' dir='ltr'><strong>nunc</strong></span> 
     </span>
    </p>
   </div>
   <div class='ocr_carea' id='block_1_9' title="bbox 310 1136 1906 1210">
    <p class='ocr_par' dir='ltr' id='par_1_9' title="bbox 310 1136 1906 1210">
     <span class='ocr_line' id='line_1_9' title="bbox 310 1136 1906 1210; baseline -0.002 -16"><span class='ocrx_word' id='word_1_51' title='bbox 310 1157 523 1210; x_wconf 86' lang='lat' dir='ltr'><strong>agrum,</strong></span> <span class='ocrx_word' id='word_1_52' title='bbox 572 1157 714 1196; x_wconf 91' lang='lat' dir='ltr'><strong>nunc</strong></span> <span class='ocrx_word' id='word_1_53' title='bbox 760 1140 1000 1204; x_wconf 91' lang='lat' dir='ltr'><strong>domum,</strong></span> <span class='ocrx_word' id='word_1_54' title='bbox 1032 1154 1201 1209; x_wconf 89' lang='lat' dir='ltr'><strong>eaque</strong></span> <span class='ocrx_word' id='word_1_55' title='bbox 1240 1138 1306 1193; x_wconf 91' lang='lat' dir='ltr'><strong>de</strong></span> <span class='ocrx_word' id='word_1_56' title='bbox 1348 1153 1506 1192; x_wconf 86' lang='lat' dir='ltr'><strong>causa</strong></span> <span class='ocrx_word' id='word_1_57' title='bbox 1556 1137 1743 1207; x_wconf 87' lang='lat' dir='ltr'><strong>majori</strong></span> <span class='ocrx_word' id='word_1_58' title='bbox 1770 1136 1906 1191; x_wconf 82' lang='lat' dir='ltr'><strong>tales</strong></span> 
     </span>
    </p>
   </div>
   <div class='ocr_carea' id='block_1_10' title="bbox 314 1226 1904 1299">
    <p class='ocr_par' dir='ltr' id='par_1_10' title="bbox 314 1226 1904 1299">
     <span class='ocr_line' id='line_1_10' title="bbox 314 1226 1904 1299; baseline -0.002 -15"><span class='ocrx_word' id='word_1_59' title='bbox 314 1229 565 1285; x_wconf 88' lang='lat' dir='ltr'><strong>homines</strong></span> <span class='ocrx_word' id='word_1_60' title='bbox 604 1230 975 1285; x_wconf 68' lang='lat' dir='ltr'><strong>benevolentia</strong></span> <span class='ocrx_word' id='word_1_61' title='bbox 1017 1239 1432 1299; x_wconf 87' lang='lat' dir='ltr'><strong>prosequuntur.</strong></span> <span class='ocrx_word' id='word_1_62' title='bbox 1472 1228 1604 1283; x_wconf 86' lang='lat' dir='ltr'><strong>Nam</strong></span> <span class='ocrx_word' id='word_1_63' title='bbox 1642 1228 1765 1282; x_wconf 89' lang='lat' dir='ltr'><strong>licet</strong></span> <span class='ocrx_word' id='word_1_64' title='bbox 1802 1226 1904 1281; x_wconf 87' lang='lat' dir='ltr'><strong>ini-</strong></span> 
     </span>
    </p>
   </div>
   <div class='ocr_carea' id='block_1_11' title="bbox 314 1319 1909 1393">
    <p class='ocr_par' dir='ltr' id='par_1_11' title="bbox 314 1319 1909 1393">
     <span class='ocr_line' id='line_1_11' title="bbox 314 1319 1909 1393; baseline -0.003 -17"><span class='ocrx_word' id='word_1_65' title='bbox 314 1339 480 1393; x_wconf 91' lang='lat' dir='ltr'><strong>quum</strong></span> <span class='ocrx_word' id='word_1_66' title='bbox 504 1337 639 1392; x_wconf 92' lang='lat' dir='ltr'><strong>opus</strong></span> <span class='ocrx_word' id='word_1_67' title='bbox 668 1322 737 1376; x_wconf 90' lang='lat' dir='ltr'><strong>ab</strong></span> <span class='ocrx_word' id='word_1_68' title='bbox 757 1320 863 1377; x_wconf 89' lang='lat' dir='ltr'><strong>alio</strong></span> <span class='ocrx_word' id='word_1_69' title='bbox 890 1330 1157 1391; x_wconf 87' lang='lat' dir='ltr'><strong>patratum</strong></span> <span class='ocrx_word' id='word_1_70' title='bbox 1185 1322 1275 1387; x_wconf 91' lang='lat' dir='ltr'><strong>sit,</strong></span> <span class='ocrx_word' id='word_1_71' title='bbox 1316 1330 1489 1375; x_wconf 89' lang='lat' dir='ltr'><strong>tamen</strong></span> <span class='ocrx_word' id='word_1_72' title='bbox 1518 1327 1574 1374; x_wconf 90' lang='lat' dir='ltr'><strong>et</strong></span> <span class='ocrx_word' id='word_1_73' title='bbox 1602 1319 1716 1389; x_wconf 92' lang='lat' dir='ltr'><strong>ipse</strong></span> <span class='ocrx_word' id='word_1_74' title='bbox 1744 1332 1909 1387; x_wconf 83' lang='lat' dir='ltr'><strong>nego-</strong></span> 
     </span>
    </p>
   </div>
   <div class='ocr_carea' id='block_1_12' title="bbox 318 1407 1901 1482">
    <p class='ocr_par' dir='ltr' id='par_1_12' title="bbox 318 1407 1901 1482">
     <span class='ocr_line' id='line_1_12' title="bbox 318 1407 1901 1482; baseline -0.004 -15"><span class='ocrx_word' id='word_1_75' title='bbox 318 1414 375 1467; x_wconf 91' lang='lat' dir='ltr'><strong>tii</strong></span> <span class='ocrx_word' id='word_1_76' title='bbox 404 1413 672 1482; x_wconf 89' lang='lat' dir='ltr'><strong>particeps</strong></span> <span class='ocrx_word' id='word_1_77' title='bbox 699 1410 846 1465; x_wconf 81' lang='lat' dir='ltr'><strong>fuisti</strong></span> <span class='ocrx_word' id='word_1_78' title='bbox 876 1430 889 1464; x_wconf 92' lang='lat'><strong>:</strong></span> <span class='ocrx_word' id='word_1_79' title='bbox 921 1427 1025 1465; x_wconf 92' lang='lat' dir='ltr'><strong>non</strong></span> <span class='ocrx_word' id='word_1_80' title='bbox 1055 1411 1230 1465; x_wconf 92' lang='lat' dir='ltr'><strong>solum</strong></span> <span class='ocrx_word' id='word_1_81' title='bbox 1258 1410 1400 1480; x_wconf 89' lang='lat' dir='ltr'><strong>quod</strong></span> <span class='ocrx_word' id='word_1_82' title='bbox 1423 1408 1709 1464; x_wconf 91' lang='lat' dir='ltr'><strong>oblecteris</strong></span> <span class='ocrx_word' id='word_1_83' title='bbox 1739 1407 1901 1473; x_wconf 91' lang='lat' dir='ltr'><strong>facto,</strong></span> 
     </span>
    </p>
   </div>
   <div class='ocr_carea' id='block_1_13' title="bbox 316 1500 1907 1558">
    <p class='ocr_par' dir='ltr' id='par_1_13' title="bbox 316 1500 1907 1558">
     <span class='ocr_line' id='line_1_13' title="bbox 316 1500 1907 1558; baseline -0.003 0"><span class='ocrx_word' id='word_1_84' title='bbox 316 1512 375 1558; x_wconf 85' lang='lat' dir='ltr'><strong>et</strong></span> <span class='ocrx_word' id='word_1_85' title='bbox 414 1503 606 1558; x_wconf 86' lang='lat' dir='ltr'><strong>credas</strong></span> <span class='ocrx_word' id='word_1_86' title='bbox 652 1501 776 1557; x_wconf 90' lang='lat' dir='ltr'><strong>inde</strong></span> <span class='ocrx_word' id='word_1_87' title='bbox 816 1500 1155 1556; x_wconf 82' lang='lat' dir='ltr'><strong>facultatibus</strong></span> <span class='ocrx_word' id='word_1_88' title='bbox 1190 1502 1298 1555; x_wconf 86' lang='lat' dir='ltr'><strong>tuis</strong></span> <span class='ocrx_word' id='word_1_89' title='bbox 1337 1501 1724 1555; x_wconf 87' lang='lat' dir='ltr'><strong>incrementum</strong></span> <span class='ocrx_word' id='word_1_90' title='bbox 1752 1513 1907 1553; x_wconf 87' lang='lat' dir='ltr'><strong>acce-</strong></span> 
     </span>
    </p>
   </div>
   <div class='ocr_carea' id='block_1_14' title="bbox 317 1591 1905 1663">
    <p class='ocr_par' dir='ltr' id='par_1_14' title="bbox 317 1591 1905 1663">
     <span class='ocr_line' id='line_1_14' title="bbox 317 1591 1905 1663; baseline -0.004 -15"><span class='ocrx_word' id='word_1_91' title='bbox 317 1593 486 1659; x_wconf 81' lang='lat' dir='ltr'><strong>dere;</strong></span> <span class='ocrx_word' id='word_1_92' title='bbox 519 1592 613 1648; x_wconf 91' lang='lat' dir='ltr'><strong>sed</strong></span> <span class='ocrx_word' id='word_1_93' title='bbox 640 1593 782 1663; x_wconf 90' lang='lat' dir='ltr'><strong>quod</strong></span> <span class='ocrx_word' id='word_1_94' title='bbox 823 1592 1127 1663; x_wconf 87' lang='lat' dir='ltr'><strong>prohibeas,</strong></span> <span class='ocrx_word' id='word_1_95' title='bbox 1156 1608 1225 1647; x_wconf 91' lang='lat' dir='ltr'><strong>ne</strong></span> <span class='ocrx_word' id='word_1_96' title='bbox 1276 1592 1479 1646; x_wconf 82' lang='lat' dir='ltr'><strong>facinus</strong></span> <span class='ocrx_word' id='word_1_97' title='bbox 1521 1591 1905 1644; x_wconf 78' lang='lat' dir='ltr'><strong>committatur.</strong></span> 
     </span>
    </p>
   </div>
   <div class='ocr_carea' id='block_1_15' title="bbox 317 1681 1913 1755">
    <p class='ocr_par' dir='ltr' id='par_1_15' title="bbox 317 1681 1913 1755">
     <span class='ocr_line' id='line_1_15' title="bbox 317 1681 1913 1755; baseline -0.004 -15"><span class='ocrx_word' id='word_1_98' title='bbox 317 1685 452 1741; x_wconf 86' lang='lat' dir='ltr'><strong>Nam</strong></span> <span class='ocrx_word' id='word_1_99' title='bbox 474 1687 561 1754; x_wconf 91' lang='lat' dir='ltr'><strong>qui</strong></span> <span class='ocrx_word' id='word_1_100' title='bbox 593 1684 879 1754; x_wconf 88' lang='lat' dir='ltr'><strong>prohibere</strong></span> <span class='ocrx_word' id='word_1_101' title='bbox 899 1692 1075 1755; x_wconf 85' lang='lat' dir='ltr'><strong>potest</strong></span> <span class='ocrx_word' id='word_1_102' title='bbox 1098 1699 1219 1739; x_wconf 91' lang='lat' dir='ltr'><strong>eum</strong></span> <span class='ocrx_word' id='word_1_103' title='bbox 1249 1683 1337 1753; x_wconf 90' lang='lat' dir='ltr'><strong>qui</strong></span> <span class='ocrx_word' id='word_1_104' title='bbox 1365 1682 1611 1753; x_wconf 89' lang='lat' dir='ltr'><strong>injuriam</strong></span> <span class='ocrx_word' id='word_1_105' title='bbox 1641 1681 1822 1746; x_wconf 78' lang='lat' dir='ltr'><strong>infert,</strong></span> <span class='ocrx_word' id='word_1_106' title='bbox 1856 1688 1913 1735; x_wconf 89' lang='lat' dir='ltr'><strong>et</strong></span> 
     </span>
    </p>
   </div>
   <div class='ocr_carea' id='block_1_16' title="bbox 319 1776 1910 1848">
    <p class='ocr_par' dir='ltr' id='par_1_16' title="bbox 319 1776 1910 1848">
     <span class='ocr_line' id='line_1_16' title="bbox 319 1776 1910 1848; baseline -0.004 -15"><span class='ocrx_word' id='word_1_107' title='bbox 319 1795 429 1833; x_wconf 89' lang='lat' dir='ltr'><strong>non</strong></span> <span class='ocrx_word' id='word_1_108' title='bbox 478 1778 744 1848; x_wconf 84' lang='lat' dir='ltr'><strong>prohibet,</strong></span> <span class='ocrx_word' id='word_1_109' title='bbox 788 1778 833 1831; x_wconf 91' lang='lat' dir='ltr'><strong>is</strong></span> <span class='ocrx_word' id='word_1_110' title='bbox 871 1793 977 1831; x_wconf 93' lang='lat' dir='ltr'><strong>non</strong></span> <span class='ocrx_word' id='word_1_111' title='bbox 1023 1777 1286 1831; x_wconf 89' lang='lat' dir='ltr'><strong>minorem</strong></span> <span class='ocrx_word' id='word_1_112' title='bbox 1332 1776 1445 1831; x_wconf 91' lang='lat' dir='ltr'><strong>luet</strong></span> <span class='ocrx_word' id='word_1_113' title='bbox 1472 1790 1706 1845; x_wconf 57' lang='lat' dir='ltr'><strong>poenam,</strong></span> <span class='ocrx_word' id='word_1_114' title='bbox 1749 1789 1910 1845; x_wconf 89' lang='lat' dir='ltr'><strong>quam</strong></span> 
     </span>
    </p>
   </div>
   <div class='ocr_carea' id='block_1_17' title="bbox 319 1869 896 1940">
    <p class='ocr_par' dir='ltr' id='par_1_17' title="bbox 319 1869 896 1940">
     <span class='ocr_line' id='line_1_17' title="bbox 319 1869 896 1940; baseline 0 -18"><span class='ocrx_word' id='word_1_115' title='bbox 319 1871 410 1940; x_wconf 89' lang='lat' dir='ltr'><strong>qui</strong></span> <span class='ocrx_word' id='word_1_116' title='bbox 444 1870 689 1939; x_wconf 90' lang='lat' dir='ltr'><strong>injuriam</strong></span> <span class='ocrx_word' id='word_1_117' title='bbox 716 1869 896 1923; x_wconf 84' lang='lat' dir='ltr'><strong>infert.</strong></span> 
     </span>
    </p>
   </div>
   <div class='ocr_carea' id='block_1_18' title="bbox 394 1948 1913 2033">
    <p class='ocr_par' dir='ltr' id='par_1_18' title="bbox 394 1948 1913 2033">
     <span class='ocr_line' id='line_1_18' title="bbox 394 1948 1913 2033; baseline -0.004 -17"><span class='ocrx_word' id='word_1_118' title='bbox 394 1964 437 2016; x_wconf 83' lang='grc' dir='ltr'><em>Α</em></span> <span class='ocrx_word' id='word_1_119' title='bbox 457 1962 721 2033; x_wconf 79' lang='lat' dir='ltr'><strong>fraudibus</strong></span> <span class='ocrx_word' id='word_1_120' title='bbox 733 1972 778 2015; x_wconf 91' lang='lat' dir='ltr'><strong>et</strong></span> <span class='ocrx_word' id='word_1_121' title='bbox 801 1948 994 2033; x_wconf 75' lang='lat' dir='ltr'><strong>rapinis</strong></span> <span class='ocrx_word' id='word_1_122' title='bbox 1012 1970 1281 2015; x_wconf 82' lang='lat' dir='ltr'><strong>avocat.—</strong></span> <span class='ocrx_word' id='word_1_123' title='bbox 1295 1958 1530 2015; x_wconf 86' lang='lat' dir='ltr'><strong>Obsecro</strong></span> <span class='ocrx_word' id='word_1_124' title='bbox 1546 1957 1725 2028; x_wconf 79' lang='lat' dir='ltr'><strong>igitur,</strong></span> <span class='ocrx_word' id='word_1_125' title='bbox 1743 1973 1811 2011; x_wconf 88' lang='lat' dir='ltr'><strong>ne</strong></span> <span class='ocrx_word' id='word_1_126' title='bbox 1826 1970 1913 2010; x_wconf 83' lang='lat' dir='ltr'><strong>se-</strong></span> 
     </span>
    </p>
   </div>
   <div class='ocr_carea' id='block_1_19' title="bbox 321 2049 1915 2123">
    <p class='ocr_par' dir='ltr' id='par_1_19' title="bbox 321 2049 1915 2123">
     <span class='ocr_line' id='line_1_19' title="bbox 321 2049 1915 2123; baseline -0.004 -16"><span class='ocrx_word' id='word_1_127' title='bbox 321 2053 581 2108; x_wconf 90' lang='lat' dir='ltr'><strong>ducamus</strong></span> <span class='ocrx_word' id='word_1_128' title='bbox 610 2053 988 2123; x_wconf 84' lang='lat' dir='ltr'><strong>nosmetipsos,</strong></span> <span class='ocrx_word' id='word_1_129' title='bbox 1010 2051 1103 2108; x_wconf 89' lang='lat' dir='ltr'><strong>sed</strong></span> <span class='ocrx_word' id='word_1_130' title='bbox 1130 2064 1184 2106; x_wconf 91' lang='lat' dir='ltr'><strong>et</strong></span> <span class='ocrx_word' id='word_1_131' title='bbox 1208 2052 1306 2121; x_wconf 91' lang='lat' dir='ltr'><strong>ipsi</strong></span> <span class='ocrx_word' id='word_1_132' title='bbox 1334 2049 1597 2120; x_wconf 84' lang='lat' dir='ltr'><strong>fugiamus</strong></span> <span class='ocrx_word' id='word_1_133' title='bbox 1623 2049 1833 2118; x_wconf 87' lang='lat' dir='ltr'><strong>rapinas</strong></span> <span class='ocrx_word' id='word_1_134' title='bbox 1858 2054 1915 2102; x_wconf 90' lang='lat' dir='ltr'><strong>et</strong></span> 
     </span>
    </p>
   </div>
   <div class='ocr_carea' id='block_1_20' title="bbox 323 2141 1915 2214">
    <p class='ocr_par' dir='ltr' id='par_1_20' title="bbox 323 2141 1915 2214">
     <span class='ocr_line' id='line_1_20' title="bbox 323 2141 1915 2214; baseline -0.005 -13"><span class='ocrx_word' id='word_1_135' title='bbox 323 2146 561 2214; x_wconf 89' lang='lat' dir='ltr'><strong>fraudes,</strong></span> <span class='ocrx_word' id='word_1_136' title='bbox 607 2154 663 2201; x_wconf 91' lang='lat' dir='ltr'><strong>et</strong></span> <span class='ocrx_word' id='word_1_137' title='bbox 704 2162 769 2202; x_wconf 82' lang='lat' dir='ltr'><strong>ex</strong></span> <span class='ocrx_word' id='word_1_138' title='bbox 810 2144 1110 2200; x_wconf 85' lang='lat' dir='ltr'><strong>istiusmodi</strong></span> <span class='ocrx_word' id='word_1_139' title='bbox 1152 2145 1356 2199; x_wconf 86' lang='lat' dir='ltr'><strong>artibus</strong></span> <span class='ocrx_word' id='word_1_140' title='bbox 1375 2143 1731 2198; x_wconf 89' lang='lat' dir='ltr'><strong>emolumenta</strong></span> <span class='ocrx_word' id='word_1_141' title='bbox 1755 2150 1809 2196; x_wconf 93' lang='lat' dir='ltr'><strong>et</strong></span> <span class='ocrx_word' id='word_1_142' title='bbox 1832 2141 1915 2194; x_wconf 89' lang='lat' dir='ltr'><strong>lu-</strong></span> 
     </span>
    </p>
   </div>
   <div class='ocr_carea' id='block_1_21' title="bbox 323 2233 1913 2304">
    <p class='ocr_par' dir='ltr' id='par_1_21' title="bbox 323 2233 1913 2304">
     <span class='ocr_line' id='line_1_21' title="bbox 323 2233 1913 2304; baseline -0.006 -8"><span class='ocrx_word' id='word_1_143' title='bbox 323 2258 455 2297; x_wconf 89' lang='lat' dir='ltr'><strong>cra:</strong></span> <span class='ocrx_word' id='word_1_144' title='bbox 507 2250 561 2295; x_wconf 92' lang='lat' dir='ltr'><strong>et</strong></span> <span class='ocrx_word' id='word_1_145' title='bbox 603 2239 891 2294; x_wconf 87' lang='lat' dir='ltr'><strong>familiares</strong></span> <span class='ocrx_word' id='word_1_146' title='bbox 928 2246 1141 2293; x_wconf 90' lang='lat' dir='ltr'><strong>nostros</strong></span> <span class='ocrx_word' id='word_1_147' title='bbox 1184 2236 1513 2302; x_wconf 91' lang='lat' dir='ltr'><strong>erudiamus,</strong></span> <span class='ocrx_word' id='word_1_148' title='bbox 1546 2252 1614 2288; x_wconf 90' lang='lat' dir='ltr'><strong>ne</strong></span> <span class='ocrx_word' id='word_1_149' title='bbox 1647 2233 1775 2304; x_wconf 92' lang='lat' dir='ltr'><strong>quid</strong></span> <span class='ocrx_word' id='word_1_150' title='bbox 1808 2233 1913 2287; x_wconf 87' lang='lat' dir='ltr'><strong>tale</strong></span> 
     </span>
    </p>
   </div>
   <div class='ocr_carea' id='block_1_22' title="bbox 324 2325 1913 2402">
    <p class='ocr_par' dir='ltr' id='par_1_22' title="bbox 324 2325 1913 2402">
     <span class='ocr_line' id='line_1_22' title="bbox 324 2325 1913 2402; baseline -0.004 -16"><span class='ocrx_word' id='word_1_151' title='bbox 324 2341 635 2402; x_wconf 79' lang='lat' dir='ltr'><strong>Operentur.</strong></span> <span class='ocrx_word' id='word_1_152' title='bbox 666 2330 781 2385; x_wconf 86' lang='lat' dir='ltr'><strong>Non</strong></span> <span class='ocrx_word' id='word_1_153' title='bbox 811 2331 954 2384; x_wconf 92' lang='lat' dir='ltr'><strong>enim</strong></span> <span class='ocrx_word' id='word_1_154' title='bbox 995 2329 1098 2384; x_wconf 92' lang='lat' dir='ltr'><strong>hoc</strong></span> <span class='ocrx_word' id='word_1_155' title='bbox 1128 2343 1227 2383; x_wconf 93' lang='lat' dir='ltr'><strong>nos</strong></span> <span class='ocrx_word' id='word_1_156' title='bbox 1265 2329 1501 2383; x_wconf 88' lang='lat' dir='ltr'><strong>insontes</strong></span> <span class='ocrx_word' id='word_1_157' title='bbox 1537 2334 1777 2397; x_wconf 76' lang='lat' dir='ltr'><strong>prrestat,</strong></span> <span class='ocrx_word' id='word_1_158' title='bbox 1818 2325 1913 2379; x_wconf 92' lang='lat' dir='ltr'><strong>sed</strong></span> 
     </span>
    </p>
   </div>
   <div class='ocr_carea' id='block_1_23' title="bbox 326 2419 1913 2495">
    <p class='ocr_par' dir='ltr' id='par_1_23' title="bbox 326 2419 1913 2495">
     <span class='ocr_line' id='line_1_23' title="bbox 326 2419 1913 2495; baseline -0.003 -19"><span class='ocrx_word' id='word_1_159' title='bbox 326 2424 507 2495; x_wconf 89' lang='lat' dir='ltr'><strong>potius</strong></span> <span class='ocrx_word' id='word_1_160' title='bbox 532 2422 722 2493; x_wconf 89' lang='lat' dir='ltr'><strong>majori</strong></span> <span class='ocrx_word' id='word_1_161' title='bbox 749 2421 1179 2478; x_wconf 88' lang='lat' dir='ltr'><strong>condemnationi</strong></span> <span class='ocrx_word' id='word_1_162' title='bbox 1208 2421 1499 2475; x_wconf 88' lang='lat' dir='ltr'><strong>obnoxios:</strong></span> <span class='ocrx_word' id='word_1_163' title='bbox 1519 2421 1642 2489; x_wconf 82' lang='lat' dir='ltr'><strong>quia</strong></span> <span class='ocrx_word' id='word_1_164' title='bbox 1662 2420 1713 2472; x_wconf 92' lang='lat' dir='ltr'><strong>in</strong></span> <span class='ocrx_word' id='word_1_165' title='bbox 1745 2419 1913 2473; x_wconf 88' lang='lat' dir='ltr'><strong>nostri</strong></span> 
     </span>
    </p>
   </div>
   <div class='ocr_carea' id='block_1_24' title="bbox 324 2512 1916 2586">
    <p class='ocr_par' dir='ltr' id='par_1_24' title="bbox 324 2512 1916 2586">
     <span class='ocr_line' id='line_1_24' title="bbox 324 2512 1916 2586; baseline -0.004 -16"><span class='ocrx_word' id='word_1_166' title='bbox 324 2517 549 2586; x_wconf 75' lang='lat' dir='ltr'><strong>gratiam</strong></span> <span class='ocrx_word' id='word_1_167' title='bbox 579 2516 654 2570; x_wconf 90' lang='lat' dir='ltr'><strong>illi</strong></span> <span class='ocrx_word' id='word_1_168' title='bbox 682 2530 831 2571; x_wconf 89' lang='lat' dir='ltr'><strong>suam</strong></span> <span class='ocrx_word' id='word_1_169' title='bbox 862 2516 1169 2569; x_wconf 90' lang='lat' dir='ltr'><strong>amittentes</strong></span> <span class='ocrx_word' id='word_1_170' title='bbox 1204 2515 1452 2579; x_wconf 90' lang='lat' dir='ltr'><strong>salutem,</strong></span> <span class='ocrx_word' id='word_1_171' title='bbox 1480 2512 1791 2582; x_wconf 87' lang='lat' dir='ltr'><strong>injuslitiam</strong></span> <span class='ocrx_word' id='word_1_172' title='bbox 1823 2528 1916 2565; x_wconf 85' lang='lat' dir='ltr'><strong>au-</strong></span> 
     </span>
    </p>
   </div>
   <div class='ocr_carea' id='block_1_25' title="bbox 325 2606 1910 2680">
    <p class='ocr_par' dir='ltr' id='par_1_25' title="bbox 325 2606 1910 2680">
     <span class='ocr_line' id='line_1_25' title="bbox 325 2606 1910 2680; baseline -0.005 -14"><span class='ocrx_word' id='word_1_173' title='bbox 325 2612 477 2677; x_wconf 88' lang='lat' dir='ltr'><strong>dent,</strong></span> <span class='ocrx_word' id='word_1_174' title='bbox 507 2618 562 2665; x_wconf 84' lang='lat' dir='ltr'><strong>et</strong></span> <span class='ocrx_word' id='word_1_175' title='bbox 586 2610 686 2680; x_wconf 89' lang='lat' dir='ltr'><strong>ipsi</strong></span> <span class='ocrx_word' id='word_1_176' title='bbox 716 2610 768 2663; x_wconf 94' lang='lat' dir='ltr'><strong>in</strong></span> <span class='ocrx_word' id='word_1_177' title='bbox 798 2609 1089 2679; x_wconf 87' lang='lat' dir='ltr'><strong>perniciem</strong></span> <span class='ocrx_word' id='word_1_178' title='bbox 1119 2618 1308 2663; x_wconf 90' lang='lat' dir='ltr'><strong>euntes</strong></span> <span class='ocrx_word' id='word_1_179' title='bbox 1336 2621 1435 2661; x_wconf 92' lang='lat' dir='ltr'><strong>nos</strong></span> <span class='ocrx_word' id='word_1_180' title='bbox 1463 2621 1645 2661; x_wconf 90' lang='lat' dir='ltr'><strong>secum</strong></span> <span class='ocrx_word' id='word_1_181' title='bbox 1678 2606 1910 2674; x_wconf 82' lang='lat' dir='ltr'><strong>rapiunt.</strong></span> 
     </span>
    </p>
   </div>
   <div class='ocr_carea' id='block_1_26' title="bbox 326 2696 1916 2772">
    <p class='ocr_par' dir='ltr' id='par_1_26' title="bbox 326 2696 1916 2772">
     <span class='ocr_line' id='line_1_26' title="bbox 326 2696 1916 2772; baseline -0.005 -15"><span class='ocrx_word' id='word_1_182' title='bbox 326 2702 479 2770; x_wconf 91' lang='lat' dir='ltr'><strong>Quod</strong></span> <span class='ocrx_word' id='word_1_183' title='bbox 504 2702 550 2756; x_wconf 90' lang='lat' dir='ltr'><strong>si</strong></span> <span class='ocrx_word' id='word_1_184' title='bbox 579 2701 764 2772; x_wconf 78' lang='lat' dir='ltr'><strong>vigiles</strong></span> <span class='ocrx_word' id='word_1_185' title='bbox 792 2715 915 2756; x_wconf 89' lang='lat' dir='ltr'><strong>esse</strong></span> <span class='ocrx_word' id='word_1_186' title='bbox 940 2699 1288 2765; x_wconf 80' lang='lat' dir='ltr'><strong>voluerimus,</strong></span> <span class='ocrx_word' id='word_1_187' title='bbox 1316 2706 1372 2754; x_wconf 92' lang='lat' dir='ltr'><strong>et</strong></span> <span class='ocrx_word' id='word_1_188' title='bbox 1398 2697 1499 2767; x_wconf 92' lang='lat' dir='ltr'><strong>ipsi</strong></span> <span class='ocrx_word' id='word_1_189' title='bbox 1524 2697 1593 2751; x_wconf 92' lang='lat' dir='ltr'><strong>ab</strong></span> <span class='ocrx_word' id='word_1_190' title='bbox 1627 2711 1694 2751; x_wconf 91' lang='lat' dir='ltr'><strong>eo</strong></span> <span class='ocrx_word' id='word_1_191' title='bbox 1719 2696 1916 2750; x_wconf 90' lang='lat' dir='ltr'><strong>damno</strong></span> 
     </span>
    </p>
   </div>
   <div class='ocr_carea' id='block_1_27' title="bbox 328 2787 1912 2849">
    <p class='ocr_par' dir='ltr' id='par_1_27' title="bbox 328 2787 1912 2849">
     <span class='ocr_line' id='line_1_27' title="bbox 328 2787 1912 2849; baseline -0.005 -2"><span class='ocrx_word' id='word_1_192' title='bbox 328 2792 694 2849; x_wconf 89' lang='lat' dir='ltr'><strong>liberabimur.</strong></span> <span class='ocrx_word' id='word_1_193' title='bbox 748 2796 806 2846; x_wconf 92' lang='lat' dir='ltr'><strong>et</strong></span> <span class='ocrx_word' id='word_1_194' title='bbox 856 2790 979 2845; x_wconf 93' lang='lat' dir='ltr'><strong>illos</strong></span> <span class='ocrx_word' id='word_1_195' title='bbox 1016 2805 1047 2843; x_wconf 91' lang='lat' dir='ltr'><strong>a</strong></span> <span class='ocrx_word' id='word_1_196' title='bbox 1077 2789 1233 2844; x_wconf 90' lang='lat' dir='ltr'><strong>malis</strong></span> <span class='ocrx_word' id='word_1_197' title='bbox 1270 2789 1550 2844; x_wconf 88' lang='lat' dir='ltr'><strong>conatibus</strong></span> <span class='ocrx_word' id='word_1_198' title='bbox 1590 2787 1912 2841; x_wconf 90' lang='lat' dir='ltr'><strong>arcehimus.</strong></span> 
     </span>
    </p>
   </div>
   <div class='ocr_carea' id='block_1_28' title="bbox 328 2877 1916 2940">
    <p class='ocr_par' dir='ltr' id='par_1_28' title="bbox 328 2877 1916 2940">
     <span class='ocr_line' id='line_1_28' title="bbox 328 2877 1916 2940; baseline -0.006 0"><span class='ocrx_word' id='word_1_199' title='bbox 328 2885 500 2940; x_wconf 89' lang='lat' dir='ltr'><strong>Porro</strong></span> <span class='ocrx_word' id='word_1_200' title='bbox 546 2899 615 2938; x_wconf 90' lang='lat' dir='ltr'><strong>ne</strong></span> <span class='ocrx_word' id='word_1_201' title='bbox 662 2882 791 2937; x_wconf 90' lang='lat' dir='ltr'><strong>mtni</strong></span> <span class='ocrx_word' id='word_1_202' title='bbox 831 2881 979 2937; x_wconf 89' lang='lat' dir='ltr'><strong>dicas</strong></span> <span class='ocrx_word' id='word_1_203' title='bbox 1018 2881 1207 2937; x_wconf 83' lang='lat' dir='ltr'><strong>frivola</strong></span> <span class='ocrx_word' id='word_1_204' title='bbox 1257 2881 1347 2935; x_wconf 92' lang='lat' dir='ltr'><strong>illa</strong></span> <span class='ocrx_word' id='word_1_205' title='bbox 1389 2877 1757 2934; x_wconf 78' lang='lat' dir='ltr'><strong>verbazNihil</strong></span> <span class='ocrx_word' id='word_1_206' title='bbox 1784 2877 1916 2931; x_wconf 91' lang='lat' dir='ltr'><strong>mihi</strong></span> 
     </span>
    </p>
   </div>
   <div class='ocr_carea' id='block_1_29' title="bbox 328 2971 1918 3046">
    <p class='ocr_par' dir='ltr' id='par_1_29' title="bbox 328 2971 1918 3046">
     <span class='ocr_line' id='line_1_29' title="bbox 328 2971 1918 3046; baseline -0.003 -14"><span class='ocrx_word' id='word_1_207' title='bbox 328 2992 474 3032; x_wconf 82' lang='lat' dir='ltr'><strong>curae</strong></span> <span class='ocrx_word' id='word_1_208' title='bbox 514 2985 618 3033; x_wconf 89' lang='lat' dir='ltr'><strong>est.</strong></span> <span class='ocrx_word' id='word_1_209' title='bbox 662 2975 927 3045; x_wconf 85' lang='lat' dir='ltr'><strong>Numquid</strong></span> <span class='ocrx_word' id='word_1_210' title='bbox 953 2990 1055 3046; x_wconf 82' lang='lat' dir='ltr'><strong>ego</strong></span> <span class='ocrx_word' id='word_1_211' title='bbox 1081 2975 1276 3045; x_wconf 86' lang='lat' dir='ltr'><strong>rapui?</strong></span> <span class='ocrx_word' id='word_1_212' title='bbox 1304 2973 1447 3028; x_wconf 87' lang='lat' dir='ltr'><strong>Nihil</strong></span> <span class='ocrx_word' id='word_1_213' title='bbox 1488 2972 1618 3027; x_wconf 90' lang='lat' dir='ltr'><strong>mihi</strong></span> <span class='ocrx_word' id='word_1_214' title='bbox 1662 2987 1725 3026; x_wconf 89' lang='lat' dir='ltr'><strong>ea</strong></span> <span class='ocrx_word' id='word_1_215' title='bbox 1763 2971 1829 3026; x_wconf 91' lang='lat' dir='ltr'><strong>de</strong></span> <span class='ocrx_word' id='word_1_216' title='bbox 1857 2986 1918 3027; x_wconf 91' lang='lat' dir='ltr'><strong>re</strong></span> 
     </span>
    </p>
   </div>
   <div class='ocr_carea' id='block_1_30' title="bbox 329 3061 1919 3134">
    <p class='ocr_par' dir='ltr' id='par_1_30' title="bbox 329 3061 1919 3134">
     <span class='ocr_line' id='line_1_30' title="bbox 329 3061 1919 3134; baseline -0.005 -12"><span class='ocrx_word' id='word_1_217' title='bbox 329 3076 573 3122; x_wconf 88' lang='lat' dir='ltr'><strong>constat:</strong></span> <span class='ocrx_word' id='word_1_218' title='bbox 603 3066 737 3121; x_wconf 90' lang='lat' dir='ltr'><strong>alius</strong></span> <span class='ocrx_word' id='word_1_219' title='bbox 761 3064 908 3131; x_wconf 90' lang='lat' dir='ltr'><strong>fecit,</strong></span> <span class='ocrx_word' id='word_1_220' title='bbox 930 3080 1036 3120; x_wconf 91' lang='lat' dir='ltr'><strong>non</strong></span> <span class='ocrx_word' id='word_1_221' title='bbox 1060 3063 1133 3119; x_wconf 91' lang='lat' dir='ltr'><strong>fui</strong></span> <span class='ocrx_word' id='word_1_222' title='bbox 1156 3064 1430 3134; x_wconf 84' lang='lat' dir='ltr'><strong>particeps</strong></span> <span class='ocrx_word' id='word_1_223' title='bbox 1450 3062 1740 3132; x_wconf 65' lang='lat' dir='ltr'><strong>injustitiaa.</strong></span> <span class='ocrx_word' id='word_1_224' title='bbox 1773 3061 1919 3117; x_wconf 69' lang='lat' dir='ltr'><strong>Prte-</strong></span> 
     </span>
    </p>
   </div>
   <div class='ocr_carea' id='block_1_31' title="bbox 331 3152 1917 3223">
    <p class='ocr_par' dir='ltr' id='par_1_31' title="bbox 331 3152 1917 3223">
     <span class='ocr_line' id='line_1_31' title="bbox 331 3152 1917 3223; baseline -0.006 -8"><span class='ocrx_word' id='word_1_225' title='bbox 331 3168 508 3215; x_wconf 89' lang='lat' dir='ltr'><strong>textus</strong></span> <span class='ocrx_word' id='word_1_226' title='bbox 534 3158 623 3213; x_wconf 90' lang='lat' dir='ltr'><strong>illa</strong></span> <span class='ocrx_word' id='word_1_227' title='bbox 664 3168 808 3223; x_wconf 89' lang='lat' dir='ltr'><strong>sunt,</strong></span> <span class='ocrx_word' id='word_1_228' title='bbox 836 3165 893 3212; x_wconf 91' lang='lat' dir='ltr'><strong>et</strong></span> <span class='ocrx_word' id='word_1_229' title='bbox 922 3157 1081 3211; x_wconf 88' lang='lat' dir='ltr'><strong>inane</strong></span> <span class='ocrx_word' id='word_1_230' title='bbox 1120 3164 1507 3210; x_wconf 89' lang='lat' dir='ltr'><strong>commentum.</strong></span> <span class='ocrx_word' id='word_1_231' title='bbox 1535 3152 1592 3208; x_wconf 91' lang='lat' dir='ltr'><strong>Si</strong></span> <span class='ocrx_word' id='word_1_232' title='bbox 1626 3153 1707 3209; x_wconf 85' lang='lat' dir='ltr'><strong>vis</strong></span> <span class='ocrx_word' id='word_1_233' title='bbox 1735 3152 1917 3207; x_wconf 85' lang='lat' dir='ltr'><strong>decla-</strong></span> 
     </span>
    </p>
   </div>
   <div class='ocr_carea' id='block_1_32' title="bbox 333 3242 1920 3316">
    <p class='ocr_par' dir='ltr' id='par_1_32' title="bbox 333 3242 1920 3316">
     <span class='ocr_line' id='line_1_32' title="bbox 333 3242 1920 3316; baseline -0.004 -12"><span class='ocrx_word' id='word_1_234' title='bbox 333 3266 455 3305; x_wconf 88' lang='lat' dir='ltr'><strong>rare</strong></span> <span class='ocrx_word' id='word_1_235' title='bbox 480 3260 531 3304; x_wconf 90' lang='lat' dir='ltr'><strong>te</strong></span> <span class='ocrx_word' id='word_1_236' title='bbox 553 3264 658 3305; x_wconf 93' lang='lat' dir='ltr'><strong>non</strong></span> <span class='ocrx_word' id='word_1_237' title='bbox 684 3259 989 3304; x_wconf 89' lang='lat' dir='ltr'><strong>consortem</strong></span> <span class='ocrx_word' id='word_1_238' title='bbox 1023 3247 1191 3303; x_wconf 90' lang='lat' dir='ltr'><strong>fuisse</strong></span> <span class='ocrx_word' id='word_1_239' title='bbox 1224 3246 1517 3315; x_wconf 67' lang='lat' dir='ltr'><strong>injustitiai,</strong></span> <span class='ocrx_word' id='word_1_240' title='bbox 1546 3260 1717 3316; x_wconf 91' lang='lat' dir='ltr'><strong>neque</strong></span> <span class='ocrx_word' id='word_1_241' title='bbox 1743 3242 1920 3298; x_wconf 87' lang='lat' dir='ltr'><strong>avari-</strong></span> 
     </span>
    </p>
   </div>
   <div class='ocr_carea' id='block_1_33' title="bbox 335 3336 1919 3407">
    <p class='ocr_par' dir='ltr' id='par_1_33' title="bbox 335 3336 1919 3407">
     <span class='ocr_line' id='line_1_33' title="bbox 335 3336 1919 3407; baseline -0.004 -11"><span class='ocrx_word' id='word_1_242' title='bbox 335 3341 422 3396; x_wconf 82' lang='lat' dir='ltr'><strong>ti:e</strong></span> <span class='ocrx_word' id='word_1_243' title='bbox 446 3340 733 3406; x_wconf 87' lang='lat' dir='ltr'><strong>studuisse,</strong></span> <span class='ocrx_word' id='word_1_244' title='bbox 757 3339 981 3395; x_wconf 90' lang='lat' dir='ltr'><strong>emenda</strong></span> <span class='ocrx_word' id='word_1_245' title='bbox 1007 3339 1228 3406; x_wconf 93' lang='lat' dir='ltr'><strong>factum,</strong></span> <span class='ocrx_word' id='word_1_246' title='bbox 1256 3339 1433 3393; x_wconf 86' lang='lat' dir='ltr'><strong>solare</strong></span> <span class='ocrx_word' id='word_1_247' title='bbox 1456 3353 1578 3393; x_wconf 90' lang='lat' dir='ltr'><strong>eum</strong></span> <span class='ocrx_word' id='word_1_248' title='bbox 1611 3338 1701 3407; x_wconf 87' lang='lat' dir='ltr'><strong>qui</strong></span> <span class='ocrx_word' id='word_1_249' title='bbox 1728 3336 1919 3406; x_wconf 87' lang='lat' dir='ltr'><strong>injuria</strong></span> 
     </span>
    </p>
   </div>
   <div class='ocr_carea' id='block_1_34' title="bbox 332 3429 1918 3501">
    <p class='ocr_par' dir='ltr' id='par_1_34' title="bbox 332 3429 1918 3501">
     <span class='ocr_line' id='line_1_34' title="bbox 332 3429 1918 3501; baseline -0.003 -14"><span class='ocrx_word' id='word_1_250' title='bbox 332 3434 553 3489; x_wconf 77' lang='lat' dir='ltr'><strong>affectus</strong></span> <span class='ocrx_word' id='word_1_251' title='bbox 575 3443 676 3499; x_wconf 90' lang='lat' dir='ltr'><strong>est,</strong></span> <span class='ocrx_word' id='word_1_252' title='bbox 712 3433 880 3489; x_wconf 90' lang='lat' dir='ltr'><strong>redde</strong></span> <span class='ocrx_word' id='word_1_253' title='bbox 910 3433 1108 3488; x_wconf 86' lang='lat' dir='ltr'><strong>ablata.</strong></span> <span class='ocrx_word' id='word_1_254' title='bbox 1136 3433 1229 3487; x_wconf 81' lang='lat' dir='ltr'><strong>Sic</strong></span> <span class='ocrx_word' id='word_1_255' title='bbox 1253 3432 1395 3487; x_wconf 91' lang='lat' dir='ltr'><strong>enim</strong></span> <span class='ocrx_word' id='word_1_256' title='bbox 1427 3440 1481 3486; x_wconf 92' lang='lat' dir='ltr'><strong>et</strong></span> <span class='ocrx_word' id='word_1_257' title='bbox 1508 3430 1735 3501; x_wconf 87' lang='lat' dir='ltr'><strong>teipsum</strong></span> <span class='ocrx_word' id='word_1_258' title='bbox 1755 3444 1784 3482; x_wconf 91' lang='lat' dir='ltr'><strong>a</strong></span> <span class='ocrx_word' id='word_1_259' title='bbox 1810 3429 1918 3484; x_wconf 88' lang='lat' dir='ltr'><strong>cri-</strong></span> 
     </span>
    </p>
   </div>
   <div class='ocr_carea' id='block_1_35' title="bbox 335 3519 1915 3593">
    <p class='ocr_par' dir='ltr' id='par_1_35' title="bbox 335 3519 1915 3593">
     <span class='ocr_line' id='line_1_35' title="bbox 335 3519 1915 3593; baseline -0.004 -15"><span class='ocrx_word' id='word_1_260' title='bbox 335 3526 567 3580; x_wconf 85' lang='lat' dir='ltr'><strong>minibus</strong></span> <span class='ocrx_word' id='word_1_261' title='bbox 596 3525 868 3592; x_wconf 88' lang='lat' dir='ltr'><strong>liberabis,</strong></span> <span class='ocrx_word' id='word_1_262' title='bbox 897 3533 953 3579; x_wconf 93' lang='lat' dir='ltr'><strong>ct</strong></span> <span class='ocrx_word' id='word_1_263' title='bbox 974 3540 1095 3579; x_wconf 92' lang='lat' dir='ltr'><strong>eum</strong></span> <span class='ocrx_word' id='word_1_264' title='bbox 1122 3524 1213 3591; x_wconf 90' lang='lat' dir='ltr'><strong>qui</strong></span> <span class='ocrx_word' id='word_1_265' title='bbox 1238 3522 1482 3593; x_wconf 90' lang='lat' dir='ltr'><strong>injuriam</strong></span> <span class='ocrx_word' id='word_1_266' title='bbox 1512 3520 1636 3575; x_wconf 91' lang='lat' dir='ltr'><strong>fecit</strong></span> <span class='ocrx_word' id='word_1_267' title='bbox 1658 3519 1915 3589; x_wconf 81' lang='lat' dir='ltr'><strong>corriges,</strong></span> 
     </span>
    </p>
   </div>
   <div class='ocr_carea' id='block_1_36' title="bbox 334 3612 1921 3682">
    <p class='ocr_par' dir='ltr' id='par_1_36' title="bbox 334 3612 1921 3682">
     <span class='ocr_line' id='line_1_36' title="bbox 334 3612 1921 3682; baseline -0.003 -13"><span class='ocrx_word' id='word_1_268' title='bbox 334 3617 379 3670; x_wconf 88' lang='lat' dir='ltr'><strong>si</strong></span> <span class='ocrx_word' id='word_1_269' title='bbox 424 3617 795 3682; x_wconf 89' lang='lat' dir='ltr'><strong>declaraveris,</strong></span> <span class='ocrx_word' id='word_1_270' title='bbox 837 3618 953 3670; x_wconf 59' lang='lat' dir='ltr'><strong>hate</strong></span> <span class='ocrx_word' id='word_1_271' title='bbox 990 3631 1097 3670; x_wconf 92' lang='lat' dir='ltr'><strong>non</strong></span> <span class='ocrx_word' id='word_1_272' title='bbox 1137 3613 1302 3670; x_wconf 91' lang='lat' dir='ltr'><strong>fuisse</strong></span> <span class='ocrx_word' id='word_1_273' title='bbox 1326 3614 1465 3669; x_wconf 90' lang='lat' dir='ltr'><strong>facta</strong></span> <span class='ocrx_word' id='word_1_274' title='bbox 1502 3612 1794 3668; x_wconf 88' lang='lat' dir='ltr'><strong>secundum</strong></span> <span class='ocrx_word' id='word_1_275' title='bbox 1827 3625 1921 3664; x_wconf 91' lang='lat' dir='ltr'><strong>vo-</strong></span> 
     </span>
    </p>
   </div>
   <div class='ocr_carea' id='block_1_37' title="bbox 336 3704 1921 3778">
    <p class='ocr_par' dir='ltr' id='par_1_37' title="bbox 336 3704 1921 3778">
     <span class='ocr_line' id='line_1_37' title="bbox 336 3704 1921 3778; baseline -0.004 -12"><span class='ocrx_word' id='word_1_276' title='bbox 336 3711 593 3766; x_wconf 89' lang='lat' dir='ltr'><strong>luntatem</strong></span> <span class='ocrx_word' id='word_1_277' title='bbox 639 3719 806 3771; x_wconf 89' lang='lat' dir='ltr'><strong>tuam,</strong></span> <span class='ocrx_word' id='word_1_278' title='bbox 846 3719 901 3764; x_wconf 89' lang='lat' dir='ltr'><strong>et</strong></span> <span class='ocrx_word' id='word_1_279' title='bbox 928 3709 1213 3763; x_wconf 88' lang='lat' dir='ltr'><strong>consolans</strong></span> <span class='ocrx_word' id='word_1_280' title='bbox 1238 3722 1549 3778; x_wconf 88' lang='lat' dir='ltr'><strong>pauperem,</strong></span> <span class='ocrx_word' id='word_1_281' title='bbox 1582 3720 1687 3760; x_wconf 89' lang='lat' dir='ltr'><strong>non</strong></span> <span class='ocrx_word' id='word_1_282' title='bbox 1728 3704 1921 3759; x_wconf 88' lang='lat' dir='ltr'><strong>siveris</strong></span> 
     </span>
    </p>
   </div>
   <div class='ocr_carea' id='block_1_38' title="bbox 337 3796 1923 3868">
    <p class='ocr_par' dir='ltr' id='par_1_38' title="bbox 337 3796 1923 3868">
     <span class='ocr_line' id='line_1_38' title="bbox 337 3796 1923 3868; baseline -0.006 -12"><span class='ocrx_word' id='word_1_283' title='bbox 337 3817 460 3856; x_wconf 92' lang='lat' dir='ltr'><strong>eum</strong></span> <span class='ocrx_word' id='word_1_284' title='bbox 503 3816 531 3853; x_wconf 90' lang='lat' dir='ltr'><strong>a</strong></span> <span class='ocrx_word' id='word_1_285' title='bbox 580 3801 793 3856; x_wconf 89' lang='lat' dir='ltr'><strong>tristitia</strong></span> <span class='ocrx_word' id='word_1_286' title='bbox 837 3800 1133 3865; x_wconf 91' lang='lat' dir='ltr'><strong>absorberi,</strong></span> <span class='ocrx_word' id='word_1_287' title='bbox 1176 3815 1332 3868; x_wconf 88' lang='lat' dir='ltr'><strong>quam</strong></span> <span class='ocrx_word' id='word_1_288' title='bbox 1375 3798 1568 3853; x_wconf 87' lang='lat' dir='ltr'><strong>ablatis</strong></span> <span class='ocrx_word' id='word_1_289' title='bbox 1614 3797 1769 3851; x_wconf 90' lang='lat' dir='ltr'><strong>bouis</strong></span> <span class='ocrx_word' id='word_1_290' title='bbox 1813 3796 1923 3848; x_wconf 91' lang='lat' dir='ltr'><strong>suis</strong></span> 
     </span>
    </p>
   </div>
   <div class='ocr_carea' id='block_1_39' title="bbox 338 3889 1925 3963">
    <p class='ocr_par' dir='ltr' id='par_1_39' title="bbox 338 3889 1925 3963">
     <span class='ocr_line' id='line_1_39' title="bbox 338 3889 1925 3963; baseline -0.003 -17"><span class='ocrx_word' id='word_1_291' title='bbox 338 3908 594 3963; x_wconf 87' lang='lat' dir='ltr'><strong>passurus</strong></span> <span class='ocrx_word' id='word_1_292' title='bbox 614 3905 749 3947; x_wconf 89' lang='lat' dir='ltr'><strong>erat.</strong></span> <span class='ocrx_word' id='word_1_293' title='bbox 781 3890 863 3946; x_wconf 88' lang='lat' dir='ltr'><strong>Ne</strong></span> <span class='ocrx_word' id='word_1_294' title='bbox 888 3893 973 3958; x_wconf 87' lang='lat' dir='ltr'><strong>sit,</strong></span> <span class='ocrx_word' id='word_1_295' title='bbox 1004 3892 1195 3962; x_wconf 90' lang='lat' dir='ltr'><strong>inquit,</strong></span> <span class='ocrx_word' id='word_1_296' title='bbox 1220 3893 1335 3945; x_wconf 85' lang='lat' dir='ltr'><strong>rixa</strong></span> <span class='ocrx_word' id='word_1_297' title='bbox 1359 3892 1492 3944; x_wconf 87' lang='lat' dir='ltr'><strong>inter</strong></span> <span class='ocrx_word' id='word_1_298' title='bbox 1524 3906 1603 3943; x_wconf 87' lang='lat' dir='ltr'><strong>me</strong></span> <span class='ocrx_word' id='word_1_299' title='bbox 1628 3899 1672 3943; x_wconf 89' lang='lat' dir='ltr'><strong>et</strong></span> <span class='ocrx_word' id='word_1_300' title='bbox 1699 3899 1764 3954; x_wconf 88' lang='lat' dir='ltr'><strong>te,</strong></span> <span class='ocrx_word' id='word_1_301' title='bbox 1797 3889 1925 3942; x_wconf 89' lang='lat' dir='ltr'><strong>inter</strong></span> 
     </span>
    </p>
   </div>
   <div class='ocr_carea' id='block_1_40' title="bbox 339 3982 1920 4054">
    <p class='ocr_par' dir='ltr' id='par_1_40' title="bbox 339 3982 1920 4054">
     <span class='ocr_line' id='line_1_40' title="bbox 339 3982 1920 4054; baseline -0.001 -20"><span class='ocrx_word' id='word_1_302' title='bbox 339 3994 563 4054; x_wconf 75' lang='lat' dir='ltr'><strong>pastores</strong></span> <span class='ocrx_word' id='word_1_303' title='bbox 591 4000 725 4037; x_wconf 87' lang='lat' dir='ltr'><strong>meos</strong></span> <span class='ocrx_word' id='word_1_304' title='bbox 750 3992 794 4036; x_wconf 88' lang='lat' dir='ltr'><strong>et</strong></span> <span class='ocrx_word' id='word_1_305' title='bbox 819 3992 929 4036; x_wconf 88' lang='lat' dir='ltr'><strong>tuos</strong></span> <span class='ocrx_word' id='word_1_306' title='bbox 952 4023 966 4037; x_wconf 95' lang='lat'><strong>.</strong></span> <span class='ocrx_word' id='word_1_307' title='bbox 992 3984 1109 4051; x_wconf 84' lang='lat' dir='ltr'><strong>quia</strong></span> <span class='ocrx_word' id='word_1_308' title='bbox 1136 3982 1359 4037; x_wconf 79' lang='lat' dir='ltr'><strong>homines</strong></span> <span class='ocrx_word' id='word_1_309' title='bbox 1388 3983 1571 4051; x_wconf 77' lang='lat' dir='ltr'><strong>fratres</strong></span> <span class='ocrx_word' id='word_1_310' title='bbox 1595 3997 1685 4034; x_wconf 89' lang='lat' dir='ltr'><strong>nos</strong></span> <span class='ocrx_word' id='word_1_311' title='bbox 1727 3996 1920 4033; x_wconf 83' lang='lat' dir='ltr'><strong>sumus.</strong></span> 
     </span>
    </p>
   </div>
   <div class='ocr_carea' id='block_1_41' title="bbox 345 4073 1926 4131">
    <p class='ocr_par' dir='ltr' id='par_1_41' title="bbox 345 4073 1926 4131">
     <span class='ocr_line' id='line_1_41' title="bbox 345 4073 1926 4131; baseline 0.003 -8"><span class='ocrx_word' id='word_1_312' title='bbox 345 4076 529 4129; x_wconf 76' lang='lat' dir='ltr'><strong>Vidisti</strong></span> <span class='ocrx_word' id='word_1_313' title='bbox 597 4075 1105 4130; x_wconf 72' lang='lat' dir='ltr'><strong>mansuetudinem?</strong></span> <span class='ocrx_word' id='word_1_314' title='bbox 1169 4075 1349 4131; x_wconf 86' lang='lat' dir='ltr'><strong>vidisti</strong></span> <span class='ocrx_word' id='word_1_315' title='bbox 1408 4073 1720 4129; x_wconf 83' lang='lat' dir='ltr'><strong>lenitatem?</strong></span> <span class='ocrx_word' id='word_1_316' title='bbox 1786 4073 1926 4128; x_wconf 86' lang='lat' dir='ltr'><strong>Audi</strong></span> 
     </span>
    </p>
   </div>
   <div class='ocr_carea' id='block_1_42' title="bbox 340 4166 1924 4237">
    <p class='ocr_par' dir='ltr' id='par_1_42' title="bbox 340 4166 1924 4237">
     <span class='ocr_line' id='line_1_42' title="bbox 340 4166 1924 4237; baseline -0.001 -15"><span class='ocrx_word' id='word_1_317' title='bbox 340 4177 394 4222; x_wconf 91' lang='lat' dir='ltr'><strong>et</strong></span> <span class='ocrx_word' id='word_1_318' title='bbox 446 4169 746 4237; x_wconf 80' lang='lat' dir='ltr'><strong>sequentia,</strong></span> <span class='ocrx_word' id='word_1_319' title='bbox 799 4176 857 4221; x_wconf 90' lang='lat' dir='ltr'><strong>ut</strong></span> <span class='ocrx_word' id='word_1_320' title='bbox 906 4166 1084 4222; x_wconf 90' lang='lat' dir='ltr'><strong>discas</strong></span> <span class='ocrx_word' id='word_1_321' title='bbox 1134 4168 1487 4223; x_wconf 82' lang='lat' dir='ltr'><strong>excellentem</strong></span> <span class='ocrx_word' id='word_1_322' title='bbox 1533 4168 1651 4236; x_wconf 90' lang='lat' dir='ltr'><strong>ejus</strong></span> <span class='ocrx_word' id='word_1_323' title='bbox 1686 4167 1924 4237; x_wconf 90' lang='lat' dir='ltr'><strong>philoso-</strong></span> 
     </span>
    </p>
   </div>
   <div class='ocr_carea' id='block_1_43' title="bbox 343 4259 1927 4332">
    <p class='ocr_par' dir='ltr' id='par_1_43' title="bbox 343 4259 1927 4332">
     <span class='ocr_line' id='line_1_43' title="bbox 343 4259 1927 4332; baseline -0.002 -17"><span class='ocrx_word' id='word_1_324' title='bbox 343 4262 543 4332; x_wconf 83' lang='lat' dir='ltr'><strong>phiam.</strong></span> <span class='ocrx_word' id='word_1_325' title='bbox 584 4260 864 4328; x_wconf 87' lang='lat' dir='ltr'><strong>Quomodo</strong></span> <span class='ocrx_word' id='word_1_326' title='bbox 907 4262 1067 4330; x_wconf 89' lang='lat' dir='ltr'><strong>igitur</strong></span> <span class='ocrx_word' id='word_1_327' title='bbox 1108 4260 1221 4315; x_wconf 90' lang='lat' dir='ltr'><strong>rixa</strong></span> <span class='ocrx_word' id='word_1_328' title='bbox 1260 4259 1547 4325; x_wconf 88' lang='lat' dir='ltr'><strong>dirimitur,</strong></span> <span class='ocrx_word' id='word_1_329' title='bbox 1577 4269 1629 4314; x_wconf 92' lang='lat' dir='ltr'><strong>ct</strong></span> <span class='ocrx_word' id='word_1_330' title='bbox 1655 4260 1927 4315; x_wconf 88' lang='lat' dir='ltr'><strong>contentio</strong></span> 
     </span>
    </p>
   </div>
   <div class='ocr_carea' id='block_1_44' title="bbox 343 4351 1928 4426">
    <p class='ocr_par' dir='ltr' id='par_1_44' title="bbox 343 4351 1928 4426">
     <span class='ocr_line' id='line_1_44' title="bbox 343 4351 1928 4426; baseline -0.002 -17"><span class='ocrx_word' id='word_1_331' title='bbox 343 4356 732 4426; x_wconf 86' lang='lat' dir='ltr'><strong>restinguitur?</strong></span> <span class='ocrx_word' id='word_1_332' title='bbox 786 4354 840 4410; x_wconf 91' lang='lat'><strong>9.</strong></span> <span class='ocrx_word' id='word_1_333' title='bbox 891 4353 1025 4407; x_wconf 85' lang='lat' dir='ltr'><strong>Ecce</strong></span> <span class='ocrx_word' id='word_1_334' title='bbox 1068 4354 1231 4407; x_wconf 86' lang='lat' dir='ltr'><strong>omnis</strong></span> <span class='ocrx_word' id='word_1_335' title='bbox 1269 4363 1421 4417; x_wconf 85' lang='lat' dir='ltr'><strong>terra,</strong></span> <span class='ocrx_word' id='word_1_336' title='bbox 1452 4351 1643 4421; x_wconf 90' lang='lat' dir='ltr'><strong>inquit,</strong></span> <span class='ocrx_word' id='word_1_337' title='bbox 1682 4369 1852 4405; x_wconf 89' lang='lat' dir='ltr'><strong>coram</strong></span> <span class='ocrx_word' id='word_1_338' title='bbox 1882 4362 1928 4406; x_wconf 89' lang='lat' dir='ltr'><strong>te</strong></span> 
     </span>
    </p>
   </div>
   <div class='ocr_carea' id='block_1_45' title="bbox 342 4444 1928 4514">
    <p class='ocr_par' dir='ltr' id='par_1_45' title="bbox 342 4444 1928 4514">
     <span class='ocr_line' id='line_1_45' title="bbox 342 4444 1928 4514; baseline -0.003 -13"><span class='ocrx_word' id='word_1_339' title='bbox 342 4459 433 4501; x_wconf 81' lang='lat' dir='ltr'><strong>est.</strong></span> <span class='ocrx_word' id='word_1_340' title='bbox 457 4446 668 4501; x_wconf 84' lang='lat' dir='ltr'><strong>Discede</strong></span> <span class='ocrx_word' id='word_1_341' title='bbox 688 4463 718 4499; x_wconf 91' lang='lat' dir='ltr'><strong>a</strong></span> <span class='ocrx_word' id='word_1_342' title='bbox 740 4463 820 4500; x_wconf 85' lang='lat' dir='ltr'><strong>me</strong></span> <span class='ocrx_word' id='word_1_343' title='bbox 839 4464 860 4501; x_wconf 87' lang='lat'><strong>:</strong></span> <span class='ocrx_word' id='word_1_344' title='bbox 884 4446 927 4500; x_wconf 88' lang='lat' dir='ltr'><strong>si</strong></span> <span class='ocrx_word' id='word_1_345' title='bbox 954 4454 1007 4498; x_wconf 84' lang='lat' dir='ltr'><strong>tu</strong></span> <span class='ocrx_word' id='word_1_346' title='bbox 1036 4445 1103 4497; x_wconf 88' lang='lat' dir='ltr'><strong>ad</strong></span> <span class='ocrx_word' id='word_1_347' title='bbox 1127 4444 1403 4507; x_wconf 81' lang='lat' dir='ltr'><strong>sinistram,</strong></span> <span class='ocrx_word' id='word_1_348' title='bbox 1432 4459 1522 4514; x_wconf 86' lang='lat' dir='ltr'><strong>ego</strong></span> <span class='ocrx_word' id='word_1_349' title='bbox 1541 4445 1608 4496; x_wconf 87' lang='lat' dir='ltr'><strong>ad</strong></span> <span class='ocrx_word' id='word_1_350' title='bbox 1633 4445 1928 4508; x_wconf 84' lang='lat' dir='ltr'><strong>dexteram;</strong></span> 
     </span>
    </p>
   </div>
   <div class='ocr_carea' id='block_1_46' title="bbox 341 4537 1927 4609">
    <p class='ocr_par' dir='ltr' id='par_1_46' title="bbox 341 4537 1927 4609">
     <span class='ocr_line' id='line_1_46' title="bbox 341 4537 1927 4609; baseline -0.003 -15"><span class='ocrx_word' id='word_1_351' title='bbox 341 4542 385 4595; x_wconf 87' lang='lat' dir='ltr'><strong>si</strong></span> <span class='ocrx_word' id='word_1_352' title='bbox 427 4550 480 4593; x_wconf 84' lang='lat' dir='ltr'><strong>tu</strong></span> <span class='ocrx_word' id='word_1_353' title='bbox 523 4539 590 4593; x_wconf 83' lang='lat' dir='ltr'><strong>ad</strong></span> <span class='ocrx_word' id='word_1_354' title='bbox 618 4540 897 4603; x_wconf 83' lang='lat' dir='ltr'><strong>dexteram,</strong></span> <span class='ocrx_word' id='word_1_355' title='bbox 943 4554 1033 4609; x_wconf 89' lang='lat' dir='ltr'><strong>ego</strong></span> <span class='ocrx_word' id='word_1_356' title='bbox 1064 4538 1131 4590; x_wconf 88' lang='lat' dir='ltr'><strong>ad</strong></span> <span class='ocrx_word' id='word_1_357' title='bbox 1176 4538 1455 4591; x_wconf 84' lang='lat' dir='ltr'><strong>sinistram.</strong></span> <span class='ocrx_word' id='word_1_358' title='bbox 1497 4537 1696 4592; x_wconf 86' lang='lat' dir='ltr'><strong>Tecum</strong></span> <span class='ocrx_word' id='word_1_359' title='bbox 1741 4546 1927 4606; x_wconf 89' lang='lat' dir='ltr'><strong>reputa</strong></span> 
     </span>
    </p>
   </div>
   <div class='ocr_carea' id='block_1_47' title="bbox 343 4628 1926 4702">
    <p class='ocr_par' dir='ltr' id='par_1_47' title="bbox 343 4628 1926 4702">
     <span class='ocr_line' id='line_1_47' title="bbox 343 4628 1926 4702; baseline 0.001 -19"><span class='ocrx_word' id='word_1_360' title='bbox 343 4631 758 4702; x_wconf 74' lang='lat' dir='ltr'><strong>pllilOSOpltiam,</strong></span> <span class='ocrx_word' id='word_1_361' title='bbox 782 4640 836 4687; x_wconf 91' lang='lat' dir='ltr'><strong>et</strong></span> <span class='ocrx_word' id='word_1_362' title='bbox 857 4631 1119 4700; x_wconf 87' lang='lat' dir='ltr'><strong>insignem</strong></span> <span class='ocrx_word' id='word_1_363' title='bbox 1143 4630 1456 4684; x_wconf 87' lang='lat' dir='ltr'><strong>modestiam</strong></span> <span class='ocrx_word' id='word_1_364' title='bbox 1480 4628 1800 4700; x_wconf 89' lang='lat' dir='ltr'><strong>hujusjusti.</strong></span> <span class='ocrx_word' id='word_1_365' title='bbox 1823 4630 1926 4684; x_wconf 89' lang='lat' dir='ltr'><strong>Sed</strong></span> 
     </span>
    </p>
   </div>
   <div class='ocr_carea' id='block_1_48' title="bbox 343 4720 1931 4791">
    <p class='ocr_par' dir='ltr' id='par_1_48' title="bbox 343 4720 1931 4791">
     <span class='ocr_line' id='line_1_48' title="bbox 343 4720 1931 4791; baseline 0.001 -17"><span class='ocrx_word' id='word_1_366' title='bbox 343 4730 465 4775; x_wconf 88' lang='lat' dir='ltr'><strong>ante</strong></span> <span class='ocrx_word' id='word_1_367' title='bbox 491 4720 639 4779; x_wconf 69' lang='lat' dir='ltr'><strong>hinc.</strong></span> <span class='ocrx_word' id='word_1_368' title='bbox 673 4723 897 4776; x_wconf 89' lang='lat' dir='ltr'><strong>obsecro</strong></span> <span class='ocrx_word' id='word_1_369' title='bbox 922 4762 937 4782; x_wconf 90' lang='lat'><strong>,</strong></span> <span class='ocrx_word' id='word_1_370' title='bbox 979 4722 1150 4791; x_wconf 88' lang='lat' dir='ltr'><strong>cogita</strong></span> <span class='ocrx_word' id='word_1_371' title='bbox 1202 4730 1454 4790; x_wconf 90' lang='lat' dir='ltr'><strong>quantum</strong></span> <span class='ocrx_word' id='word_1_372' title='bbox 1492 4737 1559 4775; x_wconf 88' lang='lat' dir='ltr'><strong>ex</strong></span> <span class='ocrx_word' id='word_1_373' title='bbox 1595 4720 1794 4775; x_wconf 88' lang='lat' dir='ltr'><strong>divitiis</strong></span> <span class='ocrx_word' id='word_1_374' title='bbox 1839 4721 1931 4776; x_wconf 89' lang='lat' dir='ltr'><strong>da-</strong></span> 
     </span>
    </p>
   </div>
   <div class='ocr_carea' id='block_1_49' title="bbox 345 4812 1929 4882">
    <p class='ocr_par' dir='ltr' id='par_1_49' title="bbox 345 4812 1929 4882">
     <span class='ocr_line' id='line_1_49' title="bbox 345 4812 1929 4882; baseline 0.001 -17"><span class='ocrx_word' id='word_1_375' title='bbox 345 4827 554 4877; x_wconf 90' lang='lat' dir='ltr'><strong>mnum,</strong></span> <span class='ocrx_word' id='word_1_376' title='bbox 582 4822 634 4866; x_wconf 91' lang='lat' dir='ltr'><strong>et</strong></span> <span class='ocrx_word' id='word_1_377' title='bbox 662 4820 858 4880; x_wconf 84' lang='lat' dir='ltr'><strong>quanta</strong></span> <span class='ocrx_word' id='word_1_378' title='bbox 893 4828 958 4866; x_wconf 85' lang='lat' dir='ltr'><strong>ex</strong></span> <span class='ocrx_word' id='word_1_379' title='bbox 987 4813 1166 4866; x_wconf 91' lang='lat' dir='ltr'><strong>multis</strong></span> <span class='ocrx_word' id='word_1_380' title='bbox 1209 4812 1400 4882; x_wconf 82' lang='lat' dir='ltr'><strong>apibus</strong></span> <span class='ocrx_word' id='word_1_381' title='bbox 1427 4813 1718 4867; x_wconf 90' lang='lat' dir='ltr'><strong>contentio.</strong></span> <span class='ocrx_word' id='word_1_382' title='bbox 1761 4815 1929 4868; x_wconf 90' lang='lat' dir='ltr'><strong>Aucta</strong></span> 
     </span>
    </p>
   </div>
   <div class='ocr_carea' id='block_1_50' title="bbox 345 4903 1931 4973">
    <p class='ocr_par' dir='ltr' id='par_1_50' title="bbox 345 4903 1931 4973">
     <span class='ocr_line' id='line_1_50' title="bbox 345 4903 1931 4973; baseline 0 -16"><span class='ocrx_word' id='word_1_383' title='bbox 345 4912 470 4957; x_wconf 90' lang='lat' dir='ltr'><strong>sunt</strong></span> <span class='ocrx_word' id='word_1_384' title='bbox 507 4913 771 4967; x_wconf 87' lang='lat' dir='ltr'><strong>armenta,</strong></span> <span class='ocrx_word' id='word_1_385' title='bbox 820 4903 1151 4972; x_wconf 89' lang='lat' dir='ltr'><strong>multiplicati</strong></span> <span class='ocrx_word' id='word_1_386' title='bbox 1186 4919 1396 4973; x_wconf 85' lang='lat' dir='ltr'><strong>greges,</strong></span> <span class='ocrx_word' id='word_1_387' title='bbox 1436 4904 1757 4959; x_wconf 82' lang='lat' dir='ltr'><strong>affluxerunt</strong></span> <span class='ocrx_word' id='word_1_388' title='bbox 1792 4904 1931 4959; x_wconf 89' lang='lat' dir='ltr'><strong>divi-</strong></span> 
     </span>
    </p>
   </div>
   <div class='ocr_carea' id='block_1_51' title="bbox 347 4994 1929 5060">
    <p class='ocr_par' dir='ltr' id='par_1_51' title="bbox 347 4994 1929 5060">
     <span class='ocr_line' id='line_1_51' title="bbox 347 4994 1929 5060; baseline 0.003 -13"><span class='ocrx_word' id='word_1_389' title='bbox 347 4994 433 5048; x_wconf 77' lang='lat' dir='ltr'><strong>tia:</strong></span> <span class='ocrx_word' id='word_1_390' title='bbox 478 4994 685 5060; x_wconf 73' lang='lat' dir='ltr'><strong>multae,</strong></span> <span class='ocrx_word' id='word_1_391' title='bbox 722 5005 779 5050; x_wconf 89' lang='lat' dir='ltr'><strong>et</strong></span> <span class='ocrx_word' id='word_1_392' title='bbox 818 4995 998 5049; x_wconf 89' lang='lat' dir='ltr'><strong>statim</strong></span> <span class='ocrx_word' id='word_1_393' title='bbox 1038 4995 1355 5051; x_wconf 91' lang='lat' dir='ltr'><strong>discinditur</strong></span> <span class='ocrx_word' id='word_1_394' title='bbox 1396 4997 1679 5052; x_wconf 90' lang='lat' dir='ltr'><strong>concordia</strong></span> <span class='ocrx_word' id='word_1_395' title='bbox 1705 5014 1718 5049; x_wconf 91' lang='lat'><strong>:</strong></span> <span class='ocrx_word' id='word_1_396' title='bbox 1746 5006 1800 5052; x_wconf 91' lang='lat' dir='ltr'><strong>et</strong></span> <span class='ocrx_word' id='word_1_397' title='bbox 1842 4996 1929 5052; x_wconf 89' lang='lat' dir='ltr'><strong>ubi</strong></span> 
     </span>
    </p>
   </div>
   <div class='ocr_carea' id='block_1_52' title="bbox 343 5088 1930 5157">
    <p class='ocr_par' dir='ltr' id='par_1_52' title="bbox 343 5088 1930 5157">
     <span class='ocr_line' id='line_1_52' title="bbox 343 5088 1930 5157; baseline 0.003 -16"><span class='ocrx_word' id='word_1_398' title='bbox 343 5096 459 5141; x_wconf 82' lang='lat' dir='ltr'><strong>erat</strong></span> <span class='ocrx_word' id='word_1_399' title='bbox 488 5102 588 5157; x_wconf 86' lang='lat' dir='ltr'><strong>pax</strong></span> <span class='ocrx_word' id='word_1_400' title='bbox 616 5096 671 5141; x_wconf 88' lang='lat' dir='ltr'><strong>et</strong></span> <span class='ocrx_word' id='word_1_401' title='bbox 693 5088 933 5142; x_wconf 87' lang='lat' dir='ltr'><strong>caritatis</strong></span> <span class='ocrx_word' id='word_1_402' title='bbox 960 5088 1254 5154; x_wconf 83' lang='lat' dir='ltr'><strong>vinculum,</strong></span> <span class='ocrx_word' id='word_1_403' title='bbox 1288 5104 1428 5143; x_wconf 92' lang='lat' dir='ltr'><strong>nunc</strong></span> <span class='ocrx_word' id='word_1_404' title='bbox 1454 5092 1593 5156; x_wconf 81' lang='lat' dir='ltr'><strong>rixa,</strong></span> <span class='ocrx_word' id='word_1_405' title='bbox 1619 5100 1674 5145; x_wconf 91' lang='lat' dir='ltr'><strong>et</strong></span> <span class='ocrx_word' id='word_1_406' title='bbox 1702 5100 1930 5145; x_wconf 89' lang='lat' dir='ltr'><strong>conten-</strong></span> 
     </span>
    </p>
   </div>
   <div class='ocr_carea' id='block_1_53' title="bbox 348 5176 1930 5252">
    <p class='ocr_par' dir='ltr' id='par_1_53' title="bbox 348 5176 1930 5252">
     <span class='ocr_line' id='line_1_53' title="bbox 348 5176 1930 5252; baseline 0.004 -22"><span class='ocrx_word' id='word_1_407' title='bbox 348 5177 441 5230; x_wconf 92' lang='lat' dir='ltr'><strong>tio.</strong></span> <span class='ocrx_word' id='word_1_408' title='bbox 479 5176 574 5232; x_wconf 89' lang='lat' dir='ltr'><strong>Ubi</strong></span> <span class='ocrx_word' id='word_1_409' title='bbox 600 5178 744 5232; x_wconf 91' lang='lat' dir='ltr'><strong>enim</strong></span> <span class='ocrx_word' id='word_1_410' title='bbox 772 5194 948 5232; x_wconf 88' lang='lat' dir='ltr'><strong>meum</strong></span> <span class='ocrx_word' id='word_1_411' title='bbox 976 5188 1215 5244; x_wconf 91' lang='lat' dir='ltr'><strong>ettuum,</strong></span> <span class='ocrx_word' id='word_1_412' title='bbox 1244 5181 1350 5234; x_wconf 86' lang='lat' dir='ltr'><strong>illic</strong></span> <span class='ocrx_word' id='word_1_413' title='bbox 1379 5196 1538 5236; x_wconf 90' lang='lat' dir='ltr'><strong>omne</strong></span> <span class='ocrx_word' id='word_1_414' title='bbox 1566 5181 1735 5236; x_wconf 91' lang='lat' dir='ltr'><strong>litium</strong></span> <span class='ocrx_word' id='word_1_415' title='bbox 1762 5198 1930 5252; x_wconf 91' lang='lat' dir='ltr'><strong>genus</strong></span> 
     </span>
    </p>
   </div>
   <div class='ocr_carea' id='block_1_54' title="bbox 345 5272 1929 5341">
    <p class='ocr_par' dir='ltr' id='par_1_54' title="bbox 345 5272 1929 5341">
     <span class='ocr_line' id='line_1_54' title="bbox 345 5272 1929 5341; baseline 0.004 -18"><span class='ocrx_word' id='word_1_416' title='bbox 345 5280 400 5323; x_wconf 88' lang='lat' dir='ltr'><strong>et</strong></span> <span class='ocrx_word' id='word_1_417' title='bbox 420 5272 777 5325; x_wconf 86' lang='lat' dir='ltr'><strong>contentionis</strong></span> <span class='ocrx_word' id='word_1_418' title='bbox 802 5272 1043 5327; x_wconf 83' lang='lat' dir='ltr'><strong>occasio:</strong></span> <span class='ocrx_word' id='word_1_419' title='bbox 1076 5273 1162 5326; x_wconf 91' lang='lat' dir='ltr'><strong>ubi</strong></span> <span class='ocrx_word' id='word_1_420' title='bbox 1190 5282 1365 5327; x_wconf 89' lang='lat' dir='ltr'><strong>autem</strong></span> <span class='ocrx_word' id='word_1_421' title='bbox 1407 5273 1522 5329; x_wconf 76' lang='lat' dir='ltr'><strong>lucc</strong></span> <span class='ocrx_word' id='word_1_422' title='bbox 1548 5291 1653 5328; x_wconf 86' lang='lat' dir='ltr'><strong>non</strong></span> <span class='ocrx_word' id='word_1_423' title='bbox 1681 5284 1824 5341; x_wconf 89' lang='lat' dir='ltr'><strong>sunt,</strong></span> <span class='ocrx_word' id='word_1_424' title='bbox 1858 5275 1929 5330; x_wconf 90' lang='lat' dir='ltr'><strong>ibi</strong></span> 
     </span>
    </p>
   </div>
   <div class='ocr_carea' id='block_1_55' title="bbox 347 5366 1927 5433">
    <p class='ocr_par' dir='ltr' id='par_1_55' title="bbox 347 5366 1927 5433">
     <span class='ocr_line' id='line_1_55' title="bbox 347 5366 1927 5433; baseline 0.006 -19"><span class='ocrx_word' id='word_1_425' title='bbox 347 5376 537 5417; x_wconf 89' lang='lat' dir='ltr'><strong>secura</strong></span> <span class='ocrx_word' id='word_1_426' title='bbox 568 5372 813 5417; x_wconf 87' lang='lat' dir='ltr'><strong>versatur</strong></span> <span class='ocrx_word' id='word_1_427' title='bbox 837 5379 939 5433; x_wconf 78' lang='lat' dir='ltr'><strong>pax</strong></span> <span class='ocrx_word' id='word_1_428' title='bbox 977 5376 1033 5419; x_wconf 85' lang='lat' dir='ltr'><strong>et</strong></span> <span class='ocrx_word' id='word_1_429' title='bbox 1072 5366 1379 5420; x_wconf 86' lang='lat' dir='ltr'><strong>concordia.</strong></span> <span class='ocrx_word' id='word_1_430' title='bbox 1411 5366 1474 5420; x_wconf 89' lang='lat' dir='ltr'><strong>Et</strong></span> <span class='ocrx_word' id='word_1_431' title='bbox 1505 5367 1619 5421; x_wconf 77' lang='lat' dir='ltr'><strong>lucc</strong></span> <span class='ocrx_word' id='word_1_432' title='bbox 1648 5377 1707 5420; x_wconf 90' lang='lat' dir='ltr'><strong>ut</strong></span> <span class='ocrx_word' id='word_1_433' title='bbox 1734 5367 1927 5430; x_wconf 88' lang='lat' dir='ltr'><strong>discas.</strong></span> 
     </span>
    </p>
   </div>
   <div class='ocr_carea' id='block_1_56' title="bbox 346 5453 1953 5526">
    <p class='ocr_par' dir='ltr' id='par_1_56' title="bbox 346 5453 1953 5526">
     <span class='ocr_line' id='line_1_56' title="bbox 346 5453 1953 5526; baseline 0.006 -23"><span class='ocrx_word' id='word_1_434' title='bbox 346 5453 471 5505; x_wconf 89' lang='lat' dir='ltr'><strong>audi</strong></span> <span class='ocrx_word' id='word_1_435' title='bbox 515 5453 640 5522; x_wconf 85' lang='lat' dir='ltr'><strong>quid</strong></span> <span class='ocrx_word' id='word_1_436' title='bbox 683 5454 826 5509; x_wconf 89' lang='lat' dir='ltr'><strong>dieat</strong></span> <span class='ocrx_word' id='word_1_437' title='bbox 868 5454 1053 5509; x_wconf 87' lang='lat' dir='ltr'><strong>beatus</strong></span> <span class='ocrx_word' id='word_1_438' title='bbox 1085 5455 1257 5510; x_wconf 86' lang='lat' dir='ltr'><strong>Lucas</strong></span> <span class='ocrx_word' id='word_1_439' title='bbox 1291 5457 1358 5511; x_wconf 93' lang='lat' dir='ltr'><strong>de</strong></span> <span class='ocrx_word' id='word_1_440' title='bbox 1380 5457 1443 5511; x_wconf 92' lang='lat' dir='ltr'><strong>iis</strong></span> <span class='ocrx_word' id='word_1_441' title='bbox 1472 5458 1561 5526; x_wconf 92' lang='lat' dir='ltr'><strong>qui</strong></span> <span class='ocrx_word' id='word_1_442' title='bbox 1590 5458 1656 5511; x_wconf 85' lang='lat' dir='ltr'><strong>al)</strong></span> <span class='ocrx_word' id='word_1_443' title='bbox 1684 5459 1837 5513; x_wconf 89' lang='lat' dir='ltr'><strong>initio</strong></span> <span class='ocrx_word' id='word_1_444' title='bbox 1862 5453 1953 5513; x_wconf 55' lang='lat' dir='ltr'><strong>ad‘</strong></span> 
     </span>
    </p>
   </div>
   <div class='ocr_carea' id='block_1_57' title="bbox 348 5542 1931 5613">
    <p class='ocr_par' dir='ltr' id='par_1_57' title="bbox 348 5542 1931 5613">
     <span class='ocr_line' id='line_1_57' title="bbox 348 5542 1931 5613; baseline 0.003 -17"><span class='ocrx_word' id='word_1_445' title='bbox 348 5542 509 5596; x_wconf 72' lang='lat' dir='ltr'><strong>[idem</strong></span> <span class='ocrx_word' id='word_1_446' title='bbox 548 5544 790 5598; x_wconf 86' lang='lat' dir='ltr'><strong>conversi</strong></span> <span class='ocrx_word' id='word_1_447' title='bbox 822 5554 967 5597; x_wconf 88' lang='lat' dir='ltr'><strong>sunt.</strong></span> <span class='ocrx_word' id='word_1_448' title='bbox 1006 5543 1157 5610; x_wconf 86' lang='lat' dir='ltr'><strong>Erat,</strong></span> <span class='ocrx_word' id='word_1_449' title='bbox 1188 5545 1376 5613; x_wconf 85' lang='lat' dir='ltr'><strong>inquit,</strong></span> <span class='ocrx_word' id='word_1_450' title='bbox 1410 5548 1633 5599; x_wconf 90' lang='lat' dir='ltr'><strong>omnium</strong></span> <span class='ocrx_word' id='word_1_451' title='bbox 1660 5564 1748 5601; x_wconf 89' lang='lat' dir='ltr'><strong>cor</strong></span> <span class='ocrx_word' id='word_1_452' title='bbox 1773 5565 1931 5602; x_wconf 85' lang='lat' dir='ltr'><strong>unum</strong></span> 
     </span>
    </p>
   </div>
   <div class='ocr_carea' id='block_1_58' title="bbox 344 5622 1930 5707">
    <p class='ocr_par' dir='ltr' id='par_1_58' title="bbox 344 5622 1930 5707">
     <span class='ocr_line' id='line_1_58' title="bbox 344 5622 1930 5707; baseline 0.005 -22"><span class='ocrx_word' id='word_1_453' title='bbox 344 5642 393 5685; x_wconf 83' lang='lat' dir='ltr'><strong>et</strong></span> <span class='ocrx_word' id='word_1_454' title='bbox 417 5634 587 5685; x_wconf 82' lang='lat' dir='ltr'><strong>animo</strong></span> <span class='ocrx_word' id='word_1_455' title='bbox 612 5649 716 5687; x_wconf 82' lang='lat' dir='ltr'><strong>una</strong></span> <span class='ocrx_word' id='word_1_456' title='bbox 741 5635 759 5702; x_wconf 97' lang='lat'><strong>(</strong></span> <span class='ocrx_word' id='word_1_457' title='bbox 782 5633 896 5687; x_wconf 79' lang='lat' dir='ltr'><strong>Act.</strong></span> <span class='ocrx_word' id='word_1_458' title='bbox 931 5634 986 5689; x_wconf 83' lang='grc'><strong>4.</strong></span> <span class='ocrx_word' id='word_1_459' title='bbox 1016 5634 1086 5690; x_wconf 71' lang='lat'><strong>32</strong></span> <span class='ocrx_word' id='word_1_460' title='bbox 1110 5637 1166 5706; x_wconf 80' lang='lat' dir='ltr'><strong>)z</strong></span> <span class='ocrx_word' id='word_1_461' title='bbox 1199 5622 1305 5689; x_wconf 88' lang='lat' dir='ltr'><strong>non</strong></span> <span class='ocrx_word' id='word_1_462' title='bbox 1330 5637 1470 5707; x_wconf 90' lang='lat' dir='ltr'><strong>quod</strong></span> <span class='ocrx_word' id='word_1_463' title='bbox 1498 5651 1655 5691; x_wconf 90' lang='lat' dir='ltr'><strong>unam</strong></span> <span class='ocrx_word' id='word_1_464' title='bbox 1697 5638 1930 5693; x_wconf 89' lang='lat' dir='ltr'><strong>animam</strong></span> 
     </span>
    </p>
   </div>
   <div class='ocr_carea' id='block_1_59' title="bbox 349 5722 1930 5797">
    <p class='ocr_par' dir='ltr' id='par_1_59' title="bbox 349 5722 1930 5797">
     <span class='ocr_line' id='line_1_59' title="bbox 349 5722 1930 5797; baseline 0.008 -25"><span class='ocrx_word' id='word_1_465' title='bbox 349 5722 628 5777; x_wconf 83' lang='lat' dir='ltr'><strong>habuerint</strong></span> <span class='ocrx_word' id='word_1_466' title='bbox 656 5738 865 5791; x_wconf 89' lang='lat' dir='ltr'><strong>omnes,</strong></span> <span class='ocrx_word' id='word_1_467' title='bbox 885 5726 1177 5797; x_wconf 89' lang='lat' dir='ltr'><strong>(quomodo</strong></span> <span class='ocrx_word' id='word_1_468' title='bbox 1202 5724 1345 5782; x_wconf 85' lang='lat' dir='ltr'><strong>enim</strong></span> <span class='ocrx_word' id='word_1_469' title='bbox 1371 5727 1494 5794; x_wconf 89' lang='lat' dir='ltr'><strong>hoc,</strong></span> <span class='ocrx_word' id='word_1_470' title='bbox 1520 5724 1643 5784; x_wconf 47' lang='lat' dir='ltr'><strong>cum&#39;</strong></span> <span class='ocrx_word' id='word_1_471' title='bbox 1672 5730 1724 5784; x_wconf 93' lang='lat' dir='ltr'><strong>in</strong></span> <span class='ocrx_word' id='word_1_472' title='bbox 1751 5731 1930 5786; x_wconf 84' lang='lat' dir='ltr'><strong>diver-</strong></span> 
     </span>
    </p>
   </div>
   <div class='ocr_carea' id='block_1_60' title="bbox 348 5815 1923 5903">
    <p class='ocr_par' dir='ltr' id='par_1_60' title="bbox 348 5815 1923 5903">
     <span class='ocr_line' id='line_1_60' title="bbox 348 5815 1923 5903; baseline 0.01 -35"><span class='ocrx_word' id='word_1_473' title='bbox 348 5815 423 5873; x_wconf 77' lang='lat' dir='ltr'><strong>sis</strong></span> <span class='ocrx_word' id='word_1_474' title='bbox 446 5816 758 5888; x_wconf 86' lang='lat' dir='ltr'><strong>corporibus</strong></span> <span class='ocrx_word' id='word_1_475' title='bbox 790 5817 1069 5903; x_wconf 80' lang='lat' dir='ltr'><strong>fuerint?)</strong></span> <span class='ocrx_word' id='word_1_476' title='bbox 1111 5820 1203 5876; x_wconf 87' lang='lat' dir='ltr'><strong>sed</strong></span> <span class='ocrx_word' id='word_1_477' title='bbox 1232 5821 1575 5882; x_wconf 84' lang='lat' dir='ltr'><strong>concordiam</strong></span> <span class='ocrx_word' id='word_1_478' title='bbox 1601 5822 1812 5879; x_wconf 76' lang='lat' dir='ltr'><strong>illorum</strong></span> <span class='ocrx_word' id='word_1_479' title='bbox 1837 5840 1923 5883; x_wconf 75' lang='lat' dir='ltr'><strong>al:-</strong></span> 
     </span>
    </p>
   </div>
   <div class='ocr_carea' id='block_1_61' title="bbox 1340 377 2616 446">
    <p class='ocr_par' dir='ltr' id='par_1_61' title="bbox 1340 377 2616 446">
     <span class='ocr_line' id='line_1_61' title="bbox 1340 377 2616 446; baseline 0.004 -7"><span class='ocrx_word' id='word_1_480' title='bbox 1340 382 1403 439; x_wconf 86' lang='lat' dir='ltr'><strong>IN</strong></span> <span class='ocrx_word' id='word_1_481' title='bbox 1439 382 1592 439; x_wconf 76' lang='lat' dir='ltr'><strong>CAP.</strong></span> <span class='ocrx_word' id='word_1_482' title='bbox 1631 379 1771 437; x_wconf 82' lang='lat' dir='ltr'>XIII.</span> <span class='ocrx_word' id='word_1_483' title='bbox 1811 377 2057 437; x_wconf 81' lang='lat' dir='ltr'><strong>GENES.</strong></span> <span class='ocrx_word' id='word_1_484' title='bbox 2097 380 2331 441; x_wconf 73' lang='lat' dir='ltr'><strong>HOMIL.</strong></span> <span class='ocrx_word' id='word_1_485' title='bbox 2374 386 2616 446; x_wconf 77' lang='lat' dir='ltr'><strong>XXXIII.</strong></span> 
     </span>
    </p>
   </div>
   <div class='ocr_carea' id='block_1_62' title="bbox 3491 395 3591 451">
    <p class='ocr_par' dir='ltr' id='par_1_62' title="bbox 3491 395 3591 451">
     <span class='ocr_line' id='line_1_62' title="bbox 3491 395 3591 451; baseline 0 -1"><span class='ocrx_word' id='word_1_486' title='bbox 3491 395 3591 451; x_wconf 62' lang='lat' dir='ltr'><strong>3N:</strong></span> 
     </span>
    </p>
   </div>
   <div class='ocr_carea' id='block_1_63' title="bbox 2010 496 3590 580">
    <p class='ocr_par' dir='ltr' id='par_1_63' title="bbox 2010 496 3590 580">
     <span class='ocr_line' id='line_1_63' title="bbox 2010 496 3590 580; baseline 0.01 -31"><span class='ocrx_word' id='word_1_487' title='bbox 2010 496 2302 553; x_wconf 84' lang='lat' dir='ltr'><strong>ctissimam</strong></span> <span class='ocrx_word' id='word_1_488' title='bbox 2349 501 2502 557; x_wconf 90' lang='lat' dir='ltr'><strong>nobis</strong></span> <span class='ocrx_word' id='word_1_489' title='bbox 2542 503 2892 559; x_wconf 87' lang='lat' dir='ltr'><strong>demonstrat.</strong></span> <span class='ocrx_word' id='word_1_490' title='bbox 2938 503 3057 561; x_wconf 83' lang='lat' dir='ltr'><strong>Jam</strong></span> <span class='ocrx_word' id='word_1_491' title='bbox 3098 508 3199 564; x_wconf 82' lang='lat' dir='ltr'><strong>nisi</strong></span> <span class='ocrx_word' id='word_1_492' title='bbox 3240 509 3479 579; x_wconf 72' lang='lat' dir='ltr'><strong>plurimm</strong></span> <span class='ocrx_word' id='word_1_493' title='bbox 3512 527 3590 580; x_wconf 81' lang='lat' dir='ltr'><strong>pa-</strong></span> 
     </span>
    </p>
   </div>
   <div class='ocr_carea' id='block_1_64' title="bbox 2010 589 3595 671">
    <p class='ocr_par' dir='ltr' id='par_1_64' title="bbox 2010 589 3595 671">
     <span class='ocr_line' id='line_1_64' title="bbox 2010 589 3595 671; baseline 0.009 -28"><span class='ocrx_word' id='word_1_494' title='bbox 2010 589 2211 645; x_wconf 78' lang='lat' dir='ltr'><strong>tientia:</strong></span> <span class='ocrx_word' id='word_1_495' title='bbox 2242 591 2432 648; x_wconf 76' lang='lat' dir='ltr'><strong>fuisset</strong></span> <span class='ocrx_word' id='word_1_496' title='bbox 2455 595 2627 664; x_wconf 89' lang='lat' dir='ltr'><strong>justus</strong></span> <span class='ocrx_word' id='word_1_497' title='bbox 2658 595 2765 660; x_wconf 88' lang='lat' dir='ltr'><strong>ille,</strong></span> <span class='ocrx_word' id='word_1_498' title='bbox 2792 609 2848 653; x_wconf 92' lang='lat' dir='ltr'><strong>et</strong></span> <span class='ocrx_word' id='word_1_499' title='bbox 2873 599 3133 669; x_wconf 88' lang='lat' dir='ltr'><strong>insignem</strong></span> <span class='ocrx_word' id='word_1_500' title='bbox 3162 616 3272 671; x_wconf 61' lang='lat' dir='ltr'><strong>prie</strong></span> <span class='ocrx_word' id='word_1_501' title='bbox 3298 617 3359 657; x_wconf 82' lang='lat' dir='ltr'><strong>se</strong></span> <span class='ocrx_word' id='word_1_502' title='bbox 3386 602 3595 657; x_wconf 87' lang='lat' dir='ltr'><strong>tulisset</strong></span> 
     </span>
    </p>
   </div>
   <div class='ocr_carea' id='block_1_65' title="bbox 2009 680 3600 757">
    <p class='ocr_par' dir='ltr' id='par_1_65' title="bbox 2009 680 3600 757">
     <span class='ocr_line' id='line_1_65' title="bbox 2009 680 3600 757; baseline 0.009 -22"><span class='ocrx_word' id='word_1_503' title='bbox 2009 680 2418 751; x_wconf 87' lang='lat' dir='ltr'><strong>philosophiam,</strong></span> <span class='ocrx_word' id='word_1_504' title='bbox 2456 689 2849 745; x_wconf 89' lang='lat' dir='ltr'><strong>suecensuisset</strong></span> <span class='ocrx_word' id='word_1_505' title='bbox 2880 690 3119 757; x_wconf 82' lang='lat' dir='ltr'><strong>forsitan,</strong></span> <span class='ocrx_word' id='word_1_506' title='bbox 3149 702 3203 749; x_wconf 91' lang='lat' dir='ltr'><strong>et</strong></span> <span class='ocrx_word' id='word_1_507' title='bbox 3242 693 3315 749; x_wconf 79' lang='lat' dir='ltr'><strong>ita</strong></span> <span class='ocrx_word' id='word_1_508' title='bbox 3340 695 3390 750; x_wconf 87' lang='lat' dir='ltr'><strong>ei</strong></span> <span class='ocrx_word' id='word_1_509' title='bbox 3427 695 3600 750; x_wconf 83' lang='lat' dir='ltr'><strong>dixis-</strong></span> 
     </span>
    </p>
   </div>
   <div class='ocr_carea' id='block_1_66' title="bbox 2008 774 3594 855">
    <p class='ocr_par' dir='ltr' id='par_1_66' title="bbox 2008 774 3594 855">
     <span class='ocr_line' id='line_1_66' title="bbox 2008 774 3594 855; baseline 0.009 -30"><span class='ocrx_word' id='word_1_510' title='bbox 2008 781 2130 828; x_wconf 88' lang='lat' dir='ltr'><strong>set:</strong></span> <span class='ocrx_word' id='word_1_511' title='bbox 2174 774 2305 841; x_wconf 86' lang='lat' dir='ltr'><strong>Quis</strong></span> <span class='ocrx_word' id='word_1_512' title='bbox 2338 777 2485 832; x_wconf 91' lang='lat' dir='ltr'><strong>furor</strong></span> <span class='ocrx_word' id='word_1_513' title='bbox 2525 780 2653 834; x_wconf 90' lang='lat' dir='ltr'><strong>ille?</strong></span> <span class='ocrx_word' id='word_1_514' title='bbox 2686 781 2889 837; x_wconf 84' lang='lat' dir='ltr'><strong>Ausiue</strong></span> <span class='ocrx_word' id='word_1_515' title='bbox 2915 792 3038 837; x_wconf 90' lang='lat' dir='ltr'><strong>sunt</strong></span> <span class='ocrx_word' id='word_1_516' title='bbox 3063 781 3248 837; x_wconf 89' lang='lat' dir='ltr'><strong>famuli</strong></span> <span class='ocrx_word' id='word_1_517' title='bbox 3281 786 3357 839; x_wconf 92' lang='lat' dir='ltr'><strong>tui</strong></span> <span class='ocrx_word' id='word_1_518' title='bbox 3380 801 3443 839; x_wconf 90' lang='lat' dir='ltr'><strong>os</strong></span> <span class='ocrx_word' id='word_1_519' title='bbox 3466 802 3594 855; x_wconf 77' lang='lat' dir='ltr'><strong>ape-</strong></span> 
     </span>
    </p>
   </div>
   <div class='ocr_carea' id='block_1_67' title="bbox 2007 863 3595 945">
    <p class='ocr_par' dir='ltr' id='par_1_67' title="bbox 2007 863 3595 945">
     <span class='ocr_line' id='line_1_67' title="bbox 2007 863 3595 945; baseline 0.009 -28"><span class='ocrx_word' id='word_1_520' title='bbox 2007 863 2115 917; x_wconf 87' lang='lat' dir='ltr'><strong>rire</strong></span> <span class='ocrx_word' id='word_1_521' title='bbox 2143 865 2399 921; x_wconf 89' lang='lat' dir='ltr'><strong>adversus</strong></span> <span class='ocrx_word' id='word_1_522' title='bbox 2430 884 2621 938; x_wconf 89' lang='lat' dir='ltr'><strong>operas</strong></span> <span class='ocrx_word' id='word_1_523' title='bbox 2649 886 2799 925; x_wconf 86' lang='lat' dir='ltr'><strong>meas</strong></span> <span class='ocrx_word' id='word_1_524' title='bbox 2826 872 2850 925; x_wconf 87' lang='lat'><strong>?</strong></span> <span class='ocrx_word' id='word_1_525' title='bbox 2882 887 2985 924; x_wconf 91' lang='lat' dir='ltr'><strong>non</strong></span> <span class='ocrx_word' id='word_1_526' title='bbox 3013 874 3314 943; x_wconf 84' lang='lat' dir='ltr'><strong>cogitarunt</strong></span> <span class='ocrx_word' id='word_1_527' title='bbox 3336 888 3595 945; x_wconf 88' lang='lat' dir='ltr'><strong>quantum</strong></span> 
     </span>
    </p>
   </div>
   <div class='ocr_carea' id='block_1_68' title="bbox 2010 953 3596 1037">
    <p class='ocr_par' dir='ltr' id='par_1_68' title="bbox 2010 953 3596 1037">
     <span class='ocr_line' id='line_1_68' title="bbox 2010 953 3596 1037; baseline 0.009 -30"><span class='ocrx_word' id='word_1_528' title='bbox 2010 953 2150 1009; x_wconf 91' lang='lat' dir='ltr'><strong>inter</strong></span> <span class='ocrx_word' id='word_1_529' title='bbox 2196 972 2293 1011; x_wconf 92' lang='lat' dir='ltr'><strong>nos</strong></span> <span class='ocrx_word' id='word_1_530' title='bbox 2339 959 2409 1037; x_wconf 77' lang='lat' dir='ltr'><strong>sit</strong></span> <span class='ocrx_word' id='word_1_531' title='bbox 2451 960 2778 1015; x_wconf 89' lang='lat' dir='ltr'><strong>discrimen?</strong></span> <span class='ocrx_word' id='word_1_532' title='bbox 2818 962 2969 1018; x_wconf 87' lang='lat' dir='ltr'><strong>Unde</strong></span> <span class='ocrx_word' id='word_1_533' title='bbox 3007 965 3149 1018; x_wconf 89' lang='lat' dir='ltr'><strong>enim</strong></span> <span class='ocrx_word' id='word_1_534' title='bbox 3181 966 3274 1021; x_wconf 85' lang='lat' dir='ltr'><strong>tibi</strong></span> <span class='ocrx_word' id='word_1_535' title='bbox 3309 967 3394 1022; x_wconf 90' lang='lat' dir='ltr'><strong>illa</strong></span> <span class='ocrx_word' id='word_1_536' title='bbox 3423 968 3596 1023; x_wconf 85' lang='lat' dir='ltr'><strong>abun-</strong></span> 
     </span>
    </p>
   </div>
   <div class='ocr_carea' id='block_1_69' title="bbox 2009 1047 3594 1124">
    <p class='ocr_par' dir='ltr' id='par_1_69' title="bbox 2009 1047 3594 1124">
     <span class='ocr_line' id='line_1_69' title="bbox 2009 1047 3594 1124; baseline 0.009 -24"><span class='ocrx_word' id='word_1_537' title='bbox 2009 1047 2235 1103; x_wconf 82' lang='lat' dir='ltr'><strong>dantia?</strong></span> <span class='ocrx_word' id='word_1_538' title='bbox 2274 1067 2451 1107; x_wconf 92' lang='lat' dir='ltr'><strong>nonne</strong></span> <span class='ocrx_word' id='word_1_539' title='bbox 2492 1068 2557 1108; x_wconf 85' lang='lat' dir='ltr'><strong>ex</strong></span> <span class='ocrx_word' id='word_1_540' title='bbox 2596 1070 2712 1110; x_wconf 90' lang='lat' dir='ltr'><strong>mea</strong></span> <span class='ocrx_word' id='word_1_541' title='bbox 2755 1058 2921 1112; x_wconf 84' lang='lat' dir='ltr'><strong>cura?</strong></span> <span class='ocrx_word' id='word_1_542' title='bbox 2959 1058 3090 1124; x_wconf 88' lang='lat' dir='ltr'><strong>Quis</strong></span> <span class='ocrx_word' id='word_1_543' title='bbox 3119 1070 3169 1115; x_wconf 91' lang='lat' dir='ltr'><strong>te</strong></span> <span class='ocrx_word' id='word_1_544' title='bbox 3214 1060 3267 1115; x_wconf 92' lang='lat' dir='ltr'><strong>in</strong></span> <span class='ocrx_word' id='word_1_545' title='bbox 3317 1064 3594 1117; x_wconf 92' lang='lat' dir='ltr'><strong>hominum</strong></span> 
     </span>
    </p>
   </div>
   <div class='ocr_carea' id='block_1_70' title="bbox 2009 1145 3595 1221">
    <p class='ocr_par' dir='ltr' id='par_1_70' title="bbox 2009 1145 3595 1221">
     <span class='ocr_line' id='line_1_70' title="bbox 2009 1145 3595 1221; baseline 0.01 -29"><span class='ocrx_word' id='word_1_546' title='bbox 2009 1153 2356 1209; x_wconf 89' lang='lat' dir='ltr'><strong>conspectum</strong></span> <span class='ocrx_word' id='word_1_547' title='bbox 2385 1145 2646 1211; x_wconf 84' lang='lat' dir='ltr'><strong>protulit?</strong></span> <span class='ocrx_word' id='word_1_548' title='bbox 2672 1162 2849 1202; x_wconf 89' lang='lat' dir='ltr'><strong>nonne</strong></span> <span class='ocrx_word' id='word_1_549' title='bbox 2877 1164 2976 1218; x_wconf 88' lang='lat' dir='ltr'><strong>ego</strong></span> <span class='ocrx_word' id='word_1_550' title='bbox 2996 1151 3083 1219; x_wconf 92' lang='lat' dir='ltr'><strong>qui</strong></span> <span class='ocrx_word' id='word_1_551' title='bbox 3110 1167 3206 1221; x_wconf 91' lang='lat' dir='ltr'><strong>pro</strong></span> <span class='ocrx_word' id='word_1_552' title='bbox 3232 1153 3480 1207; x_wconf 86' lang='lat' dir='ltr'><strong>omnibus</strong></span> <span class='ocrx_word' id='word_1_553' title='bbox 3503 1154 3595 1208; x_wconf 88' lang='lat' dir='ltr'><strong>tibi</strong></span> 
     </span>
    </p>
   </div>
   <div class='ocr_carea' id='block_1_71' title="bbox 2011 1226 3596 1315">
    <p class='ocr_par' dir='ltr' id='par_1_71' title="bbox 2011 1226 3596 1315">
     <span class='ocr_line' id='line_1_71' title="bbox 2011 1226 3596 1315; baseline 0.011 -33"><span class='ocrx_word' id='word_1_554' title='bbox 2011 1226 2107 1294; x_wconf 91' lang='lat' dir='ltr'><strong>fui,</strong></span> <span class='ocrx_word' id='word_1_555' title='bbox 2151 1240 2204 1285; x_wconf 91' lang='lat' dir='ltr'><strong>et</strong></span> <span class='ocrx_word' id='word_1_556' title='bbox 2255 1234 2417 1300; x_wconf 89' lang='lat' dir='ltr'><strong>patris</strong></span> <span class='ocrx_word' id='word_1_557' title='bbox 2463 1234 2555 1289; x_wconf 88' lang='lat' dir='ltr'><strong>tibi</strong></span> <span class='ocrx_word' id='word_1_558' title='bbox 2598 1238 2745 1292; x_wconf 91' lang='lat' dir='ltr'><strong>vices</strong></span> <span class='ocrx_word' id='word_1_559' title='bbox 2783 1239 2866 1309; x_wconf 87' lang='lat' dir='ltr'><strong>egi</strong></span> <span class='ocrx_word' id='word_1_560' title='bbox 2919 1255 3012 1309; x_wconf 90' lang='lat' dir='ltr'><strong>per</strong></span> <span class='ocrx_word' id='word_1_561' title='bbox 3049 1243 3268 1297; x_wconf 80' lang='lat' dir='ltr'><strong>omnia?</strong></span> <span class='ocrx_word' id='word_1_562' title='bbox 3301 1246 3475 1315; x_wconf 85' lang='lat' dir='ltr'><strong>Atque</strong></span> <span class='ocrx_word' id='word_1_563' title='bbox 3498 1244 3596 1300; x_wconf 89' lang='lat' dir='ltr'><strong>has</strong></span> 
     </span>
    </p>
   </div>
   <div class='ocr_carea' id='block_1_72' title="bbox 2011 1321 3597 1392">
    <p class='ocr_par' dir='ltr' id='par_1_72' title="bbox 2011 1321 3597 1392">
     <span class='ocr_line' id='line_1_72' title="bbox 2011 1321 3597 1392; baseline 0.011 -18"><span class='ocrx_word' id='word_1_564' title='bbox 2011 1321 2141 1375; x_wconf 88' lang='lat' dir='ltr'><strong>mihi</strong></span> <span class='ocrx_word' id='word_1_565' title='bbox 2191 1338 2287 1391; x_wconf 88' lang='lat' dir='ltr'><strong>pro</strong></span> <span class='ocrx_word' id='word_1_566' title='bbox 2334 1333 2413 1380; x_wconf 92' lang='lat' dir='ltr'><strong>tot</strong></span> <span class='ocrx_word' id='word_1_567' title='bbox 2455 1327 2765 1385; x_wconf 90' lang='lat' dir='ltr'><strong>ministeriis</strong></span> <span class='ocrx_word' id='word_1_568' title='bbox 2801 1333 3075 1387; x_wconf 78' lang='lat' dir='ltr'><strong>mercedes</strong></span> <span class='ocrx_word' id='word_1_569' title='bbox 3108 1334 3324 1389; x_wconf 85' lang='lat' dir='ltr'><strong>reddis?</strong></span> <span class='ocrx_word' id='word_1_570' title='bbox 3363 1336 3597 1392; x_wconf 78' lang='lat' dir='ltr'><strong>Haecine</strong></span> 
     </span>
    </p>
   </div>
   <div class='ocr_carea' id='block_1_73' title="bbox 2012 1414 3595 1491">
    <p class='ocr_par' dir='ltr' id='par_1_73' title="bbox 2012 1414 3595 1491">
     <span class='ocr_line' id='line_1_73' title="bbox 2012 1414 3595 1491; baseline 0.011 -24"><span class='ocrx_word' id='word_1_571' title='bbox 2012 1426 2108 1483; x_wconf 81' lang='lat' dir='ltr'><strong>Spe</strong></span> <span class='ocrx_word' id='word_1_572' title='bbox 2160 1414 2356 1486; x_wconf 88' lang='lat' dir='ltr'><strong>ubique</strong></span> <span class='ocrx_word' id='word_1_573' title='bbox 2402 1426 2454 1472; x_wconf 90' lang='lat' dir='ltr'><strong>te</strong></span> <span class='ocrx_word' id='word_1_574' title='bbox 2494 1421 2746 1475; x_wconf 86' lang='lat' dir='ltr'><strong>comitem</strong></span> <span class='ocrx_word' id='word_1_575' title='bbox 2797 1422 3004 1478; x_wconf 91' lang='lat' dir='ltr'><strong>itineris</strong></span> <span class='ocrx_word' id='word_1_576' title='bbox 3041 1424 3240 1479; x_wconf 87' lang='lat' dir='ltr'><strong>habui?</strong></span> <span class='ocrx_word' id='word_1_577' title='bbox 3280 1427 3429 1491; x_wconf 87' lang='lat' dir='ltr'><strong>Esto,</strong></span> <span class='ocrx_word' id='word_1_578' title='bbox 3463 1428 3595 1485; x_wconf 91' lang='lat' dir='ltr'><strong>nihil</strong></span> 
     </span>
    </p>
   </div>
   <div class='ocr_carea' id='block_1_74' title="bbox 2011 1510 3596 1575">
    <p class='ocr_par' dir='ltr' id='par_1_74' title="bbox 2011 1510 3596 1575">
     <span class='ocr_line' id='line_1_74' title="bbox 2011 1510 3596 1575; baseline 0.009 -14"><span class='ocrx_word' id='word_1_579' title='bbox 2011 1520 2196 1561; x_wconf 89' lang='lat' dir='ltr'><strong>eorum</strong></span> <span class='ocrx_word' id='word_1_580' title='bbox 2224 1522 2340 1575; x_wconf 69' lang='lat' dir='ltr'><strong>«piae</strong></span> <span class='ocrx_word' id='word_1_581' title='bbox 2360 1523 2389 1562; x_wconf 91' lang='lat' dir='ltr'><strong>a</strong></span> <span class='ocrx_word' id='word_1_582' title='bbox 2417 1525 2502 1565; x_wconf 92' lang='lat' dir='ltr'><strong>me</strong></span> <span class='ocrx_word' id='word_1_583' title='bbox 2528 1510 2692 1566; x_wconf 90' lang='lat' dir='ltr'><strong>habes</strong></span> <span class='ocrx_word' id='word_1_584' title='bbox 2722 1514 2771 1567; x_wconf 93' lang='lat' dir='ltr'><strong>in</strong></span> <span class='ocrx_word' id='word_1_585' title='bbox 2799 1526 3030 1570; x_wconf 89' lang='lat' dir='ltr'><strong>mentem</strong></span> <span class='ocrx_word' id='word_1_586' title='bbox 3060 1518 3153 1571; x_wconf 91' lang='lat' dir='ltr'><strong>tibi</strong></span> <span class='ocrx_word' id='word_1_587' title='bbox 3184 1519 3359 1573; x_wconf 89' lang='lat' dir='ltr'><strong>veniat</strong></span> <span class='ocrx_word' id='word_1_588' title='bbox 3384 1538 3397 1572; x_wconf 90' lang='lat'><strong>:</strong></span> <span class='ocrx_word' id='word_1_589' title='bbox 3420 1536 3596 1575; x_wconf 90' lang='lat' dir='ltr'><strong>nonne</strong></span> 
     </span>
    </p>
   </div>
   <div class='ocr_carea' id='block_1_75' title="bbox 2012 1596 3595 1678">
    <p class='ocr_par' dir='ltr' id='par_1_75' title="bbox 2012 1596 3595 1678">
     <span class='ocr_line' id='line_1_75' title="bbox 2012 1596 3595 1678; baseline 0.01 -29"><span class='ocrx_word' id='word_1_590' title='bbox 2012 1596 2200 1650; x_wconf 89' lang='lat' dir='ltr'><strong>saltem</strong></span> <span class='ocrx_word' id='word_1_591' title='bbox 2228 1598 2310 1652; x_wconf 80' lang='lat' dir='ltr'><strong>vei</strong></span> <span class='ocrx_word' id='word_1_592' title='bbox 2332 1609 2602 1655; x_wconf 85' lang='lat' dir='ltr'><strong>senectam</strong></span> <span class='ocrx_word' id='word_1_593' title='bbox 2630 1618 2802 1657; x_wconf 91' lang='lat' dir='ltr'><strong>meam</strong></span> <span class='ocrx_word' id='word_1_594' title='bbox 2830 1612 2885 1658; x_wconf 93' lang='lat' dir='ltr'><strong>et</strong></span> <span class='ocrx_word' id='word_1_595' title='bbox 2911 1621 3077 1661; x_wconf 91' lang='lat' dir='ltr'><strong>canos</strong></span> <span class='ocrx_word' id='word_1_596' title='bbox 3108 1611 3342 1662; x_wconf 85' lang='lat' dir='ltr'><strong>revereri</strong></span> <span class='ocrx_word' id='word_1_597' title='bbox 3374 1621 3595 1678; x_wconf 85' lang='lat' dir='ltr'><strong>oporte-</strong></span> 
     </span>
    </p>
   </div>
   <div class='ocr_carea' id='block_1_76' title="bbox 2013 1684 3597 1763">
    <p class='ocr_par' dir='ltr' id='par_1_76' title="bbox 2013 1684 3597 1763">
     <span class='ocr_line' id='line_1_76' title="bbox 2013 1684 3597 1763; baseline 0.009 -24"><span class='ocrx_word' id='word_1_598' title='bbox 2013 1684 2140 1740; x_wconf 87' lang='lat' dir='ltr'><strong>bat?</strong></span> <span class='ocrx_word' id='word_1_599' title='bbox 2161 1686 2267 1741; x_wconf 89' lang='lat' dir='ltr'><strong>Sed</strong></span> <span class='ocrx_word' id='word_1_600' title='bbox 2292 1690 2628 1745; x_wconf 92' lang='lat' dir='ltr'><strong>conuivendo</strong></span> <span class='ocrx_word' id='word_1_601' title='bbox 2652 1694 2938 1761; x_wconf 90' lang='lat' dir='ltr'><strong>permisisti</strong></span> <span class='ocrx_word' id='word_1_602' title='bbox 2961 1705 3201 1763; x_wconf 90' lang='lat' dir='ltr'><strong>pastores</strong></span> <span class='ocrx_word' id='word_1_603' title='bbox 3226 1705 3345 1751; x_wconf 92' lang='lat' dir='ltr'><strong>tuos</strong></span> <span class='ocrx_word' id='word_1_604' title='bbox 3370 1700 3421 1752; x_wconf 92' lang='lat' dir='ltr'><strong>iu</strong></span> <span class='ocrx_word' id='word_1_605' title='bbox 3448 1715 3597 1754; x_wconf 84' lang='lat' dir='ltr'><strong>meos</strong></span> 
     </span>
    </p>
   </div>
   <div class='ocr_carea' id='block_1_77' title="bbox 2014 1776 3597 1860">
    <p class='ocr_par' dir='ltr' id='par_1_77' title="bbox 2014 1776 3597 1860">
     <span class='ocr_line' id='line_1_77' title="bbox 2014 1776 3597 1860; baseline 0.008 -29"><span class='ocrx_word' id='word_1_606' title='bbox 2014 1776 2353 1844; x_wconf 89' lang='lat' dir='ltr'><strong>debacchari,</strong></span> <span class='ocrx_word' id='word_1_607' title='bbox 2394 1783 2606 1837; x_wconf 90' lang='lat' dir='ltr'><strong>nescius</strong></span> <span class='ocrx_word' id='word_1_608' title='bbox 2642 1784 2783 1853; x_wconf 89' lang='lat' dir='ltr'><strong>quod</strong></span> <span class='ocrx_word' id='word_1_609' title='bbox 2827 1785 2965 1840; x_wconf 87' lang='lat' dir='ltr'><strong>sicut</strong></span> <span class='ocrx_word' id='word_1_610' title='bbox 3001 1788 3346 1854; x_wconf 91' lang='lat' dir='ltr'><strong>contumelia,</strong></span> <span class='ocrx_word' id='word_1_611' title='bbox 3387 1805 3487 1860; x_wconf 90' lang='lat' dir='ltr'><strong>qua</strong></span> <span class='ocrx_word' id='word_1_612' title='bbox 3520 1791 3597 1845; x_wconf 92' lang='lat' dir='ltr'><strong>illi</strong></span> 
     </span>
    </p>
   </div>
   <div class='ocr_carea' id='block_1_78' title="bbox 2015 1867 3600 1944">
    <p class='ocr_par' dir='ltr' id='par_1_78' title="bbox 2015 1867 3600 1944">
     <span class='ocr_line' id='line_1_78' title="bbox 2015 1867 3600 1944; baseline 0.011 -23"><span class='ocrx_word' id='word_1_613' title='bbox 2015 1867 2189 1923; x_wconf 72' lang='lat' dir='ltr'><strong>allecti</strong></span> <span class='ocrx_word' id='word_1_614' title='bbox 2230 1882 2377 1936; x_wconf 92' lang='lat' dir='ltr'><strong>sunt,</strong></span> <span class='ocrx_word' id='word_1_615' title='bbox 2424 1873 2475 1927; x_wconf 94' lang='lat' dir='ltr'><strong>in</strong></span> <span class='ocrx_word' id='word_1_616' title='bbox 2521 1889 2609 1929; x_wconf 90' lang='lat' dir='ltr'><strong>me</strong></span> <span class='ocrx_word' id='word_1_617' title='bbox 2652 1876 2860 1944; x_wconf 90' lang='lat' dir='ltr'><strong>transit,</strong></span> <span class='ocrx_word' id='word_1_618' title='bbox 2889 1878 2961 1933; x_wconf 87' lang='lat' dir='ltr'><strong>ita</strong></span> <span class='ocrx_word' id='word_1_619' title='bbox 2994 1888 3049 1934; x_wconf 90' lang='lat' dir='ltr'><strong>et</strong></span> <span class='ocrx_word' id='word_1_620' title='bbox 3082 1888 3291 1935; x_wconf 89' lang='lat' dir='ltr'><strong>tuorum</strong></span> <span class='ocrx_word' id='word_1_621' title='bbox 3329 1883 3600 1938; x_wconf 88' lang='lat' dir='ltr'><strong>temeritas</strong></span> 
     </span>
    </p>
   </div>
   <div class='ocr_carea' id='block_1_79' title="bbox 2018 1958 2472 2018">
    <p class='ocr_par' dir='ltr' id='par_1_79' title="bbox 2018 1958 2472 2018">
     <span class='ocr_line' id='line_1_79' title="bbox 2018 1958 2472 2018; baseline 0.015 -7"><span class='ocrx_word' id='word_1_622' title='bbox 2018 1958 2110 2012; x_wconf 91' lang='lat' dir='ltr'><strong>tibi</strong></span> <span class='ocrx_word' id='word_1_623' title='bbox 2132 1959 2472 2018; x_wconf 90' lang='lat' dir='ltr'><strong>adscribitur.</strong></span> 
     </span>
    </p>
   </div>
   <div class='ocr_carea' id='block_1_80' title="bbox 2088 2049 3596 2128">
    <p class='ocr_par' dir='ltr' id='par_1_80' title="bbox 2088 2049 3596 2128">
     <span class='ocr_line' id='line_1_80' title="bbox 2088 2049 3596 2128; baseline 0.007 -24"><span class='ocrx_word' id='word_1_624' title='bbox 2088 2049 2142 2104; x_wconf 75' lang='grc'><strong>4.</strong></span> <span class='ocrx_word' id='word_1_625' title='bbox 2188 2050 2292 2106; x_wconf 88' lang='lat' dir='ltr'><strong>Sed</strong></span> <span class='ocrx_word' id='word_1_626' title='bbox 2332 2052 2462 2106; x_wconf 92' lang='lat' dir='ltr'><strong>nihil</strong></span> <span class='ocrx_word' id='word_1_627' title='bbox 2489 2052 2677 2109; x_wconf 90' lang='lat' dir='ltr'><strong>horum</strong></span> <span class='ocrx_word' id='word_1_628' title='bbox 2700 2056 2875 2126; x_wconf 89' lang='lat' dir='ltr'><strong>justus</strong></span> <span class='ocrx_word' id='word_1_629' title='bbox 2900 2059 2982 2113; x_wconf 88' lang='lat' dir='ltr'><strong>vel</strong></span> <span class='ocrx_word' id='word_1_630' title='bbox 3011 2058 3062 2113; x_wconf 92' lang='lat' dir='ltr'><strong>in</strong></span> <span class='ocrx_word' id='word_1_631' title='bbox 3096 2069 3330 2116; x_wconf 89' lang='lat' dir='ltr'><strong>mentem</strong></span> <span class='ocrx_word' id='word_1_632' title='bbox 3361 2062 3596 2128; x_wconf 86' lang='lat' dir='ltr'><strong>admisit,</strong></span> 
     </span>
    </p>
   </div>
   <div class='ocr_carea' id='block_1_81' title="bbox 2016 2138 3600 2224">
    <p class='ocr_par' dir='ltr' id='par_1_81' title="bbox 2016 2138 3600 2224">
     <span class='ocr_line' id='line_1_81' title="bbox 2016 2138 3600 2224; baseline 0.009 -32"><span class='ocrx_word' id='word_1_633' title='bbox 2016 2138 2112 2194; x_wconf 88' lang='lat' dir='ltr'><strong>sed</strong></span> <span class='ocrx_word' id='word_1_634' title='bbox 2141 2141 2391 2197; x_wconf 86' lang='lat' dir='ltr'><strong>omnibus</strong></span> <span class='ocrx_word' id='word_1_635' title='bbox 2420 2144 2524 2198; x_wconf 91' lang='lat' dir='ltr'><strong>illis</strong></span> <span class='ocrx_word' id='word_1_636' title='bbox 2549 2146 2616 2200; x_wconf 93' lang='lat' dir='ltr'><strong>ab</strong></span> <span class='ocrx_word' id='word_1_637' title='bbox 2640 2147 2820 2202; x_wconf 89' lang='lat' dir='ltr'><strong>animo</strong></span> <span class='ocrx_word' id='word_1_638' title='bbox 2846 2150 3096 2219; x_wconf 84' lang='lat' dir='ltr'><strong>repulsis,</strong></span> <span class='ocrx_word' id='word_1_639' title='bbox 3138 2168 3299 2206; x_wconf 90' lang='lat' dir='ltr'><strong>unum</strong></span> <span class='ocrx_word' id='word_1_640' title='bbox 3344 2153 3447 2208; x_wconf 92' lang='lat' dir='ltr'><strong>hoc</strong></span> <span class='ocrx_word' id='word_1_641' title='bbox 3470 2170 3600 2224; x_wconf 73' lang='lat' dir='ltr'><strong>age-</strong></span> 
     </span>
    </p>
   </div>
   <div class='ocr_carea' id='block_1_82' title="bbox 2017 2231 3601 2309">
    <p class='ocr_par' dir='ltr' id='par_1_82' title="bbox 2017 2231 3601 2309">
     <span class='ocr_line' id='line_1_82' title="bbox 2017 2231 3601 2309; baseline 0.008 -23"><span class='ocrx_word' id='word_1_642' title='bbox 2017 2231 2129 2295; x_wconf 89' lang='lat' dir='ltr'><strong>bat,</strong></span> <span class='ocrx_word' id='word_1_643' title='bbox 2156 2234 2425 2304; x_wconf 89' lang='lat' dir='ltr'><strong>quomodo</strong></span> <span class='ocrx_word' id='word_1_644' title='bbox 2450 2237 2588 2304; x_wconf 91' lang='lat' dir='ltr'><strong>quod</strong></span> <span class='ocrx_word' id='word_1_645' title='bbox 2624 2248 2935 2309; x_wconf 89' lang='lat' dir='ltr'><strong>erupturum</strong></span> <span class='ocrx_word' id='word_1_646' title='bbox 2975 2252 3091 2296; x_wconf 91' lang='lat' dir='ltr'><strong>erat</strong></span> <span class='ocrx_word' id='word_1_647' title='bbox 3118 2246 3476 2299; x_wconf 81' lang='lat' dir='ltr'><strong>contentionis</strong></span> <span class='ocrx_word' id='word_1_648' title='bbox 3515 2247 3601 2299; x_wconf 84' lang='lat' dir='ltr'><strong>in—</strong></span> 
     </span>
    </p>
   </div>
   <div class='ocr_carea' id='block_1_83' title="bbox 2017 2324 3602 2406">
    <p class='ocr_par' dir='ltr' id='par_1_83' title="bbox 2017 2324 3602 2406">
     <span class='ocr_line' id='line_1_83' title="bbox 2017 2324 3602 2406; baseline 0.006 -28"><span class='ocrx_word' id='word_1_649' title='bbox 2017 2324 2263 2379; x_wconf 88' lang='lat' dir='ltr'><strong>cendium</strong></span> <span class='ocrx_word' id='word_1_650' title='bbox 2290 2327 2671 2397; x_wconf 83' lang='lat' dir='ltr'><strong>exstingueret,</strong></span> <span class='ocrx_word' id='word_1_651' title='bbox 2714 2339 2769 2384; x_wconf 92' lang='lat' dir='ltr'><strong>et</strong></span> <span class='ocrx_word' id='word_1_652' title='bbox 2805 2331 2956 2385; x_wconf 89' lang='lat' dir='ltr'><strong>suavi</strong></span> <span class='ocrx_word' id='word_1_653' title='bbox 3007 2337 3344 2403; x_wconf 90' lang='lat' dir='ltr'><strong>separatione</strong></span> <span class='ocrx_word' id='word_1_654' title='bbox 3391 2338 3602 2406; x_wconf 60' lang='lat' dir='ltr'><strong>excogio</strong></span> 
     </span>
    </p>
   </div>
   <div class='ocr_carea' id='block_1_84' title="bbox 2017 2419 3603 2489">
    <p class='ocr_par' dir='ltr' id='par_1_84' title="bbox 2017 2419 3603 2489">
     <span class='ocr_line' id='line_1_84' title="bbox 2017 2419 3603 2489; baseline 0.006 -18"><span class='ocrx_word' id='word_1_655' title='bbox 2017 2419 2362 2489; x_wconf 84' lang='lat' dir='ltr'><strong>tata,absque</strong></span> <span class='ocrx_word' id='word_1_656' title='bbox 2391 2420 2559 2475; x_wconf 90' lang='lat' dir='ltr'><strong>turbis</strong></span> <span class='ocrx_word' id='word_1_657' title='bbox 2586 2421 2876 2477; x_wconf 87' lang='lat' dir='ltr'><strong>habitaret:</strong></span> <span class='ocrx_word' id='word_1_658' title='bbox 2905 2424 3035 2479; x_wconf 92' lang='lat' dir='ltr'><strong>dicit</strong></span> <span class='ocrx_word' id='word_1_659' title='bbox 3054 2426 3196 2480; x_wconf 87' lang='lat' dir='ltr'><strong>enim</strong></span> <span class='ocrx_word' id='word_1_660' title='bbox 3232 2443 3246 2479; x_wconf 94' lang='lat'><strong>:</strong></span> <span class='ocrx_word' id='word_1_661' title='bbox 3274 2426 3406 2480; x_wconf 77' lang='lat' dir='ltr'><strong>Ecce</strong></span> <span class='ocrx_word' id='word_1_662' title='bbox 3432 2444 3603 2480; x_wconf 85' lang='lat' dir='ltr'><strong>annon</strong></span> 
     </span>
    </p>
   </div>
   <div class='ocr_carea' id='block_1_85' title="bbox 2018 2512 3604 2569">
    <p class='ocr_par' dir='ltr' id='par_1_85' title="bbox 2018 2512 3604 2569">
     <span class='ocr_line' id='line_1_85' title="bbox 2018 2512 3604 2569; baseline 0.006 -9"><span class='ocrx_word' id='word_1_663' title='bbox 2018 2512 2180 2563; x_wconf 88' lang='lat' dir='ltr'><strong>omnis</strong></span> <span class='ocrx_word' id='word_1_664' title='bbox 2203 2520 2336 2563; x_wconf 87' lang='lat' dir='ltr'><strong>terra</strong></span> <span class='ocrx_word' id='word_1_665' title='bbox 2360 2527 2531 2564; x_wconf 90' lang='lat' dir='ltr'><strong>coram</strong></span> <span class='ocrx_word' id='word_1_666' title='bbox 2562 2521 2609 2565; x_wconf 89' lang='lat' dir='ltr'><strong>te</strong></span> <span class='ocrx_word' id='word_1_667' title='bbox 2636 2514 2751 2566; x_wconf 87' lang='lat' dir='ltr'><strong>est?</strong></span> <span class='ocrx_word' id='word_1_668' title='bbox 2779 2512 2991 2568; x_wconf 82' lang='lat' dir='ltr'><strong>Discede</strong></span> <span class='ocrx_word' id='word_1_669' title='bbox 3010 2532 3042 2568; x_wconf 84' lang='grc' dir='ltr'><em>α</em></span> <span class='ocrx_word' id='word_1_670' title='bbox 3070 2532 3148 2569; x_wconf 81' lang='grc' dir='ltr'><strong>τηε</strong></span> <span class='ocrx_word' id='word_1_671' title='bbox 3170 2531 3189 2569; x_wconf 92' lang='lat'><strong>:</strong></span> <span class='ocrx_word' id='word_1_672' title='bbox 3229 2516 3270 2568; x_wconf 91' lang='lat' dir='ltr'><strong>si</strong></span> <span class='ocrx_word' id='word_1_673' title='bbox 3301 2528 3353 2569; x_wconf 85' lang='lat' dir='ltr'><strong>tu</strong></span> <span class='ocrx_word' id='word_1_674' title='bbox 3380 2516 3448 2568; x_wconf 89' lang='lat' dir='ltr'><strong>ad</strong></span> <span class='ocrx_word' id='word_1_675' title='bbox 3474 2516 3604 2569; x_wconf 84' lang='lat' dir='ltr'><strong>sini-</strong></span> 
     </span>
    </p>
   </div>
   <div class='ocr_carea' id='block_1_86' title="bbox 2017 2603 3606 2678">
    <p class='ocr_par' dir='ltr' id='par_1_86' title="bbox 2017 2603 3606 2678">
     <span class='ocr_line' id='line_1_86' title="bbox 2017 2603 3606 2678; baseline 0.004 -23"><span class='ocrx_word' id='word_1_676' title='bbox 2017 2613 2196 2672; x_wconf 82' lang='lat' dir='ltr'><strong>stram,</strong></span> <span class='ocrx_word' id='word_1_677' title='bbox 2218 2620 2309 2675; x_wconf 85' lang='lat' dir='ltr'><strong>ego</strong></span> <span class='ocrx_word' id='word_1_678' title='bbox 2331 2603 2399 2657; x_wconf 89' lang='lat' dir='ltr'><strong>ad</strong></span> <span class='ocrx_word' id='word_1_679' title='bbox 2431 2605 2728 2668; x_wconf 77' lang='lat' dir='ltr'><strong>dexteram;</strong></span> <span class='ocrx_word' id='word_1_680' title='bbox 2753 2607 2794 2659; x_wconf 92' lang='lat' dir='ltr'><strong>si</strong></span> <span class='ocrx_word' id='word_1_681' title='bbox 2835 2617 2891 2659; x_wconf 78' lang='lat' dir='ltr'><strong>tu</strong></span> <span class='ocrx_word' id='word_1_682' title='bbox 2913 2607 2981 2660; x_wconf 87' lang='lat' dir='ltr'><strong>ad</strong></span> <span class='ocrx_word' id='word_1_683' title='bbox 3010 2608 3286 2673; x_wconf 77' lang='lat' dir='ltr'><strong>dexteram,</strong></span> <span class='ocrx_word' id='word_1_684' title='bbox 3318 2625 3410 2678; x_wconf 84' lang='lat' dir='ltr'><strong>ego</strong></span> <span class='ocrx_word' id='word_1_685' title='bbox 3444 2609 3512 2661; x_wconf 89' lang='lat' dir='ltr'><strong>ad</strong></span> <span class='ocrx_word' id='word_1_686' title='bbox 3532 2610 3606 2661; x_wconf 85' lang='lat' dir='ltr'><strong>si-</strong></span> 
     </span>
    </p>
   </div>
   <div class='ocr_carea' id='block_1_87' title="bbox 2020 2694 3604 2768">
    <p class='ocr_par' dir='ltr' id='par_1_87' title="bbox 2020 2694 3604 2768">
     <span class='ocr_line' id='line_1_87' title="bbox 2020 2694 3604 2768; baseline 0.003 -21"><span class='ocrx_word' id='word_1_687' title='bbox 2020 2696 2251 2748; x_wconf 89' lang='lat' dir='ltr'><strong>nistram.</strong></span> <span class='ocrx_word' id='word_1_688' title='bbox 2290 2694 2425 2749; x_wconf 82' lang='lat' dir='ltr'><strong>Vide</strong></span> <span class='ocrx_word' id='word_1_689' title='bbox 2467 2696 2933 2751; x_wconf 88' lang='lat' dir='ltr'><strong>mansuetudinem</strong></span> <span class='ocrx_word' id='word_1_690' title='bbox 2976 2698 3125 2768; x_wconf 90' lang='lat' dir='ltr'><strong>justi.</strong></span> <span class='ocrx_word' id='word_1_691' title='bbox 3157 2698 3423 2768; x_wconf 88' lang='lat' dir='ltr'><strong>Operibus</strong></span> <span class='ocrx_word' id='word_1_692' title='bbox 3462 2700 3604 2753; x_wconf 85' lang='lat' dir='ltr'><strong>enim</strong></span> 
     </span>
    </p>
   </div>
   <div class='ocr_carea' id='block_1_88' title="bbox 2020 2786 3610 2859">
    <p class='ocr_par' dir='ltr' id='par_1_88' title="bbox 2020 2786 3610 2859">
     <span class='ocr_line' id='line_1_88' title="bbox 2020 2786 3610 2859; baseline 0.002 -18"><span class='ocrx_word' id='word_1_693' title='bbox 2020 2786 2273 2853; x_wconf 89' lang='lat' dir='ltr'><strong>ostendit,</strong></span> <span class='ocrx_word' id='word_1_694' title='bbox 2316 2802 2375 2842; x_wconf 92' lang='lat' dir='ltr'><strong>se</strong></span> <span class='ocrx_word' id='word_1_695' title='bbox 2403 2803 2508 2841; x_wconf 93' lang='lat' dir='ltr'><strong>non</strong></span> <span class='ocrx_word' id='word_1_696' title='bbox 2539 2803 2630 2842; x_wconf 91' lang='lat' dir='ltr'><strong>sua</strong></span> <span class='ocrx_word' id='word_1_697' title='bbox 2658 2797 2848 2858; x_wconf 89' lang='lat' dir='ltr'><strong>sponte</strong></span> <span class='ocrx_word' id='word_1_698' title='bbox 2874 2788 3051 2844; x_wconf 81' lang='lat' dir='ltr'><strong>facere</strong></span> <span class='ocrx_word' id='word_1_699' title='bbox 3086 2789 3210 2856; x_wconf 90' lang='lat' dir='ltr'><strong>hoc,</strong></span> <span class='ocrx_word' id='word_1_700' title='bbox 3243 2805 3415 2859; x_wconf 90' lang='lat' dir='ltr'><strong>neque</strong></span> <span class='ocrx_word' id='word_1_701' title='bbox 3453 2805 3610 2859; x_wconf 82' lang='lat' dir='ltr'><strong>sepa-</strong></span> 
     </span>
    </p>
   </div>
   <div class='ocr_carea' id='block_1_89' title="bbox 2020 2880 3605 2948">
    <p class='ocr_par' dir='ltr' id='par_1_89' title="bbox 2020 2880 3605 2948">
     <span class='ocr_line' id='line_1_89' title="bbox 2020 2880 3605 2948; baseline 0.001 -13"><span class='ocrx_word' id='word_1_702' title='bbox 2020 2881 2125 2935; x_wconf 89' lang='lat' dir='ltr'><strong>rari</strong></span> <span class='ocrx_word' id='word_1_703' title='bbox 2148 2881 2305 2946; x_wconf 84' lang='lat' dir='ltr'><strong>velle,</strong></span> <span class='ocrx_word' id='word_1_704' title='bbox 2335 2880 2430 2935; x_wconf 90' lang='lat' dir='ltr'><strong>sed</strong></span> <span class='ocrx_word' id='word_1_705' title='bbox 2457 2880 2526 2936; x_wconf 89' lang='lat' dir='ltr'><strong>ob</strong></span> <span class='ocrx_word' id='word_1_706' title='bbox 2558 2882 2916 2936; x_wconf 89' lang='lat' dir='ltr'><strong>contentionis</strong></span> <span class='ocrx_word' id='word_1_707' title='bbox 2944 2882 3340 2948; x_wconf 89' lang='lat' dir='ltr'><strong>necessitatem,</strong></span> <span class='ocrx_word' id='word_1_708' title='bbox 3372 2892 3430 2936; x_wconf 90' lang='lat' dir='ltr'><strong>ut</strong></span> <span class='ocrx_word' id='word_1_709' title='bbox 3456 2898 3523 2936; x_wconf 92' lang='lat' dir='ltr'><strong>ne</strong></span> <span class='ocrx_word' id='word_1_710' title='bbox 3550 2883 3605 2936; x_wconf 90' lang='lat' dir='ltr'><strong>in</strong></span> 
     </span>
    </p>
   </div>
   <div class='ocr_carea' id='block_1_90' title="bbox 2020 2973 3612 3047">
    <p class='ocr_par' dir='ltr' id='par_1_90' title="bbox 2020 2973 3612 3047">
     <span class='ocr_line' id='line_1_90' title="bbox 2020 2973 3612 3047; baseline 0.001 -19"><span class='ocrx_word' id='word_1_711' title='bbox 2020 2973 2183 3028; x_wconf 90' lang='lat' dir='ltr'><strong>domo</strong></span> <span class='ocrx_word' id='word_1_712' title='bbox 2215 2975 2282 3027; x_wconf 92' lang='lat' dir='ltr'><strong>sit</strong></span> <span class='ocrx_word' id='word_1_713' title='bbox 2323 2983 2639 3044; x_wconf 90' lang='lat' dir='ltr'><strong>perpetuum</strong></span> <span class='ocrx_word' id='word_1_714' title='bbox 2685 2975 2883 3030; x_wconf 89' lang='lat' dir='ltr'><strong>bellum</strong></span> <span class='ocrx_word' id='word_1_715' title='bbox 2912 2994 2925 3029; x_wconf 95' lang='lat'><strong>:</strong></span> <span class='ocrx_word' id='word_1_716' title='bbox 2952 2976 3075 3031; x_wconf 90' lang='lat' dir='ltr'><strong>vide</strong></span> <span class='ocrx_word' id='word_1_717' title='bbox 3117 2975 3388 3047; x_wconf 89' lang='lat' dir='ltr'><strong>quomodo</strong></span> <span class='ocrx_word' id='word_1_718' title='bbox 3436 2974 3612 3030; x_wconf 85' lang='lat' dir='ltr'><strong>verbis</strong></span> 
     </span>
    </p>
   </div>
   <div class='ocr_carea' id='block_1_91' title="bbox 2021 3064 3607 3136">
    <p class='ocr_par' dir='ltr' id='par_1_91' title="bbox 2021 3064 3607 3136">
     <span class='ocr_line' id='line_1_91' title="bbox 2021 3064 3607 3136; baseline 0.001 -17"><span class='ocrx_word' id='word_1_719' title='bbox 2021 3064 2166 3120; x_wconf 91' lang='lat' dir='ltr'><strong>illius</strong></span> <span class='ocrx_word' id='word_1_720' title='bbox 2192 3065 2349 3120; x_wconf 90' lang='lat' dir='ltr'><strong>bilem</strong></span> <span class='ocrx_word' id='word_1_721' title='bbox 2381 3066 2752 3132; x_wconf 86' lang='lat' dir='ltr'><strong>tnansuefacit,</strong></span> <span class='ocrx_word' id='word_1_722' title='bbox 2798 3077 2853 3121; x_wconf 91' lang='lat' dir='ltr'><strong>et</strong></span> <span class='ocrx_word' id='word_1_723' title='bbox 2884 3082 3099 3122; x_wconf 91' lang='lat' dir='ltr'><strong>omnem</strong></span> <span class='ocrx_word' id='word_1_724' title='bbox 3126 3068 3174 3122; x_wconf 88' lang='lat' dir='ltr'><strong>ei</strong></span> <span class='ocrx_word' id='word_1_725' title='bbox 3196 3066 3472 3121; x_wconf 87' lang='lat' dir='ltr'><strong>electionis</strong></span> <span class='ocrx_word' id='word_1_726' title='bbox 3508 3082 3607 3136; x_wconf 92' lang='lat' dir='ltr'><strong>po-</strong></span> 
     </span>
    </p>
   </div>
   <div class='ocr_carea' id='block_1_92' title="bbox 2024 3155 3605 3227">
    <p class='ocr_par' dir='ltr' id='par_1_92' title="bbox 2024 3155 3605 3227">
     <span class='ocr_line' id='line_1_92' title="bbox 2024 3155 3605 3227; baseline 0 -16"><span class='ocrx_word' id='word_1_727' title='bbox 2024 3164 2271 3211; x_wconf 87' lang='lat' dir='ltr'><strong>testatem</strong></span> <span class='ocrx_word' id='word_1_728' title='bbox 2310 3155 2420 3224; x_wconf 90' lang='lat' dir='ltr'><strong>dat,</strong></span> <span class='ocrx_word' id='word_1_729' title='bbox 2454 3158 2807 3227; x_wconf 85' lang='lat' dir='ltr'><strong>proponitque</strong></span> <span class='ocrx_word' id='word_1_730' title='bbox 2843 3172 3058 3212; x_wconf 89' lang='lat' dir='ltr'><strong>omnem</strong></span> <span class='ocrx_word' id='word_1_731' title='bbox 3090 3166 3312 3224; x_wconf 88' lang='lat' dir='ltr'><strong>terram,</strong></span> <span class='ocrx_word' id='word_1_732' title='bbox 3347 3172 3411 3212; x_wconf 89' lang='lat' dir='ltr'><strong>ac</strong></span> <span class='ocrx_word' id='word_1_733' title='bbox 3442 3156 3605 3213; x_wconf 88' lang='lat' dir='ltr'><strong>dicit:</strong></span> 
     </span>
    </p>
   </div>
   <div class='ocr_carea' id='block_1_93' title="bbox 2023 3246 3611 3317">
    <p class='ocr_par' dir='ltr' id='par_1_93' title="bbox 2023 3246 3611 3317">
     <span class='ocr_line' id='line_1_93' title="bbox 2023 3246 3611 3317; baseline 0.001 -16"><span class='ocrx_word' id='word_1_734' title='bbox 2023 3246 2155 3302; x_wconf 85' lang='lat' dir='ltr'><strong>Ecce</strong></span> <span class='ocrx_word' id='word_1_735' title='bbox 2171 3265 2339 3302; x_wconf 87' lang='lat' dir='ltr'><strong>annon</strong></span> <span class='ocrx_word' id='word_1_736' title='bbox 2366 3249 2527 3302; x_wconf 87' lang='lat' dir='ltr'><strong>omnis</strong></span> <span class='ocrx_word' id='word_1_737' title='bbox 2552 3258 2684 3303; x_wconf 86' lang='lat' dir='ltr'><strong>terra</strong></span> <span class='ocrx_word' id='word_1_738' title='bbox 2708 3265 2878 3302; x_wconf 87' lang='lat' dir='ltr'><strong>coram</strong></span> <span class='ocrx_word' id='word_1_739' title='bbox 2906 3250 2993 3303; x_wconf 82' lang='lat' dir='ltr'><strong>te?</strong></span> <span class='ocrx_word' id='word_1_740' title='bbox 3016 3249 3199 3315; x_wconf 80' lang='lat' dir='ltr'><strong>Quam</strong></span> <span class='ocrx_word' id='word_1_741' title='bbox 3214 3249 3315 3315; x_wconf 85' lang='lat' dir='ltr'><strong>vis,</strong></span> <span class='ocrx_word' id='word_1_742' title='bbox 3348 3248 3485 3317; x_wconf 87' lang='lat' dir='ltr'><strong>elige</strong></span> <span class='ocrx_word' id='word_1_743' title='bbox 3509 3266 3522 3302; x_wconf 95' lang='lat'><strong>:</strong></span> <span class='ocrx_word' id='word_1_744' title='bbox 3554 3258 3611 3303; x_wconf 87' lang='lat' dir='ltr'><strong>et</strong></span> 
     </span>
    </p>
   </div>
   <div class='ocr_carea' id='block_1_94' title="bbox 2022 3340 3609 3413">
    <p class='ocr_par' dir='ltr' id='par_1_94' title="bbox 2022 3340 3609 3413">
     <span class='ocr_line' id='line_1_94' title="bbox 2022 3340 3609 3413; baseline -0.002 -17"><span class='ocrx_word' id='word_1_745' title='bbox 2022 3356 2139 3411; x_wconf 90' lang='lat' dir='ltr'><strong>ego,</strong></span> <span class='ocrx_word' id='word_1_746' title='bbox 2155 3357 2310 3412; x_wconf 89' lang='lat' dir='ltr'><strong>quam</strong></span> <span class='ocrx_word' id='word_1_747' title='bbox 2323 3352 2377 3396; x_wconf 93' lang='lat' dir='ltr'><strong>tu</strong></span> <span class='ocrx_word' id='word_1_748' title='bbox 2398 3342 2697 3412; x_wconf 89' lang='lat' dir='ltr'><strong>reliqueris,</strong></span> <span class='ocrx_word' id='word_1_749' title='bbox 2717 3357 2903 3413; x_wconf 88' lang='lat' dir='ltr'><strong>magna</strong></span> <span class='ocrx_word' id='word_1_750' title='bbox 2918 3357 3037 3396; x_wconf 91' lang='lat' dir='ltr'><strong>cum</strong></span> <span class='ocrx_word' id='word_1_751' title='bbox 3055 3344 3321 3413; x_wconf 84' lang='lat' dir='ltr'><strong>voluptate</strong></span> <span class='ocrx_word' id='word_1_752' title='bbox 3334 3340 3609 3412; x_wconf 84' lang='lat' dir='ltr'><strong>accipiam.</strong></span> 
     </span>
    </p>
   </div>
   <div class='ocr_carea' id='block_1_95' title="bbox 2024 3431 3614 3503">
    <p class='ocr_par' dir='ltr' id='par_1_95' title="bbox 2024 3431 3614 3503">
     <span class='ocr_line' id='line_1_95' title="bbox 2024 3431 3614 3503; baseline 0.001 -18"><span class='ocrx_word' id='word_1_753' title='bbox 2024 3431 2209 3501; x_wconf 85' lang='lat' dir='ltr'><strong>Magna</strong></span> <span class='ocrx_word' id='word_1_754' title='bbox 2241 3442 2324 3486; x_wconf 91' lang='lat' dir='ltr'><strong>est</strong></span> <span class='ocrx_word' id='word_1_755' title='bbox 2346 3432 2476 3501; x_wconf 88' lang='lat' dir='ltr'><strong>justi</strong></span> <span class='ocrx_word' id='word_1_756' title='bbox 2520 3432 2676 3502; x_wconf 88' lang='lat' dir='ltr'><strong>hujus</strong></span> <span class='ocrx_word' id='word_1_757' title='bbox 2716 3432 3074 3503; x_wconf 85' lang='lat' dir='ltr'><strong>philosophia.</strong></span> <span class='ocrx_word' id='word_1_758' title='bbox 3107 3433 3226 3487; x_wconf 87' lang='lat' dir='ltr'><strong>Non</strong></span> <span class='ocrx_word' id='word_1_759' title='bbox 3260 3433 3373 3487; x_wconf 89' lang='lat' dir='ltr'><strong>vult</strong></span> <span class='ocrx_word' id='word_1_760' title='bbox 3396 3432 3614 3487; x_wconf 89' lang='lat' dir='ltr'><strong>oumino</strong></span> 
     </span>
    </p>
   </div>
   <div class='ocr_carea' id='block_1_96' title="bbox 2024 3525 3614 3596">
    <p class='ocr_par' dir='ltr' id='par_1_96' title="bbox 2024 3525 3614 3596">
     <span class='ocr_line' id='line_1_96' title="bbox 2024 3525 3614 3596; baseline 0 -17"><span class='ocrx_word' id='word_1_761' title='bbox 2024 3539 2289 3580; x_wconf 90' lang='lat' dir='ltr'><strong>onerosus</strong></span> <span class='ocrx_word' id='word_1_762' title='bbox 2333 3541 2453 3580; x_wconf 91' lang='lat' dir='ltr'><strong>esse</strong></span> <span class='ocrx_word' id='word_1_763' title='bbox 2494 3525 2673 3580; x_wconf 88' lang='lat' dir='ltr'><strong>fratris</strong></span> <span class='ocrx_word' id='word_1_764' title='bbox 2714 3526 2859 3591; x_wconf 82' lang='lat' dir='ltr'><strong>lilio;</strong></span> <span class='ocrx_word' id='word_1_765' title='bbox 2892 3526 3043 3596; x_wconf 82' lang='lat' dir='ltr'><strong>quasi</strong></span> <span class='ocrx_word' id='word_1_766' title='bbox 3071 3526 3309 3581; x_wconf 89' lang='lat' dir='ltr'><strong>diceret:</strong></span> <span class='ocrx_word' id='word_1_767' title='bbox 3352 3525 3614 3594; x_wconf 84' lang='lat' dir='ltr'><strong>Quoniam</strong></span> 
     </span>
    </p>
   </div>
   <div class='ocr_carea' id='block_1_97' title="bbox 2024 3615 3613 3687">
    <p class='ocr_par' dir='ltr' id='par_1_97' title="bbox 2024 3615 3613 3687">
     <span class='ocr_line' id='line_1_97' title="bbox 2024 3615 3613 3687; baseline -0.001 -17"><span class='ocrx_word' id='word_1_768' title='bbox 2024 3615 2079 3671; x_wconf 89' lang='lat' dir='ltr'><strong>id</strong></span> <span class='ocrx_word' id='word_1_769' title='bbox 2115 3615 2258 3686; x_wconf 91' lang='lat' dir='ltr'><strong>quod</strong></span> <span class='ocrx_word' id='word_1_770' title='bbox 2304 3616 2554 3670; x_wconf 90' lang='lat' dir='ltr'><strong>nolebam</strong></span> <span class='ocrx_word' id='word_1_771' title='bbox 2599 3616 2811 3682; x_wconf 91' lang='lat' dir='ltr'><strong>accidit,</strong></span> <span class='ocrx_word' id='word_1_772' title='bbox 2843 3632 2948 3687; x_wconf 89' lang='lat' dir='ltr'><strong>quo</strong></span> <span class='ocrx_word' id='word_1_773' title='bbox 2982 3624 3195 3671; x_wconf 91' lang='lat' dir='ltr'><strong>cessent</strong></span> <span class='ocrx_word' id='word_1_774' title='bbox 3222 3615 3613 3679; x_wconf 81' lang='lat' dir='ltr'><strong>contentiones,</strong></span> 
     </span>
    </p>
   </div>
   <div class='ocr_carea' id='block_1_98' title="bbox 2026 3704 3615 3776">
    <p class='ocr_par' dir='ltr' id='par_1_98' title="bbox 2026 3704 3615 3776">
     <span class='ocr_line' id='line_1_98' title="bbox 2026 3704 3615 3776; baseline -0.003 -15"><span class='ocrx_word' id='word_1_775' title='bbox 2026 3707 2388 3761; x_wconf 89' lang='lat' dir='ltr'><strong>necessarium</strong></span> <span class='ocrx_word' id='word_1_776' title='bbox 2429 3715 2513 3761; x_wconf 88' lang='lat' dir='ltr'><strong>est</strong></span> <span class='ocrx_word' id='word_1_777' title='bbox 2554 3716 2609 3761; x_wconf 93' lang='lat' dir='ltr'><strong>ut</strong></span> <span class='ocrx_word' id='word_1_778' title='bbox 2647 3721 2994 3776; x_wconf 87' lang='lat' dir='ltr'><strong>separemur:</strong></span> <span class='ocrx_word' id='word_1_779' title='bbox 3037 3714 3318 3775; x_wconf 86' lang='lat' dir='ltr'><strong>propterea</strong></span> <span class='ocrx_word' id='word_1_780' title='bbox 3354 3714 3405 3760; x_wconf 91' lang='lat' dir='ltr'><strong>te</strong></span> <span class='ocrx_word' id='word_1_781' title='bbox 3442 3704 3615 3759; x_wconf 89' lang='lat' dir='ltr'><strong>domi-</strong></span> 
     </span>
    </p>
   </div>
   <div class='ocr_carea' id='block_1_99' title="bbox 2027 3796 3615 3861">
    <p class='ocr_par' dir='ltr' id='par_1_99' title="bbox 2027 3796 3615 3861">
     <span class='ocr_line' id='line_1_99' title="bbox 2027 3796 3615 3861; baseline -0.004 -5"><span class='ocrx_word' id='word_1_782' title='bbox 2027 3817 2156 3856; x_wconf 89' lang='lat' dir='ltr'><strong>num</strong></span> <span class='ocrx_word' id='word_1_783' title='bbox 2182 3800 2462 3856; x_wconf 91' lang='lat' dir='ltr'><strong>electionis</strong></span> <span class='ocrx_word' id='word_1_784' title='bbox 2490 3808 2546 3855; x_wconf 91' lang='lat' dir='ltr'><strong>et</strong></span> <span class='ocrx_word' id='word_1_785' title='bbox 2573 3798 2831 3853; x_wconf 91' lang='lat' dir='ltr'><strong>arbitrum</strong></span> <span class='ocrx_word' id='word_1_786' title='bbox 2858 3798 3163 3861; x_wconf 88' lang='lat' dir='ltr'><strong>constituo;</strong></span> <span class='ocrx_word' id='word_1_787' title='bbox 3199 3806 3252 3851; x_wconf 91' lang='lat' dir='ltr'><strong>et</strong></span> <span class='ocrx_word' id='word_1_788' title='bbox 3274 3811 3487 3851; x_wconf 92' lang='lat' dir='ltr'><strong>omnem</strong></span> <span class='ocrx_word' id='word_1_789' title='bbox 3522 3796 3615 3850; x_wconf 91' lang='lat' dir='ltr'><strong>tibi</strong></span> 
     </span>
    </p>
   </div>
   <div class='ocr_carea' id='block_1_100' title="bbox 2029 3887 3617 3962">
    <p class='ocr_par' dir='ltr' id='par_1_100' title="bbox 2029 3887 3617 3962">
     <span class='ocr_line' id='line_1_100' title="bbox 2029 3887 3617 3962; baseline -0.005 -15"><span class='ocrx_word' id='word_1_790' title='bbox 2029 3900 2347 3962; x_wconf 87' lang='lat' dir='ltr'><strong>potestatem</strong></span> <span class='ocrx_word' id='word_1_791' title='bbox 2389 3891 2480 3956; x_wconf 93' lang='lat' dir='ltr'><strong>do,</strong></span> <span class='ocrx_word' id='word_1_792' title='bbox 2508 3887 2566 3943; x_wconf 81' lang='lat' dir='ltr'><strong>tit</strong></span> <span class='ocrx_word' id='word_1_793' title='bbox 2592 3898 2789 3944; x_wconf 88' lang='lat' dir='ltr'><strong>terram</strong></span> <span class='ocrx_word' id='word_1_794' title='bbox 2834 3891 3009 3958; x_wconf 84' lang='lat' dir='ltr'><strong>quam&#39;</strong></span> <span class='ocrx_word' id='word_1_795' title='bbox 3036 3888 3312 3942; x_wconf 92' lang='lat' dir='ltr'><strong>meliorem</strong></span> <span class='ocrx_word' id='word_1_796' title='bbox 3341 3900 3531 3941; x_wconf 89' lang='lat' dir='ltr'><strong>censes</strong></span> <span class='ocrx_word' id='word_1_797' title='bbox 3561 3895 3617 3939; x_wconf 91' lang='lat' dir='ltr'><strong>tu</strong></span> 
     </span>
    </p>
   </div>
   <div class='ocr_carea' id='block_1_101' title="bbox 2029 3977 3618 4056">
    <p class='ocr_par' dir='ltr' id='par_1_101' title="bbox 2029 3977 3618 4056">
     <span class='ocr_line' id='line_1_101' title="bbox 2029 3977 3618 4056; baseline -0.006 -16"><span class='ocrx_word' id='word_1_798' title='bbox 2029 3985 2215 4056; x_wconf 87' lang='lat' dir='ltr'><strong>eligas,</strong></span> <span class='ocrx_word' id='word_1_799' title='bbox 2256 3993 2311 4039; x_wconf 91' lang='lat' dir='ltr'><strong>et</strong></span> <span class='ocrx_word' id='word_1_800' title='bbox 2354 3983 2614 4053; x_wconf 89' lang='lat' dir='ltr'><strong>reliquam</strong></span> <span class='ocrx_word' id='word_1_801' title='bbox 2656 3982 2801 4036; x_wconf 88' lang='lat' dir='ltr'><strong>sinas</strong></span> <span class='ocrx_word' id='word_1_802' title='bbox 2829 3995 2947 4035; x_wconf 89' lang='lat' dir='ltr'><strong>esse</strong></span> <span class='ocrx_word' id='word_1_803' title='bbox 2981 3994 3176 4034; x_wconf 90' lang='lat' dir='ltr'><strong>meam.</strong></span> <span class='ocrx_word' id='word_1_804' title='bbox 3205 3977 3340 4032; x_wconf 90' lang='lat' dir='ltr'><strong>Num</strong></span> <span class='ocrx_word' id='word_1_805' title='bbox 3372 3977 3474 4032; x_wconf 91' lang='lat' dir='ltr'><strong>hoc</strong></span> <span class='ocrx_word' id='word_1_806' title='bbox 3497 3978 3618 4048; x_wconf 86' lang='lat' dir='ltr'><strong>quis</strong></span> 
     </span>
    </p>
   </div>
   <div class='ocr_carea' id='block_1_102' title="bbox 2029 4069 3610 4148">
    <p class='ocr_par' dir='ltr' id='par_1_102' title="bbox 2029 4069 3610 4148">
     <span class='ocr_line' id='line_1_102' title="bbox 2029 4069 3610 4148; baseline -0.007 -16"><span class='ocrx_word' id='word_1_807' title='bbox 2029 4093 2279 4148; x_wconf 91' lang='lat' dir='ltr'><strong>umquam</strong></span> <span class='ocrx_word' id='word_1_808' title='bbox 2320 4076 2540 4147; x_wconf 67' lang='lat' dir='ltr'><strong>aequalis</strong></span> <span class='ocrx_word' id='word_1_809' title='bbox 2573 4074 2743 4129; x_wconf 63' lang='lat' dir='ltr'><strong>aetatis</strong></span> <span class='ocrx_word' id='word_1_810' title='bbox 2778 4073 2928 4127; x_wconf 90' lang='lat' dir='ltr'><strong>fratri</strong></span> <span class='ocrx_word' id='word_1_811' title='bbox 2963 4071 3263 4126; x_wconf 91' lang='lat' dir='ltr'><strong>faciendum</strong></span> <span class='ocrx_word' id='word_1_812' title='bbox 3301 4070 3530 4134; x_wconf 89' lang='lat' dir='ltr'><strong>censuit,</strong></span> <span class='ocrx_word' id='word_1_813' title='bbox 3560 4069 3610 4122; x_wconf 76' lang='lat' dir='ltr'><strong>itl</strong></span> 
     </span>
    </p>
   </div>
   <div class='ocr_carea' id='block_1_103' title="bbox 2030 4159 3620 4238">
    <p class='ocr_par' dir='ltr' id='par_1_103' title="bbox 2030 4159 3620 4238">
     <span class='ocr_line' id='line_1_103' title="bbox 2030 4159 3620 4238; baseline -0.007 -16"><span class='ocrx_word' id='word_1_814' title='bbox 2030 4168 2172 4238; x_wconf 90' lang='lat' dir='ltr'><strong>quod</strong></span> <span class='ocrx_word' id='word_1_815' title='bbox 2200 4167 2378 4222; x_wconf 86' lang='lat' dir='ltr'><strong>fratris</strong></span> <span class='ocrx_word' id='word_1_816' title='bbox 2411 4167 2521 4220; x_wconf 84' lang='lat' dir='ltr'><strong>ﬁlio</strong></span> <span class='ocrx_word' id='word_1_817' title='bbox 2550 4164 2891 4236; x_wconf 86' lang='lat' dir='ltr'><strong>patriarcha?</strong></span> <span class='ocrx_word' id='word_1_818' title='bbox 2927 4162 3058 4217; x_wconf 87' lang='lat' dir='ltr'><strong>Nam</strong></span> <span class='ocrx_word' id='word_1_819' title='bbox 3089 4162 3132 4215; x_wconf 90' lang='lat' dir='ltr'><strong>si</strong></span> <span class='ocrx_word' id='word_1_820' title='bbox 3165 4161 3278 4232; x_wconf 86' lang='lat' dir='ltr'><strong>ipse</strong></span> <span class='ocrx_word' id='word_1_821' title='bbox 3307 4160 3439 4214; x_wconf 87' lang='lat' dir='ltr'><strong>facta</strong></span> <span class='ocrx_word' id='word_1_822' title='bbox 3471 4159 3620 4229; x_wconf 86' lang='lat' dir='ltr'><strong>prius</strong></span> 
     </span>
    </p>
   </div>
   <div class='ocr_carea' id='block_1_104' title="bbox 2030 4254 3615 4329">
    <p class='ocr_par' dir='ltr' id='par_1_104' title="bbox 2030 4254 3615 4329">
     <span class='ocr_line' id='line_1_104' title="bbox 2030 4254 3615 4329; baseline -0.006 -14"><span class='ocrx_word' id='word_1_823' title='bbox 2030 4261 2294 4315; x_wconf 90' lang='lat' dir='ltr'><strong>electione</strong></span> <span class='ocrx_word' id='word_1_824' title='bbox 2323 4259 2549 4329; x_wconf 91' lang='lat' dir='ltr'><strong>primum</strong></span> <span class='ocrx_word' id='word_1_825' title='bbox 2572 4259 2745 4313; x_wconf 92' lang='lat' dir='ltr'><strong>locum</strong></span> <span class='ocrx_word' id='word_1_826' title='bbox 2773 4257 2874 4310; x_wconf 89' lang='lat' dir='ltr'><strong>sibi</strong></span> <span class='ocrx_word' id='word_1_827' title='bbox 2906 4262 3195 4320; x_wconf 80' lang='lat' dir='ltr'><strong>servasset,</strong></span> <span class='ocrx_word' id='word_1_828' title='bbox 3227 4254 3615 4308; x_wconf 81' lang='lat' dir='ltr'><strong>concessisset-</strong></span> 
     </span>
    </p>
   </div>
   <div class='ocr_carea' id='block_1_105' title="bbox 2031 4345 3619 4425">
    <p class='ocr_par' dir='ltr' id='par_1_105' title="bbox 2031 4345 3619 4425">
     <span class='ocr_line' id='line_1_105' title="bbox 2031 4345 3619 4425; baseline -0.008 -14"><span class='ocrx_word' id='word_1_829' title='bbox 2031 4371 2134 4425; x_wconf 91' lang='lat' dir='ltr'><strong>que</strong></span> <span class='ocrx_word' id='word_1_830' title='bbox 2151 4355 2225 4410; x_wconf 90' lang='lat' dir='ltr'><strong>illi</strong></span> <span class='ocrx_word' id='word_1_831' title='bbox 2250 4353 2476 4423; x_wconf 87' lang='lat' dir='ltr'><strong>reliqua,</strong></span> <span class='ocrx_word' id='word_1_832' title='bbox 2502 4367 2680 4407; x_wconf 91' lang='lat' dir='ltr'><strong>nonne</strong></span> <span class='ocrx_word' id='word_1_833' title='bbox 2705 4360 2761 4405; x_wconf 93' lang='lat' dir='ltr'><strong>et</strong></span> <span class='ocrx_word' id='word_1_834' title='bbox 2786 4349 2888 4404; x_wconf 91' lang='lat' dir='ltr'><strong>hoc</strong></span> <span class='ocrx_word' id='word_1_835' title='bbox 2912 4357 3067 4419; x_wconf 88' lang='lat' dir='ltr'><strong>pacto</strong></span> <span class='ocrx_word' id='word_1_836' title='bbox 3097 4363 3346 4418; x_wconf 89' lang='lat' dir='ltr'><strong>magnum</strong></span> <span class='ocrx_word' id='word_1_837' title='bbox 3368 4345 3619 4416; x_wconf 88' lang='lat' dir='ltr'><strong>quiddam</strong></span> 
     </span>
    </p>
   </div>
   <div class='ocr_carea' id='block_1_106' title="bbox 2035 4438 3615 4514">
    <p class='ocr_par' dir='ltr' id='par_1_106' title="bbox 2035 4438 3615 4514">
     <span class='ocr_line' id='line_1_106' title="bbox 2035 4438 3615 4514; baseline -0.006 -13"><span class='ocrx_word' id='word_1_838' title='bbox 2035 4445 2289 4501; x_wconf 86' lang='lat' dir='ltr'><strong>fecisset?</strong></span> <span class='ocrx_word' id='word_1_839' title='bbox 2323 4448 2390 4498; x_wconf 83' lang='lat' dir='ltr'><strong>At</strong></span> <span class='ocrx_word' id='word_1_840' title='bbox 2421 4443 2647 4514; x_wconf 87' lang='lat' dir='ltr'><strong>ingentis</strong></span> <span class='ocrx_word' id='word_1_841' title='bbox 2673 4442 2884 4496; x_wconf 86' lang='lat' dir='ltr'><strong>virtutis</strong></span> <span class='ocrx_word' id='word_1_842' title='bbox 2905 4456 3014 4496; x_wconf 72' lang='lat' dir='ltr'><strong>sum</strong></span> <span class='ocrx_word' id='word_1_843' title='bbox 3040 4440 3310 4509; x_wconf 80' lang='lat' dir='ltr'><strong>Specimen</strong></span> <span class='ocrx_word' id='word_1_844' title='bbox 3337 4438 3615 4502; x_wconf 86' lang='lat' dir='ltr'><strong>exhibere,</strong></span> 
     </span>
    </p>
   </div>
   <div class='ocr_carea' id='block_1_107' title="bbox 2033 4531 3617 4606">
    <p class='ocr_par' dir='ltr' id='par_1_107' title="bbox 2033 4531 3617 4606">
     <span class='ocr_line' id='line_1_107' title="bbox 2033 4531 3617 4606; baseline -0.006 -13"><span class='ocrx_word' id='word_1_845' title='bbox 2033 4549 2089 4594; x_wconf 93' lang='lat' dir='ltr'><strong>et</strong></span> <span class='ocrx_word' id='word_1_846' title='bbox 2116 4538 2439 4593; x_wconf 90' lang='lat' dir='ltr'><strong>desiderium</strong></span> <span class='ocrx_word' id='word_1_847' title='bbox 2460 4534 2670 4606; x_wconf 90' lang='lat' dir='ltr'><strong>juvenis</strong></span> <span class='ocrx_word' id='word_1_848' title='bbox 2690 4535 2905 4605; x_wconf 87' lang='lat' dir='ltr'><strong>explere</strong></span> <span class='ocrx_word' id='word_1_849' title='bbox 2929 4534 3164 4598; x_wconf 89' lang='lat' dir='ltr'><strong>volebat,</strong></span> <span class='ocrx_word' id='word_1_850' title='bbox 3198 4533 3269 4586; x_wconf 91' lang='lat' dir='ltr'><strong>ita</strong></span> <span class='ocrx_word' id='word_1_851' title='bbox 3291 4540 3348 4587; x_wconf 92' lang='lat' dir='ltr'><strong>ut</strong></span> <span class='ocrx_word' id='word_1_852' title='bbox 3378 4531 3522 4585; x_wconf 86' lang='lat' dir='ltr'><strong>nulla</strong></span> <span class='ocrx_word' id='word_1_853' title='bbox 3551 4547 3617 4584; x_wconf 81' lang='lat' dir='ltr'><strong>ex</strong></span> 
     </span>
    </p>
   </div>
   <div class='ocr_carea' id='block_1_108' title="bbox 2033 4623 3621 4703">
    <p class='ocr_par' dir='ltr' id='par_1_108' title="bbox 2033 4623 3621 4703">
     <span class='ocr_line' id='line_1_108' title="bbox 2033 4623 3621 4703; baseline -0.006 -16"><span class='ocrx_word' id='word_1_854' title='bbox 2033 4632 2373 4703; x_wconf 88' lang='lat' dir='ltr'><strong>separatione</strong></span> <span class='ocrx_word' id='word_1_855' title='bbox 2419 4637 2732 4685; x_wconf 88' lang='lat' dir='ltr'><strong>nasceretur</strong></span> <span class='ocrx_word' id='word_1_856' title='bbox 2777 4628 3027 4683; x_wconf 73' lang='lat' dir='ltr'><strong>maeroris</strong></span> <span class='ocrx_word' id='word_1_857' title='bbox 3074 4625 3327 4689; x_wconf 88' lang='lat' dir='ltr'><strong>occasio,</strong></span> <span class='ocrx_word' id='word_1_858' title='bbox 3376 4624 3517 4677; x_wconf 92' lang='lat' dir='ltr'><strong>unde</strong></span> <span class='ocrx_word' id='word_1_859' title='bbox 3569 4623 3621 4678; x_wconf 85' lang='lat' dir='ltr'><strong>ei</strong></span> 
     </span>
    </p>
   </div>
   <div class='ocr_carea' id='block_1_109' title="bbox 2035 4717 3619 4795">
    <p class='ocr_par' dir='ltr' id='par_1_109' title="bbox 2035 4717 3619 4795">
     <span class='ocr_line' id='line_1_109' title="bbox 2035 4717 3619 4795; baseline -0.01 -15"><span class='ocrx_word' id='word_1_860' title='bbox 2035 4725 2307 4795; x_wconf 81' lang='lat' dir='ltr'><strong>preposita</strong></span> <span class='ocrx_word' id='word_1_861' title='bbox 2338 4731 2601 4794; x_wconf 88' lang='lat' dir='ltr'><strong>potestate</strong></span> <span class='ocrx_word' id='word_1_862' title='bbox 2629 4720 2799 4787; x_wconf 91' lang='lat' dir='ltr'><strong>omni,</strong></span> <span class='ocrx_word' id='word_1_863' title='bbox 2827 4719 2993 4774; x_wconf 89' lang='lat' dir='ltr'><strong>dicit:</strong></span> <span class='ocrx_word' id='word_1_864' title='bbox 3024 4717 3154 4772; x_wconf 84' lang='lat' dir='ltr'><strong>Ecce</strong></span> <span class='ocrx_word' id='word_1_865' title='bbox 3188 4718 3350 4770; x_wconf 87' lang='lat' dir='ltr'><strong>omnis</strong></span> <span class='ocrx_word' id='word_1_866' title='bbox 3373 4725 3504 4768; x_wconf 87' lang='lat' dir='ltr'><strong>terra</strong></span> <span class='ocrx_word' id='word_1_867' title='bbox 3530 4729 3619 4765; x_wconf 77' lang='lat' dir='ltr'><strong>co-</strong></span> 
     </span>
    </p>
   </div>
   <div class='ocr_carea' id='block_1_110' title="bbox 2033 4809 3620 4887">
    <p class='ocr_par' dir='ltr' id='par_1_110' title="bbox 2033 4809 3620 4887">
     <span class='ocr_line' id='line_1_110' title="bbox 2033 4809 3620 4887; baseline -0.007 -15"><span class='ocrx_word' id='word_1_868' title='bbox 2033 4836 2143 4872; x_wconf 87' lang='lat' dir='ltr'><strong>ram</strong></span> <span class='ocrx_word' id='word_1_869' title='bbox 2181 4828 2268 4872; x_wconf 88' lang='lat' dir='ltr'><strong>te:</strong></span> <span class='ocrx_word' id='word_1_870' title='bbox 2310 4831 2547 4887; x_wconf 87' lang='lat' dir='ltr'><strong>separare</strong></span> <span class='ocrx_word' id='word_1_871' title='bbox 2582 4832 2613 4868; x_wconf 90' lang='lat' dir='ltr'><strong>a</strong></span> <span class='ocrx_word' id='word_1_872' title='bbox 2650 4830 2750 4878; x_wconf 86' lang='lat' dir='ltr'><strong>me,</strong></span> <span class='ocrx_word' id='word_1_873' title='bbox 2794 4820 2851 4869; x_wconf 89' lang='lat' dir='ltr'><strong>et</strong></span> <span class='ocrx_word' id='word_1_874' title='bbox 2886 4811 3096 4881; x_wconf 89' lang='lat' dir='ltr'><strong>qualem</strong></span> <span class='ocrx_word' id='word_1_875' title='bbox 3135 4809 3367 4863; x_wconf 85' lang='lat' dir='ltr'><strong>volueris</strong></span> <span class='ocrx_word' id='word_1_876' title='bbox 3420 4817 3620 4862; x_wconf 83' lang='lat' dir='ltr'><strong>terram</strong></span> 
     </span>
    </p>
   </div>
   <div class='ocr_carea' id='block_1_111' title="bbox 2036 4904 3610 4981">
    <p class='ocr_par' dir='ltr' id='par_1_111' title="bbox 2036 4904 3610 4981">
     <span class='ocr_line' id='line_1_111' title="bbox 2036 4904 3610 4981; baseline -0.008 -15"><span class='ocrx_word' id='word_1_877' title='bbox 2036 4912 2193 4981; x_wconf 86' lang='lat' dir='ltr'><strong>elige.</strong></span> <span class='ocrx_word' id='word_1_878' title='bbox 2223 4908 2511 4979; x_wconf 86' lang='lat' dir='ltr'><strong>Oportebat</strong></span> <span class='ocrx_word' id='word_1_879' title='bbox 2537 4907 2697 4977; x_wconf 89' lang='lat' dir='ltr'><strong>igitur</strong></span> <span class='ocrx_word' id='word_1_880' title='bbox 2723 4905 2903 4960; x_wconf 89' lang='lat' dir='ltr'><strong>fratris</strong></span> <span class='ocrx_word' id='word_1_881' title='bbox 2931 4904 3117 4968; x_wconf 84' lang='lat' dir='ltr'><strong>filium,</strong></span> <span class='ocrx_word' id='word_1_882' title='bbox 3145 4917 3265 4956; x_wconf 92' lang='lat' dir='ltr'><strong>cum</strong></span> <span class='ocrx_word' id='word_1_883' title='bbox 3298 4909 3497 4955; x_wconf 89' lang='lat' dir='ltr'><strong>tantam</strong></span> <span class='ocrx_word' id='word_1_884' title='bbox 3519 4915 3610 4954; x_wconf 84' lang='lat' dir='ltr'><strong>cx-</strong></span> 
     </span>
    </p>
   </div>
   <div class='ocr_carea' id='block_1_112' title="bbox 2039 4991 3623 5071">
    <p class='ocr_par' dir='ltr' id='par_1_112' title="bbox 2039 4991 3623 5071">
     <span class='ocr_line' id='line_1_112' title="bbox 2039 4991 3623 5071; baseline -0.008 -14"><span class='ocrx_word' id='word_1_885' title='bbox 2039 5002 2305 5071; x_wconf 85' lang='lat' dir='ltr'><strong>periretur</strong></span> <span class='ocrx_word' id='word_1_886' title='bbox 2345 5001 2649 5068; x_wconf 78' lang='lat' dir='ltr'><strong>aequitatem</strong></span> <span class='ocrx_word' id='word_1_887' title='bbox 2691 4995 3046 5067; x_wconf 69' lang='lat' dir='ltr'><strong>patriarchaa.</strong></span> <span class='ocrx_word' id='word_1_888' title='bbox 3105 5007 3284 5061; x_wconf 88' lang='lat' dir='ltr'><strong>parem</strong></span> <span class='ocrx_word' id='word_1_889' title='bbox 3324 4991 3623 5062; x_wconf 86' lang='lat' dir='ltr'><strong>rependere</strong></span> 
     </span>
    </p>
   </div>
   <div class='ocr_carea' id='block_1_113' title="bbox 2038 5084 3618 5160">
    <p class='ocr_par' dir='ltr' id='par_1_113' title="bbox 2038 5084 3618 5160">
     <span class='ocr_line' id='line_1_113' title="bbox 2038 5084 3618 5160; baseline -0.008 -11"><span class='ocrx_word' id='word_1_890' title='bbox 2038 5094 2324 5158; x_wconf 90' lang='lat' dir='ltr'><strong>honorem,</strong></span> <span class='ocrx_word' id='word_1_891' title='bbox 2353 5091 2479 5146; x_wconf 90' lang='lat' dir='ltr'><strong>etei</strong></span> <span class='ocrx_word' id='word_1_892' title='bbox 2504 5090 2679 5160; x_wconf 91' lang='lat' dir='ltr'><strong>potius</strong></span> <span class='ocrx_word' id='word_1_893' title='bbox 2709 5089 2927 5143; x_wconf 88' lang='lat' dir='ltr'><strong>liberam</strong></span> <span class='ocrx_word' id='word_1_894' title='bbox 2952 5089 3270 5141; x_wconf 85' lang='lat' dir='ltr'><strong>electionem</strong></span> <span class='ocrx_word' id='word_1_895' title='bbox 3300 5084 3618 5139; x_wconf 80' lang='lat' dir='ltr'><strong>concedere.</strong></span> 
     </span>
    </p>
   </div>
   <div class='ocr_carea' id='block_1_114' title="bbox 2036 5175 3625 5241">
    <p class='ocr_par' dir='ltr' id='par_1_114' title="bbox 2036 5175 3625 5241">
     <span class='ocr_line' id='line_1_114' title="bbox 2036 5175 3625 5241; baseline -0.007 -1"><span class='ocrx_word' id='word_1_896' title='bbox 2036 5182 2284 5241; x_wconf 90' lang='lat' dir='ltr'><strong>Solemus</strong></span> <span class='ocrx_word' id='word_1_897' title='bbox 2327 5182 2467 5236; x_wconf 90' lang='lat' dir='ltr'><strong>enim</strong></span> <span class='ocrx_word' id='word_1_898' title='bbox 2511 5180 2676 5234; x_wconf 87' lang='lat' dir='ltr'><strong>ferme</strong></span> <span class='ocrx_word' id='word_1_899' title='bbox 2714 5179 2889 5233; x_wconf 91' lang='lat' dir='ltr'><strong>cuncti</strong></span> <span class='ocrx_word' id='word_1_900' title='bbox 2921 5178 3183 5241; x_wconf 91' lang='lat' dir='ltr'><strong>homines,</strong></span> <span class='ocrx_word' id='word_1_901' title='bbox 3213 5177 3256 5230; x_wconf 92' lang='lat' dir='ltr'><strong>si</strong></span> <span class='ocrx_word' id='word_1_902' title='bbox 3286 5175 3625 5230; x_wconf 88' lang='lat' dir='ltr'><strong>obluctantes</strong></span> 
     </span>
    </p>
   </div>
   <div class='ocr_carea' id='block_1_115' title="bbox 2038 5267 3620 5341">
    <p class='ocr_par' dir='ltr' id='par_1_115' title="bbox 2038 5267 3620 5341">
     <span class='ocr_line' id='line_1_115' title="bbox 2038 5267 3620 5341; baseline -0.006 -12"><span class='ocrx_word' id='word_1_903' title='bbox 2038 5275 2313 5341; x_wconf 87' lang='lat' dir='ltr'><strong>videamus</strong></span> <span class='ocrx_word' id='word_1_904' title='bbox 2342 5273 2699 5336; x_wconf 84' lang='lat' dir='ltr'><strong>adversarios,</strong></span> <span class='ocrx_word' id='word_1_905' title='bbox 2724 5286 2786 5323; x_wconf 90' lang='lat' dir='ltr'><strong>ac</strong></span> <span class='ocrx_word' id='word_1_906' title='bbox 2800 5269 3188 5324; x_wconf 82' lang='lat' dir='ltr'><strong>contendentes</strong></span> <span class='ocrx_word' id='word_1_907' title='bbox 3212 5268 3265 5322; x_wconf 91' lang='lat' dir='ltr'><strong>in</strong></span> <span class='ocrx_word' id='word_1_908' title='bbox 3292 5267 3521 5337; x_wconf 90' lang='lat' dir='ltr'><strong>primum</strong></span> <span class='ocrx_word' id='word_1_909' title='bbox 3541 5267 3620 5319; x_wconf 85' lang='lat' dir='ltr'><strong>Io-</strong></span> 
     </span>
    </p>
   </div>
   <div class='ocr_carea' id='block_1_116' title="bbox 2046 5359 3621 5429">
    <p class='ocr_par' dir='ltr' id='par_1_116' title="bbox 2046 5359 3621 5429">
     <span class='ocr_line' id='line_1_116' title="bbox 2046 5359 3621 5429; baseline -0.007 -7"><span class='ocrx_word' id='word_1_910' title='bbox 2046 5375 2159 5422; x_wconf 70' lang='lat' dir='ltr'><strong>uim</strong></span> <span class='ocrx_word' id='word_1_911' title='bbox 2184 5364 2494 5429; x_wconf 90' lang='lat' dir='ltr'><strong>ascendere,</strong></span> <span class='ocrx_word' id='word_1_912' title='bbox 2529 5377 2633 5416; x_wconf 93' lang='lat' dir='ltr'><strong>non</strong></span> <span class='ocrx_word' id='word_1_913' title='bbox 2660 5361 2801 5416; x_wconf 91' lang='lat' dir='ltr'><strong>ferre</strong></span> <span class='ocrx_word' id='word_1_914' title='bbox 2827 5376 2926 5414; x_wconf 92' lang='lat' dir='ltr'><strong>nos</strong></span> <span class='ocrx_word' id='word_1_915' title='bbox 2956 5359 3236 5413; x_wconf 90' lang='lat' dir='ltr'><strong>inferiores</strong></span> <span class='ocrx_word' id='word_1_916' title='bbox 3266 5374 3405 5420; x_wconf 88' lang='lat' dir='ltr'><strong>esse,</strong></span> <span class='ocrx_word' id='word_1_917' title='bbox 3447 5372 3621 5425; x_wconf 86' lang='lat' dir='ltr'><strong>neque</strong></span> 
     </span>
    </p>
   </div>
   <div class='ocr_carea' id='block_1_117' title="bbox 2040 5448 3623 5525">
    <p class='ocr_par' dir='ltr' id='par_1_117' title="bbox 2040 5448 3623 5525">
     <span class='ocr_line' id='line_1_117' title="bbox 2040 5448 3623 5525; baseline -0.009 -10"><span class='ocrx_word' id='word_1_918' title='bbox 2040 5476 2118 5515; x_wconf 83' lang='lat' dir='ltr'><strong>ets</strong></span> <span class='ocrx_word' id='word_1_919' title='bbox 2144 5457 2374 5514; x_wconf 90' lang='lat' dir='ltr'><strong>cedere:</strong></span> <span class='ocrx_word' id='word_1_920' title='bbox 2414 5470 2549 5525; x_wconf 91' lang='lat' dir='ltr'><strong>quos</strong></span> <span class='ocrx_word' id='word_1_921' title='bbox 2586 5454 2631 5509; x_wconf 93' lang='lat' dir='ltr'><strong>si</strong></span> <span class='ocrx_word' id='word_1_922' title='bbox 2658 5454 2849 5509; x_wconf 88' lang='lat' dir='ltr'><strong>cedere</strong></span> <span class='ocrx_word' id='word_1_923' title='bbox 2887 5452 3199 5517; x_wconf 90' lang='lat' dir='ltr'><strong>viderimus,</strong></span> <span class='ocrx_word' id='word_1_924' title='bbox 3245 5459 3298 5505; x_wconf 94' lang='lat' dir='ltr'><strong>et</strong></span> <span class='ocrx_word' id='word_1_925' title='bbox 3332 5448 3623 5503; x_wconf 88' lang='lat' dir='ltr'><strong>humilibus</strong></span> 
     </span>
    </p>
   </div>
   <div class='ocr_carea' id='block_1_118' title="bbox 2038 5538 3619 5620">
    <p class='ocr_par' dir='ltr' id='par_1_118' title="bbox 2038 5538 3619 5620">
     <span class='ocr_line' id='line_1_118' title="bbox 2038 5538 3619 5620; baseline -0.008 -15"><span class='ocrx_word' id='word_1_926' title='bbox 2038 5552 2219 5607; x_wconf 87' lang='lat' dir='ltr'><strong>verbis</strong></span> <span class='ocrx_word' id='word_1_927' title='bbox 2253 5557 2569 5620; x_wconf 87' lang='lat' dir='ltr'><strong>potestatem</strong></span> <span class='ocrx_word' id='word_1_928' title='bbox 2618 5561 2833 5602; x_wconf 90' lang='lat' dir='ltr'><strong>omnem</strong></span> <span class='ocrx_word' id='word_1_929' title='bbox 2884 5544 3039 5598; x_wconf 91' lang='lat' dir='ltr'><strong>nobis</strong></span> <span class='ocrx_word' id='word_1_930' title='bbox 3090 5542 3418 5612; x_wconf 86' lang='lat' dir='ltr'><strong>permittere,</strong></span> <span class='ocrx_word' id='word_1_931' title='bbox 3468 5538 3619 5609; x_wconf 89' lang='lat' dir='ltr'><strong>quasi</strong></span> 
     </span>
    </p>
   </div>
   <div class='ocr_carea' id='block_1_119' title="bbox 2038 5631 3621 5709">
    <p class='ocr_par' dir='ltr' id='par_1_119' title="bbox 2038 5631 3621 5709">
     <span class='ocr_line' id='line_1_119' title="bbox 2038 5631 3621 5709; baseline -0.006 -13"><span class='ocrx_word' id='word_1_932' title='bbox 2038 5648 2345 5697; x_wconf 87' lang='lat' dir='ltr'><strong>reverentes</strong></span> <span class='ocrx_word' id='word_1_933' title='bbox 2368 5654 2612 5709; x_wconf 88' lang='lat' dir='ltr'><strong>magnam</strong></span> <span class='ocrx_word' id='word_1_934' title='bbox 2641 5635 3124 5701; x_wconf 88' lang='lat' dir='ltr'><strong>mansuetudinem,</strong></span> <span class='ocrx_word' id='word_1_935' title='bbox 3150 5650 3205 5688; x_wconf 85' lang='lat' dir='ltr'><strong>et</strong></span> <span class='ocrx_word' id='word_1_936' title='bbox 3223 5649 3253 5687; x_wconf 89' lang='lat' dir='ltr'><strong>a</strong></span> <span class='ocrx_word' id='word_1_937' title='bbox 3276 5631 3621 5687; x_wconf 88' lang='lat' dir='ltr'><strong>contentione</strong></span> 
     </span>
    </p>
   </div>
   <div class='ocr_carea' id='block_1_120' title="bbox 2039 5721 3622 5795">
    <p class='ocr_par' dir='ltr' id='par_1_120' title="bbox 2039 5721 3622 5795">
     <span class='ocr_line' id='line_1_120' title="bbox 2039 5721 3622 5795; baseline -0.011 -3"><span class='ocrx_word' id='word_1_938' title='bbox 2039 5733 2365 5795; x_wconf 87' lang='lat' dir='ltr'><strong>desistimus,</strong></span> <span class='ocrx_word' id='word_1_939' title='bbox 2395 5739 2451 5786; x_wconf 91' lang='lat' dir='ltr'><strong>et</strong></span> <span class='ocrx_word' id='word_1_940' title='bbox 2473 5729 2591 5785; x_wconf 92' lang='lat' dir='ltr'><strong>vice</strong></span> <span class='ocrx_word' id='word_1_941' title='bbox 2621 5742 2777 5783; x_wconf 88' lang='lat' dir='ltr'><strong>versa</strong></span> <span class='ocrx_word' id='word_1_942' title='bbox 2800 5741 3012 5781; x_wconf 87' lang='lat' dir='ltr'><strong>omnem</strong></span> <span class='ocrx_word' id='word_1_943' title='bbox 3034 5732 3351 5794; x_wconf 83' lang='lat' dir='ltr'><strong>potestatem</strong></span> <span class='ocrx_word' id='word_1_944' title='bbox 3381 5721 3459 5775; x_wconf 88' lang='lat' dir='ltr'><strong>eis</strong></span> <span class='ocrx_word' id='word_1_945' title='bbox 3486 5735 3622 5774; x_wconf 81' lang='lat' dir='ltr'><strong>cou-</strong></span> 
     </span>
    </p>
   </div>
   <div class='ocr_carea' id='block_1_121' title="bbox 2043 5819 3630 5894">
    <p class='ocr_par' dir='ltr' id='par_1_121' title="bbox 2043 5819 3630 5894">
     <span class='ocr_line' id='line_1_121' title="bbox 2043 5819 3630 5894; baseline -0.006 -10"><span class='ocrx_word' id='word_1_946' title='bbox 2043 5826 2309 5885; x_wconf 85' lang='lat' dir='ltr'><strong>ccdimus.</strong></span> <span class='ocrx_word' id='word_1_947' title='bbox 2354 5823 2561 5881; x_wconf 89' lang='lat' dir='ltr'><strong>etiamsi</strong></span> <span class='ocrx_word' id='word_1_948' title='bbox 2607 5823 2784 5880; x_wconf 85' lang='lat' dir='ltr'><strong>minor</strong></span> <span class='ocrx_word' id='word_1_949' title='bbox 2815 5837 2934 5877; x_wconf 89' lang='lat' dir='ltr'><strong>esse</strong></span> <span class='ocrx_word' id='word_1_950' title='bbox 2963 5820 3203 5878; x_wconf 85' lang='lat' dir='ltr'><strong>videatur</strong></span> <span class='ocrx_word' id='word_1_951' title='bbox 3241 5823 3290 5881; x_wconf 85' lang='lat' dir='ltr'><strong>is</strong></span> <span class='ocrx_word' id='word_1_952' title='bbox 3316 5820 3406 5894; x_wconf 84' lang='lat' dir='ltr'><strong>qui</strong></span> <span class='ocrx_word' id='word_1_953' title='bbox 3440 5819 3630 5875; x_wconf 80' lang='lat' dir='ltr'><strong>nobis—-</strong></span> 
     </span>
    </p>
   </div>
  </div>
