4092 6408
481 394 577 454 311

477 524 598 561 eum
643 509 826 577 litigat.
859 508 991 562 Cum
1034 507 1254 563 deberet
1296 511 1453 578 igitur
1476 521 1525 563 et
1556 510 1654 565 Lot
1684 527 1803 565 cum
1832 512 2055 581 patriar-

481 604 579 654 i-ha
612 601 713 653 hoc
753 600 963 661 facere;
997 600 1084 654 ille
1117 610 1294 654 tamen
1319 612 1500 670 utpote
1531 603 1760 671 juvenis,
1790 612 1844 657 et
1874 603 2061 672 majori

481 691 909 759 concupiscentia
939 702 1158 756 tractus,
1191 694 1424 761 potiores
1456 704 1563 748 tum
1592 696 1689 749 sibi
1720 696 1860 749 visas
1888 707 2065 763 partes

482 784 694 849 arripit,
719 790 770 835 et
795 783 1109 837 electionem
1135 785 1276 837 facit.
1308 786 1393 841 10.
1420 786 1484 839 Et
1506 786 1734 853 sublatis,
1755 788 1945 856 inquit,
1969 788 2065 842 Lat

480 874 640 925 oculis
669 874 795 935 suis,
823 874 943 925 vidit
972 890 1169 927 onmem
1195 878 1446 945 regionem
1462 878 1593 930 circa
1608 877 1641 930 J
1648 882 1908 942 ordanem,
1932 881 2066 949 quod

480 975 585 1016 tota
628 976 752 1017 esset
794 966 1004 1036 irrigua,
1047 980 1314 1038 antequam
1354 969 1602 1024 Dominus
1641 972 1939 1025 subverteret
1967 971 2067 1026 So-

480 1056 630 1108 doma
679 1068 723 1109 et
772 1057 1074 1122 Gomarrha,
1126 1063 1269 1122 quasi
1305 1063 1478 1116 hortus
1523 1062 1637 1127 Dei,
1684 1074 1730 1117 et
1761 1065 1890 1117 sicut
1932 1076 2067 1118 terra

481 1148 699 1217 .Egypti
725 1166 880 1213 usque
906 1151 1025 1203 dum
1053 1154 1248 1204 venitur
1273 1154 1324 1206 in
1352 1153 1569 1224 Zogora.
1602 1157 1689 1209 11.
1712 1155 1779 1209 Et
1800 1157 1944 1227 elegit
1973 1159 2067 1211 sibi

482 1237 578 1291 Lat
622 1257 815 1292 onmem
856 1242 990 1293 circa
1028 1241 1307 1297 Iordanem
1346 1246 1620 1315 regionem,
1658 1256 1706 1300 et
1739 1249 1936 1301 recessit
1973 1246 2067 1300 Lat

480 1330 543 1382 ab
572 1330 793 1396 Oriente,
824 1333 1068 1402 divisique
1106 1345 1220 1387 sunt
1245 1347 1449 1406 uterque
1481 1354 1513 1390 α
1538 1337 1695 1407 fratre
1721 1356 1831 1392 suo.
1876 1339 2066 1394 Vidisti

479 1424 606 1490 justi
640 1424 885 1479 virtutem
919 1428 1183 1495 ingentem
1208 1469 1223 1489 ,
1266 1430 1535 1499 quomodo
1581 1432 1812 1486 radicem
1853 1434 2067 1488 malitia:

487 1531 553 1568 ne
573 1518 878 1585 germinare
908 1519 1119 1587 quidem
1152 1522 1413 1588 permisit,
1461 1523 1553 1577 sed
1600 1525 1778 1577 statim
1814 1540 1935 1579 cum
1956 1525 2067 1593 jam

480 1608 735 1673 oriretur,
765 1609 999 1665 funditus
1026 1615 1263 1667 exsecuit
1287 1625 1339 1668 et
1365 1614 1617 1682 abolevit,
1647 1618 1811 1670 multa
1838 1634 1965 1671 usus
1995 1618 2071 1672 le-

484 1699 669 1763 nitate,
700 1711 753 1754 et
789 1701 998 1756 virtutis
1036 1718 1193 1757 causa
1231 1714 1544 1759 eaaterarum
1577 1723 1756 1761 rerum
1801 1725 2069 1764 summum

485 1798 848 1857 contemptum
893 1807 1000 1860 pra:
1041 1807 1099 1846 se
1141 1793 1338 1860 ferens,
1382 1795 1768 1867 declaransque
1797 1800 2064 1864 omnibus,

482 1880 751 1947 quomodo
781 1896 962 1950 pacem
995 1882 1213 1951 habere,
1242 1895 1297 1941 et
1325 1901 1355 1941 a
1386 1890 1726 1943 contentione
1751 1890 1984 1957 liberari,
2017 1892 2069 1946 id

488 1972 651 2039 pluris
679 1972 874 2028 faceret
898 1992 1054 2043 quam
1073 1992 1259 2031 omnes
1281 1977 1741 2034 faeultates?Nam
1774 1990 1829 2034 ιιι
1859 1997 1925 2036 ne
1951 1982 2070 2052 quis

486 2062 808 2117 condemnet
831 2063 1031 2133 justum
1058 2067 1208 2135 quasi
1233 2068 1495 2136 ingratum
1527 2071 1666 2124 circa
1703 2072 1821 2137 Lot,
1852 2085 1906 2126 ct
1929 2073 2068 2142 quod

484 2169 645 2221 quem
676 2169 706 2207 e
736 2155 895 2208 domo
925 2173 1018 2209 sua
1048 2158 1307 2212 eduxerat
1337 2160 1388 2213 in
1418 2169 1614 2214 terram
1646 2161 1897 2225 alienam,
1930 2178 2072 2217 nunc

486 2262 517 2299 a
539 2246 931 2302 cohabitatione
958 2250 1195 2317 cjieeret,
1227 2267 1361 2306 neve
1385 2262 1532 2320 putet
1559 2255 1730 2321 ipsum
1763 2254 2070 2307 inimicitia-

486 2354 604 2393 rum
625 2342 787 2407 gratia
810 2343 920 2394 ha-c
939 2342 1132 2400 facere.
1148 2344 1241 2397 sed
1268 2354 1323 2397 ut
1345 2346 1613 2399 discamus
1636 2362 1822 2400 omnes
1846 2363 1904 2401 se
1927 2349 2073 2416 pacis

486 2431 665 2485 studio
711 2431 826 2485 haec
878 2434 1069 2497 facere,
1107 2436 1227 2488 ideo
1265 2446 1317 2489 et
1354 2437 1667 2492 electionem
1699 2440 1744 2492 ei
1782 2442 2069 2505 concessit,

486 2538 659 2591 neque
691 2524 915 2579 moleste
944 2527 1061 2578 tulit
1087 2526 1227 2595 quod
1274 2528 1442 2595 prima
1496 2531 1679 2593 ferret,
1729 2539 1784 2583 ut
1825 2532 2070 2584 omnibus

487 2624 670 2666 nolunt
698 2614 853 2680 foret,
874 2618 1142 2685 quomodo
1161 2633 1312 2673 mens
1342 2635 1432 2673 sua
1464 2621 1529 2674 ad
1562 2624 1704 2689 pacis
1730 2623 2072 2692 caritatisque

486 2719 705 2775 scopum
730 2718 990 2778 Spectaret
1015 2712 1369 2779 potissimum.
1389 2715 1649 2768 Prmtcrca
1668 2726 1721 2769 et
1743 2717 1882 2770 aliud
1907 2717 2074 2787 quod-

488 2795 609 2848 dam
658 2800 966 2869 mysterium
1003 2801 1111 2870 jam
1154 2812 1309 2857 antea
1349 2804 1777 2874 dispensabatur,
1812 2818 1869 2861 ut
1908 2809 2073 2862 multa

489 2885 588 2939 hoc
609 2892 856 2958 exemplo
888 2892 1095 2957 fierent,
1125 2905 1177 2946 et
1204 2904 1261 2949 ut
1283 2896 1377 2949 Lot
1401 2899 1561 2951 rebus
1584 2899 1712 2967 ipsis
1748 2900 2071 2966 erudiretur,

490 2994 671 3032 senon
702 2989 760 3033 ut
792 2996 885 3049 par
911 2993 1025 3036 erat
1046 2984 1290 3054 elegisse,
1311 2996 1363 3041 et
1394 2997 1451 3041 ut
1488 2989 1755 3044 discerent
1785 2991 2075 3048 Sodomita:

492 3070 741 3125 virtutem
772 3072 891 3139 Lot,
920 3086 974 3127 et
996 3078 1331 3145 separatione
1359 3078 1495 3133 facta
1526 3082 1814 3149 promissio
1848 3085 2071 3151 patriar-

487 3162 602 3215 clue
627 3164 747 3217 data
766 3178 957 3220 eventu
990 3169 1369 3237 compleretur,
1395 3188 1496 3241 qua
1520 3174 1719 3227 dictum
1751 3186 1833 3229 est
1854 3178 1903 3231 ei
1926 3196 1935 3228 :
1960 3177 2074 3231 Tibi

488 3262 535 3305 et
564 3255 743 3307 semini
766 3265 851 3307 tuo
871 3258 1002 3310 dabo
1029 3268 1213 3312 terram
1239 3261 1369 3315 hanc
1388 3278 1405 3315 :
1436 3262 1486 3317 id
1514 3266 1653 3333 quod
1684 3267 1935 3335 paulatim
1955 3285 2075 3338 pro-

490 3344 732 3397 cedendo
764 3346 1081 3411 videbimus,
1107 3350 1282 3404 divina
1304 3353 1575 3423 Scriptura
1605 3356 1757 3410 nobis
1794 3374 1853 3411 ea
1891 3358 2074 3412 decla-

490 3446 664 3488 rante.
715 3437 800 3491 12.
834 3438 902 3492 Et
949 3439 1135 3493 Abram
1159 3482 1174 3508 ,
1222 3444 1409 3513 inquit,
1442 3448 1679 3500 habitavit
1708 3451 1757 3501 in
1786 3461 1919 3503 terra
1940 3451 2070 3504 Cha-

491 3542 664 3591 naan;
697 3528 793 3581 Lat
831 3539 998 3583 autem
1038 3532 1277 3586 habitavit
1324 3536 1375 3587 in
1414 3538 1611 3588 civitate
1642 3555 1755 3609 qua:
1792 3550 1897 3592 erat
1943 3543 2078 3594 circa

488 3617 789 3687 Jordanem,
818 3633 863 3675 et
890 3626 1266 3679 tabernaculum
1298 3630 1470 3681 habuit
1498 3630 1548 3682 in
1581 3629 1841 3685 Sodomis.
1864 3633 1949 3686 15.
1978 3634 2076 3699 Qui

490 3721 656 3765 autem
684 3714 907 3769 homines
933 3716 1178 3772 Sodomis
1216 3722 1447 3789 agebant,
1482 3724 1604 3774 ntali
1636 3736 1776 3777 erant
1816 3736 1862 3778 et
1900 3744 2079 3796 pecca-

493 3814 627 3857 tores
673 3822 843 3858 caram
891 3806 999 3861 Deo
1043 3811 1205 3863 valde.
1251 3810 1408 3865 Vides
1454 3812 1554 3887 [ιιι
1594 3825 1794 3868 tantum
1836 3828 2077 3887 spectare

492 3904 648 3947 terrm
664 3905 928 3964 naturam,
946 3908 1001 3952 et
1021 3915 1125 3952 non
1144 3901 1421 3957 advertere
1449 3904 1737 3959 incolarum
1756 3909 2077 3976 nequitiam?

494 3986 623 4051 Qua:
665 3989 806 4041 enim
840 3990 1062 4057 utilitas,
1089 3992 1192 4058 dic,
1232 4008 1350 4058 oro,
1385 3996 1425 4048 si
1456 4005 1596 4048 terra
1624 3997 1693 4050 sit
1723 3998 1992 4053 fructuosa
2024 4012 2077 4055 et

493 4077 664 4145 ferax,
697 4080 940 4137 homines
981 4094 1158 4139 autem
1204 4087 1340 4141 adeo
1377 4090 1636 4143 scelesti?
1665 4091 1800 4157 Quid
1829 4091 2007 4147 damni
2046 4112 2077 4150 e

491 4169 779 4225 solitudine
805 4183 858 4227 et
890 4173 1198 4245 infrugifera
1227 4191 1388 4243 terra,
1418 4182 1459 4233 si
1494 4180 1738 4237 homines
1769 4184 1875 4237 sint
1899 4186 2079 4240 huma-

495 4261 710 4315 niores?
736 4263 908 4332 Caput
945 4267 1086 4319 enim
1128 4279 1181 4322 et
1207 4284 1411 4322 summa
1457 4271 1715 4326 bonormn
1751 4285 1835 4329 est
1870 4275 2080 4330 inhabi-

493 4354 716 4406 tantium
760 4357 1008 4423 probitas.
1038 4358 1302 4413 Caeterum
1330 4360 1427 4415 Lot
1459 4363 1525 4415 ad
1559 4380 1721 4417 unuut
1756 4374 1956 4419 tantum
1993 4384 2076 4421 re-

493 4446 689 4511 spexit,
718 4462 908 4514 nempe
935 4449 1001 4501 ad
1029 4449 1355 4506 fertilitatem
1388 4462 1565 4508 teme.
1595 4455 1661 4509 Et
1689 4457 1888 4513 idcirco
1931 4458 2077 4513 Scri-

497 4548 652 4603 ptura
682 4536 957 4595 declarare
983 4543 1137 4597 nobis
1167 4546 1347 4598 volens
1390 4545 1743 4603 habitantium
1785 4551 1893 4606 illic
1923 4553 2077 4606 mali-

495 4628 644 4691 tiam,
682 4628 846 4683 dicit:
894 4632 995 4696 Qui
1028 4643 1195 4686 autent
1229 4636 1453 4689 homines
1490 4639 1542 4691 in
1571 4638 1810 4695 Sodomis
1843 4644 2075 4712 agebant,

496 4719 620 4771 mali
649 4731 789 4773 erant
822 4732 866 4775 et
902 4734 1184 4792 peccatores
1215 4743 1385 4779 coram
1414 4728 1523 4782 Deo
1548 4732 1712 4785 valde.
1740 4732 1855 4786 Non
1881 4734 2073 4799 solum,

499 4809 688 4878 inquit,
715 4811 863 4877 Mali,
895 4814 989 4867 sed
1026 4814 1342 4881 I’eccatares,
1370 4828 1424 4873 et
1446 4836 1550 4873 non
1584 4824 1917 4890 simpliciter,
1957 4825 2079 4879 Pec-

497 4911 706 4963 catares,
740 4904 831 4957 sed
856 4914 911 4958 et
934 4905 1117 4959 Coram
1145 4906 1277 4971 Deo;
1310 4911 1408 4963 hoc
1434 4921 1535 4977 est,
1566 4913 1616 4966 in
1646 4915 1961 4969 immensum
1988 4934 2083 4971 ex—

494 5004 775 5046 ercverant
810 5010 998 5048 eorum
1039 5010 1274 5065 peccata.
1318 5011 1371 5053 et
1408 5003 1705 5070 prodigiosa
1744 5018 1855 5059 erat
1894 5024 2076 5059 eorum

500 5086 753 5153 iniquitas
780 5105 792 5139 :
824 5088 945 5141 ideo
973 5099 1027 5142 ct
1056 5091 1311 5155 subdidit,
1344 5092 1527 5147 Coram
1560 5095 1667 5149 Deo
1694 5099 1858 5151 valde.
1890 5099 2079 5154 Vidisti

501 5177 718 5230 malitia:
763 5180 1177 5247 magnitudinem
1206 5182 1229 5235 ?
1266 5184 1443 5239 vidisti
1483 5197 1736 5255 quantum
1767 5197 1854 5243 est
1881 5193 2078 5245 malum

498 5270 698 5336 primas
728 5279 902 5335 partes
929 5286 1139 5340 capere,
1168 5282 1223 5327 et
1254 5291 1357 5328 non
1394 5277 1532 5345 quod
1573 5278 1701 5332 utile
1730 5290 1811 5333 est
1839 5282 2080 5335 conside-

501 5359 659 5411 rare?
685 5358 862 5412 vidisti
892 5374 1146 5428 quantum
1182 5365 1375 5419 bonum
1418 5368 1486 5421 sit
1524 5367 1844 5431 humanitas,
1875 5384 1929 5426 et
1973 5375 2074 5441 pri-

502 5464 590 5502 mo
617 5450 735 5503 loco
762 5451 973 5516 cedere,
1004 5463 1057 5507 et
1085 5454 1388 5511 inferiorem
1422 5471 1624 5527 partem
1655 5462 1853 5516 habere
1878 5465 1901 5517 ?
1942 5465 2080 5519 Ecce

500 5541 641 5592 enim
671 5540 721 5594 in
753 5557 1006 5609 processu
1036 5545 1294 5600 doctrina:
1321 5550 1617 5605 videbimus
1645 5553 1777 5606 nihil
1818 5556 2080 5623 profuisse

506 5632 730 5695 primum
761 5633 936 5687 locum
964 5637 1010 5689 ci
1043 5638 1131 5704 qui
1163 5638 1437 5708 elegerat;
1483 5653 1536 5695 et
1559 5658 1680 5695 eum
1712 5646 1799 5712 qui
1829 5645 2078 5701 inferiora

507 5720 674 5785 potiit,
716 5725 996 5778 clariorem
1028 5728 1264 5794 quotidie
1303 5728 1522 5796 factum,
1552 5748 1787 5803 opesque
1815 5736 1957 5792 illius
1986 5754 2083 5807 per

506 5812 682 5871 omnia
706 5827 909 5885 auctas,
936 5819 1288 5892 omnibusque
1314 5822 1510 5880 factum
1539 5828 1904 5896 spectabilem.

1194 398 1253 453 S.
1294 397 1572 454 JOANNIS
1611 398 2080 455 CIIIHSOSTOIII
2112 398 2425 454 .IBCIIIEP.
2467 399 3004 455 CONS'I‘ANTINOP.

3641 402 3744 457 5l2

2239 512 2293 566 5.
2335 510 2550 565 Moralis
2588 513 2870 566 exhortatio
2900 515 2967 564 ad
3002 512 3354 566 humilitatem.
3380 544 3452 553 —
3485 513 3747 569 Cancrum

2169 610 2227 654 ut
2256 617 2324 655 ne
2368 602 2635 672 longiores
2676 602 2843 657 simus
2868 601 3129 669 docendo,
3180 603 3282 658 hoc
3322 604 3440 658 loco
3480 606 3640 661 linem
3672 606 3749 660 Ιο-

2169 693 2363 761 quendi
2416 693 2707 756 facientes,
2756 694 2897 763 quod
2941 694 3203 763 reliquum
3253 704 3369 761 est,
3419 697 3471 749 in
3523 710 3751 767 sequen-

2172 794 2277 838 tem
2318 799 2594 838 servemus
2619 786 2951 839 coucionem.
3000 785 3133 840 Illud
3172 795 3348 841 autem
3394 802 3498 841 vos
3533 803 3754 857 rogave-

2173 876 2294 941 rim,
2344 885 2401 928 ut
2448 878 2742 930 imitatores
2778 878 2893 931 sitis
2940 876 3275 945 patriarchae,
3311 887 3365 931 et
3406 878 3604 947 primas
3636 893 3755 946 par—

2175 976 2253 1018 tes
2283 981 2569 1034 numquam
2593 967 3005 1034 conenpiscatis,
3047 967 3142 1022 sed
3176 968 3561 1036 obtemperetis
3601 967 3759 1023 beato

2173 1055 2340 1109 Paulo
2390 1057 2610 1121 dicenti,
2670 1058 3129 1119 Ilonoreinvicem
3182 1061 3535 1130 prwvenientes
3577 1060 3753 1128 (Hom.

2176 1148 2262 1201 12.
2325 1151 2414 1220 10)
2454 1150 2757 1219 superiores
2804 1166 2863 1204 se
2908 1153 3064 1220 ipsis:
3100 1162 3149 1206 et
3183 1152 3321 1206 detis
3347 1169 3587 1221 operam,
3616 1153 3755 1205 utin

2173 1242 2419 1295 omnibus
2468 1242 2673 1295 minora
2727 1244 2969 1297 teneatis.
3018 1244 3127 1297 Hoc
3166 1255 3248 1299 est
3284 1246 3426 1298 enim
3469 1245 3756 1313 primatum

2173 1330 2372 1385 habere
2400 1372 2412 1395 ,
2462 1334 2599 1387 sicut
2639 1343 2693 1387 ct
2734 1334 2981 1387 Christus
3024 1334 3193 1387 dicit:
3244 1334 3347 1400 Qui
3387 1352 3441 1389 se
3493 1336 3755 1400 humiliat,

2172 1424 2477 1477 exaltabitur
2528 1424 2681 1494 (Luc.
2738 1426 2825 1480 14.
2883 1426 2971 1490 11,
3017 1432 3074 1478 et
3110 1426 3197 1480 18.
3242 1426 3354 1493 ib).
3412 1426 3548 1491 Quid
3600 1427 3759 1495 igitur

2176 1514 2300 1569 huic
2345 1517 2547 1585 :cquale
2595 1516 2777 1581 fuerit,
2829 1517 3042 1587 quando
3087 1534 3181 1587 per
3224 1534 3287 1572 ea
3330 1519 3382 1571 in
3418 1520 3610 1588 quibus
3638 1519 3758 1572 aliis

2176 1605 2375 1675 primas
2435 1607 2714 1671 cedimus,
2761 1608 2861 1677 ipsi
2906 1608 3091 1677 majori
3140 1609 3365 1662 fruimur
3414 1608 3647 1672 honore;
3698 1618 3753 1661 et

2175 1714 2271 1768 per
2295 1715 2414 1768 qua:
2446 1700 2577 1754 alios
2603 1700 2954 1770 praeferimus,
2987 1702 3083 1770 ipsi
3117 1702 3167 1755 in
3190 1717 3456 1756 summum
3502 1702 3759 1756 honorem

2175 1788 2493 1844 evehimur?
2520 1789 2700 1860 Itaque
2726 1791 2950 1845 obsecro
2995 1800 3052 1845 ut
3086 1792 3397 1847 studeamrs
3439 1793 3631 1846 imitari
3668 1808 3759 1861 pa-

2177 1881 2425 1936 triarchte
2456 1881 2830 1949 humilitatem,
2860 1893 2914 1937 et
2938 1884 3087 1953 sequi
3116 1884 3334 1954 vestigia
3359 1884 3495 1954 ejus,
3518 1886 3605 1955 qui
3636 1897 3760 1939 ante

2175 1974 2349 2043 legem
2381 1985 2579 2029 tantam
2614 1976 3000 2045 pliiloSophiam
3030 1991 3137 2045 pra:
3182 1992 3240 2030 se
3284 1976 3420 2041 tulit,
3444 1991 3539 2030 nos
3579 1978 3669 2045 qui
3707 1977 3759 2030 in

2175 2067 2337 2134 gratia
2369 2082 2663 2120 versamur.
2697 2066 2796 2119 Ista
2820 2067 2963 2120 cnint
3008 2083 3131 2121 vera
3154 2078 3237 2121 cst
3265 2067 3563 2133 humilitas,
3602 2082 3760 2136 quant

2181 2160 2408 2211 eximius
2440 2159 2529 2213 ille
2552 2159 2634 2213 vir
2659 2160 2944 2212 declaravit
2971 2174 3093 2228 erga
3125 2175 3246 2213 eutn
3273 2160 3359 2228 qui
3389 2160 3554 2212 multo
3585 2174 3641 2211 se
3666 2158 3764 2211 fuit

2176 2251 2416 2315 inferior,
2450 2268 2554 2306 non
2584 2254 2757 2305 solum
2782 2252 2850 2305 ob
2872 2252 3079 2305 virtutis
3109 2252 3365 2304 rationem
3389 2292 3403 2317 ,
3431 2250 3523 2305 sed
3557 2261 3608 2304 et
3632 2266 3762 2319 pro-

2176 2352 2295 2411 pter
2323 2352 2533 2396 a-tatem
2556 2351 2609 2396 et
2629 2343 2729 2395 alia
2757 2343 2956 2397 omnia.
2987 2341 3169 2411 Cogita
3197 2342 3339 2396 enim
3368 2357 3547 2396 senem
3575 2342 3761 2409 juveni

2174 2437 2421 2499 cessisse,
2455 2445 2507 2489 et
2558 2446 2803 2507 patruum
2860 2436 3037 2488 lratris
3088 2436 3214 2500 filio,
3246 2444 3298 2489 et
3349 2434 3437 2503 qui
3481 2442 3679 2486 tantam
3732 2448 3764 2485 a

2180 2527 2285 2581 Deo
2308 2529 2529 2581 sortitus
2566 2539 2681 2582 erat
2708 2530 2951 2597 gratiam,
2975 2528 3023 2581 ei
3046 2528 3136 2597 qui
3177 2529 3229 2581 in
3259 2526 3397 2580 nulla
3436 2542 3493 2580 re
3519 2541 3764 2595 magnam

2176 2619 2389 2688 aliquod
2438 2620 2705 2690 specimen
2748 2621 3091 2689 praebuerat:
3125 2628 3178 2672 et
3222 2634 3284 2673 ea
3328 2634 3446 2687 qua:
3487 2617 3767 2685 oportebat

2178 2710 2323 2764 illum
2354 2710 2554 2776 dicere,
2578 2710 2901 2780 utjuvenem
2932 2708 2994 2762 ad
3019 2725 3199 2763 senem
3228 2718 3381 2762 aetate
3411 2716 3463 2760 et
3486 2706 3760 2776 dignitate,

2176 2814 2231 2857 et
2264 2815 2529 2872 patruum,
2550 2804 2634 2857 illa
2666 2802 3020 2871 patriareham
3046 2800 3226 2870 juveni
3249 2800 3464 2854 dixisse.
3490 2798 3650 2868 Igitur
3670 2812 3766 2851 nos

2178 2910 2389 2963 quoque
2424 2912 2533 2952 non
2553 2896 2839 2960 eislatltm,
2878 2895 2966 2962 qui
2990 2902 3143 2947 aetate
3171 2892 3322 2945 nobis
3349 2900 3471 2945 sunt
3498 2891 3728 2958 majores
3748 2930 3763 2952 ,

2182 2985 2446 3037 veletiam
2506 2986 2756 3052 :rqnales,
2787 2985 3040 3037 honorem
3096 2982 3460 3036 exhibeatnus.
3512 2980 3628 3034 Non
3682 2988 3766 3033 est

2179 3080 2319 3131 enim
2372 3078 2675 3142 humilitas,
2711 3078 2887 3132 facere
2928 3075 3067 3145 quod
3108 3075 3427 3129 necessitate
3474 3073 3635 3128 debes
3678 3072 3765 3126 vel

2179 3169 2387 3235 cogeris
2418 3188 2428 3219 :
2458 3169 2578 3234 hoc,
2603 3169 2837 3237 inquam,
2862 3184 2965 3221 non
2992 3178 3073 3221 est
3096 3167 3430 3234 humilitatis,
3459 3165 3551 3221 sed
3579 3165 3761 3218 debiti.

2181 3261 2316 3315 Vera
2362 3271 2537 3314 autem
2586 3260 2857 3313 humilitas
2898 3269 2977 3314 est
3003 3300 3017 3323 ,
3047 3259 3262 3329 quando
3301 3258 3538 3313 cedimus
3573 3258 3635 3311 iis
3675 3256 3765 3326 qui

2181 3353 2333 3406 nobis
2364 3351 2608 3405 videntur
2638 3366 2758 3405 esse
2782 3351 3049 3412 minores,
3081 3359 3134 3404 et
3174 3364 3267 3403 eos
3310 3364 3629 3402 veneramur
3672 3348 3764 3415 qui

2181 3444 2334 3497 nobis
2361 3441 2643 3496 inferiores
2672 3456 2792 3495 esse
2820 3439 3242 3506 videntur.Quod
3270 3439 3313 3492 si
3337 3447 3480 3492 recte
3505 3438 3763 3505 sapimus,

2169 3534 2355 3587 ‘nullos
2379 3534 2536 3586 etiam
2568 3532 2718 3587 nobis
2740 3545 2861 3586 esse
2888 3530 3121 3585 minores
3145 3528 3537 3591 arbitrabimur,
3552 3527 3643 3582 sed
3669 3542 3767 3581 nos

2182 3625 2423 3693 superari
2456 3625 2523 3678 ab
2547 3623 2798 3678 omnibus
2823 3621 3129 3675 hominibus
3156 3619 3414 3673 dicemus.
3432 3619 3499 3672 Et
3521 3618 3622 3670 hoc
3646 3617 3768 3671 dico

2183 3729 2288 3766 non
2317 3715 2382 3767 de
2406 3712 2686 3781 nobis,'qui
2713 3712 3006 3766 innumeris
3027 3710 3261 3764 immersi
3292 3724 3476 3764 sumus
3496 3710 3763 3778 peccatis:

2182 3805 2274 3859 sed
2302 3806 2509 3859 etiamsi
2536 3804 2656 3873 quis
2680 3804 2779 3857 sibi
2810 3803 3158 3872 plurimorum
3190 3801 3325 3855 bene
3344 3810 3612 3871 gestorum
3634 3814 3765 3854 con-

2183 3898 2324 3951 scius
2353 3899 2442 3962 sit,
2468 3897 2566 3951 nisi
2594 3896 2733 3965 apud
2757 3910 2816 3949 se
2850 3898 3039 3949 sentiat
3072 3910 3131 3948 se
3154 3896 3392 3948 omnium
3418 3909 3535 3947 esse
3566 3905 3766 3963 postre-

2183 4005 2325 4042 tuum
2349 4031 2362 4053 ,
2388 3990 2530 4042 nulla
2573 3990 2620 4042 ei
2654 3988 2826 4041 futura
2857 3988 3056 4041 utilitas
3093 4003 3159 4040 ex
3196 3986 3443 4039 (minibus
3483 3986 3636 4039 bouis
3659 3986 3767 4037 suis

2181 4080 2453 4147 operibus.
2474 4079 2595 4133 ll:rc
2624 4090 2707 4133 est
2734 4079 2874 4131 enim
2900 4077 3194 4142 humilitas,
3222 4076 3433 4145 quando
3463 4077 3598 4144 quis,
3622 4090 3769 4127 ocra~

2182 4171 2361 4223 siones
2390 4170 2594 4224 habens
2621 4180 2678 4223 ut
2708 4171 3012 4234 extollatur,
3038 4184 3095 4221 se
3126 4168 3297 4234 ipsum
3331 4168 3575 4220 humiliat
3604 4176 3658 4219 ct
3678 4166 3768 4220 de-

2183 4262 2397 4330 primit,
2437 4278 2499 4314 ae
2554 4262 2796 4315 modeste
2840 4276 2897 4313 se
2947 4260 3104 4327 gerit.
3136 4259 3285 4313 Tunc
3311 4260 3451 4313 enim
3493 4257 3557 4310 ad
3583 4272 3768 4312 verum

2182 4352 2505 4406 subvehctur
2546 4352 2809 4421 fastigium
2856 4350 3147 4404 secundum
3200 4350 3608 4418 promissionem
3662 4346 3767 4399 Ito-

2182 4444 2332 4507 mini,
2359 4460 2474 4511 qua)
2505 4442 2633 4496 dicit
2666 4461 2677 4495 :
2702 4444 2800 4509 Qui
2821 4460 2872 4495 se
2895 4443 3144 4505 humiliat,
3173 4441 3476 4494 emltabitttr
3505 4438 3653 4511 (Luc.
3680 4440 3767 4492 H.

2183 4534 2295 4601 11).
2319 4532 2631 4602 δςιιιιετιιιιιιε
2662 4533 2839 4601 igitur,
2861 4534 3105 4594 obsecro,
3125 4532 3379 4586 verticem
3404 4531 3553 4584 illum
3582 4546 3769 4583 omnes

2183 4623 2587 4691 apprehendere
2641 4639 2734 4691 per
2788 4622 3178 4688 humilitatem,
3224 4632 3283 4676 ut
3330 4622 3574 4676 eamdem
3626 4620 3771 4673 illaut

2182 4733 2340 4785 quam
2369 4717 2544 4783 justus
2572 4716 2658 4769 ille
2687 4731 2715 4768 a
2747 4716 2973 4769 Domino
3013 4720 3237 4783 gratiam
3267 4730 3685 4783 consequamur,
3720 4724 3771 4765 ιιι

2184 4807 2466 4860 inelTabilia
2498 4808 2583 4860 illa
2612 4807 2747 4860 bona
2778 4822 3097 4869 mercamur,
3127 4807 3294 4875 gratia
3323 4817 3378 4859 et
3408 4804 3768 4858 misericordia

2186 4900 2391 4951 Donum
2426 4898 2589 4951 nostri
2612 4897 2737 4951 Jesu
2765 4897 2999 4959 Christi,
3044 4898 3258 4966 quicum
3290 4896 3470 4960 Patri,
3495 4904 3549 4948 et
3585 4907 3768 4947 sancto

2182 4990 2399 5057 Spiritui
2432 4990 2498 5041 sit
2518 4988 2708 5058 gloria,
2735 4989 3036 5057 imperium,
3068 4988 3261 5054 honor,
3284 5004 3424 5041 nunc
3451 4996 3505 5040 et
3532 5000 3769 5052 semper,

2185 5096 2238 5136 et
2266 5084 2316 5135 in
2341 5082 2537 5136 saecula
2567 5082 2904 5137 satculorum.
2938 5082 3128 5135 Amen.

2695 5216 2973 5271 IIOMILIA
3016 5214 3257 5269 XXXIV.

2191 5329 2252 5382 Et
2282 5329 2408 5381 dia-it
2440 5328 2573 5381 Deus
2602 5330 2753 5383 Abra:
2777 5339 3040 5398 postquam
3059 5336 3322 5397 separatus
3356 5336 3429 5378 est
3456 5326 3517 5377 ab
3544 5341 3601 5375 eo
3642 5322 3765 5376 Lot.

2257 5421 2477 5473 Elevatis
2506 5421 2666 5472 oculis
2695 5420 2792 5472 tuis
2819 5419 2931 5471 vide
2954 5436 2985 5471 a
3012 5417 3142 5483 loco,
3174 5418 3226 5470 in
3252 5433 3348 5484 quo
3375 5426 3429 5468 tu
3459 5430 3591 5467 nunc
3616 5414 3770 5476 εις,αὰ

2253 5514 2536 5581 aquilonem
2549 5522 2593 5563 et
2610 5511 2885 5578 meridiem,
2899 5520 2944 5563 et
2960 5512 3194 5563 orientem
3209 5520 3255 5562 et
3270 5525 3406 5562 mare
3416 5524 3436 5561 :
3448 5508 3562 5570 quia
3577 5519 3761 5558 omnem

2258 5612 2460 5666 terram,
2479 5619 2629 5671 quant
2651 5612 2703 5655 tu
2720 5603 2875 5668 vides,
2897 5602 2983 5654 tibi
3005 5601 3133 5653 dabo
3149 5618 3261 5654 eam
3278 5598 3429 5669 (Gen.
3452 5599 3536 5651 15.
3562 5599 3625 5651 Ib
3660 5598 3721 5647 lii
3734 5603 3771 5659 ).

2258 5739 2311 5791 1.
2370 5736 2666 5790 Modestiam
2716 5747 2762 5790 et
2829 5738 3264 5791 mansuetudinem
3330 5735 3662 5787 commendat.
3700 5766 3759 5773 ε-

2192 5831 2455 5887 Didieistis
2495 5831 2641 5898 heri,
2676 5832 2935 5889 carissimi
2960 5873 2975 5902 ,
3007 5833 3252 5889 eximiam
3302 5828 3615 5901 patriarcha:
3673 5825 3771 5878 hu.
