4092 6408
252 380 355 436 SII

255 499 351 554 τοῦ
388 499 730 572 πατριάρχου
763 495 925 551 τοῦτο
961 491 1384 567 διαπράξασθαι,
1405 492 1658 564 καθάπερ
1696 489 1932 554 νεοστὺς,

257 587 354 639 καὶ
389 587 496 639 ὑπὸ
533 585 636 655 τῆς
671 583 766 638 τοῦ
803 584 1050 646 πλείονος
1087 580 1382 651 ἐπιθυμίας
1422 579 1790 650 ἐξελκόμενος,
1824 580 1938 640 τοῖς

258 673 551 744 πρωτείοις
570 672 832 743 ἐπιπηδᾷ,
847 672 922 735 ὡς
942 669 1182 741 ἐνόμιζε,
1201 669 1296 722 καὶ
1313 667 1411 738 τήν
1432 666 1659 737 ἐκλογὴν
1680 667 1932 719 ποιεῖται.

257 761 365 815 Καὶ
389 759 641 828 ἐπάρας,
664 760 820 830 φησὶ,
841 758 972 813 Λὼτ
1006 757 1150 823 τοὺς
1188 756 1534 826 ὀφθαλμοὺς
1573 754 1781 818 αὐτοῦ,
1817 749 1938 808 εἶδε

257 844 468 900 πᾶσαν
505 846 622 914 τὴν
660 847 990 914 περίχωρον
1027 845 1135 899 τοῦ
1155 842 1482 912 Ἰορδάνου,
1520 841 1610 895 ὅτι
1651 840 1820 896 πᾶσα
1858 836 1938 909 ἦν

257 931 632 1002 ποτιζομένῃ,
657 934 770 1001 πρὸ
813 931 919 986 τοῦ
957 931 1365 1000 καταστρέψαι
1401 931 1505 983 τὸν
1527 929 1676 983 Θεὸν
1705 927 1939 997 Σόδομα

257 1019 355 1074 καὶ
378 1021 679 1088 Γόμορρα,
703 1021 784 1086 ὡς
802 1023 834 1074 ό
857 1019 1220 1088 παράδεισος
1239 1019 1345 1072 τοῦ
1369 1018 1535 1082 Θεοῦ,
1569 1017 1666 1070 καί
1697 1018 1779 1080 ὠς
1799 1017 1837 1083 ἠ
1862 1015 1938 1085 γῆ

256 1110 564 1176 Αἰγύπτου
591 1148 606 1171 ,
648 1108 760 1173 ἕως
805 1107 1004 1161 ἐλθεῖν
1049 1109 1136 1173 εἰς
1178 1107 1420 1176 Ζόγορα.
1464 1105 1573 1159 Καὶ
1617 1102 1939 1168 ἐξελέξατο

257 1195 453 1261 ἑαυτῷ
477 1197 610 1250 Λὼτ
630 1195 840 1251 πᾶσαν
866 1197 983 1264 τὴν
1003 1196 1337 1264 περίχωρον
1361 1194 1466 1247 τοῦ
1499 1193 1816 1261 Ἰορδάνου,
1839 1192 1940 1247 καὶ

257 1281 457 1351 ἀπῆρε
492 1283 624 1337 Λὼτ
658 1283 780 1337 ἀπὸ
801 1282 1134 1345 ἀνατολῶν,
1171 1282 1266 1335 καί
1290 1281 1768 1350 διεχωρίσθησαν
1798 1280 1937 1334 ἕκα-

258 1387 406 1438 στος
429 1371 552 1426 ἀπὸ
587 1371 696 1424 τοῦ
716 1371 986 1440 ἀδελφοῦ
1006 1371 1214 1424 αὐτοῦ.
1236 1365 1388 1432 Εἶδες
1405 1370 1504 1440 τῆς
1524 1369 1726 1439 ἀρετῆς
1743 1367 1836 1422 τοῦ
1856 1369 1936 1422 δι-

258 1461 419 1514 καίου
438 1460 539 1531 τὴν
561 1459 891 1531 ὑπερϐολὴν,
913 1460 1062 1522 ὅπως
1081 1460 1140 1511 ού
1165 1458 1540 1529 συνεχώρησεν
1559 1458 1680 1510 οὐδὲ
1702 1457 1937 1527 βλαστῆ-

260 1569 352 1604 σαι
388 1551 489 1622 τὴν
528 1550 684 1622 ῥίζαν
723 1550 824 1620 τῆς
861 1549 1081 1613 κακίας,
1104 1548 1222 1602 ἀλλ’
1241 1548 1442 1612 εὐθέως
1461 1549 1556 1602 καὶ
1584 1549 1652 1601 τά
1675 1548 1938 1616 μέλλοντα

257 1643 494 1712 φύεσθαι
512 1641 758 1696 κάτωθεν
775 1640 997 1710 ἐξέτεμε
1013 1641 1106 1693 καὶ
1119 1638 1350 1708 ἠφάνισε
1364 1653 1379 1666 ·
1403 1637 1569 1708 πολλῇ
1585 1641 1650 1708 τῇ
1669 1637 1938 1708 ἐπιεικείᾳ

257 1731 631 1802 χρησάμενος,
655 1729 748 1783 καὶ
768 1729 834 1782 δι’
856 1727 1055 1800 ἀρετὴν
1088 1727 1197 1780 τῶν
1217 1727 1392 1780 ἄλλων
1413 1727 1713 1796 ὑπεροψίαν
1732 1725 1937 1794 ἄφατον

256 1820 696 1890 ἐπιδειξάμενος,
717 1819 812 1872 καὶ
829 1818 1044 1880 δεικνὺς
1075 1817 1278 1872 ἅπασιν
1297 1817 1446 1880 ὅπως
1464 1815 1645 1884 πάσης
1663 1814 1813 1884 αὑτῷ
1834 1831 1936 1867 πε-

257 1907 509 1979 ριουσίας
528 1907 902 1978 προτιμοτέρα
919 1905 1226 1975 τυγχάνειή
1250 1905 1462 1975 εἰρήνη,
1485 1905 1581 1957 καὶ
1613 1904 1674 1956 τὸ
1706 1903 1937 1971 φιλονει-

255 1997 384 2060 κίας
421 1995 798 2064 ἀπηλλάχθαι;
823 1995 942 2048 Ἵνα
983 1995 1089 2066 γὰρ
1131 1994 1203 2063 μή
1239 2011 1321 2057 τις
1340 1992 1594 2062 καταγνῷ
1613 1991 1705 2045 τοῦ
1725 1991 1936 2044 δικαίου

254 2084 332 2146 ὡς
371 2082 686 2153 ἀγνώμονος
723 2081 1016 2152 γενομένου
1054 2080 1183 2152 περὶ⁸
1220 2080 1310 2134 τὸν
1349 2079 1492 2142 Λὼτ,
1513 2081 1608 2132 καὶ
1625 2081 1706 2132 ὅτι
1726 2078 1938 2132 οἴκοθεν

253 2169 423 2223 αὐτὸν
455 2170 788 2240 ἀναστήσας,
810 2168 904 2222 καὶ
936 2167 1160 2238 ἀγαγὼν
1180 2169 1272 2220 ἐπὶ
1290 2169 1389 2236 τῆς
1410 2167 1717 2239 ἀλλοτρίας,
1741 2166 1939 2220 ἐκϐάλ-

253 2257 340 2310 λει
374 2257 477 2326 τῆς
513 2256 708 2320 οἰκίας,
734 2257 868 2328 μηδὲ
907 2256 1102 2327 νομίσῃ
1142 2273 1224 2319 τις
1257 2254 1550 2326 ἀπεχθείας
1570 2255 1731 2307 αὑτὸν
1752 2255 1938 2307 ἕνεκεν

252 2345 431 2398 ταῦτα
466 2343 816 2416 ἐργάζεσθαι,
837 2344 973 2398 άλλά
1014 2344 1274 2416 μάθωμεν
1315 2343 1572 2406 ἅπαντες,
1595 2344 1676 2396 ὅτι
1711 2345 1938 2414 εἰρήνης

253 2433 620 2502 ἀντεχόμενος
653 2432 824 2485 ταῦτα
847 2434 1008 2495 ποιεῖ,
1029 2432 1116 2486 διὰ
1135 2431 1292 2484 τοῦτο
1312 2432 1404 2485 καὶ
1423 2430 1520 2501 τὴν
1538 2431 1769 2501 ἐκλογὴν
1789 2430 1937 2502 αὑτῷ

251 2520 646 2590 παρεχώρησε,
669 2520 760 2572 καὶ
796 2519 865 2572 τὰ
899 2521 1140 2589 πρωτεῖα
1163 2519 1370 2572 ἐκείνου
1391 2518 1644 2587 ἑλομένου
1665 2520 1764 2572 οὐκ
1786 2519 1940 2572 ἐδυσ-

252 2608 508 2677 χέρανεν,
529 2607 616 2660 ἴνα
633 2607 832 2670 πάντες
855 2607 1054 2658 εἰδέναι
1075 2606 1286 2676 ἔχωμεν
1320 2611 1418 2677 τῆς
1452 2606 1543 2659 τοῦ
1567 2607 1776 2659 δικαίου
1797 2607 1939 2675 γνώ⁹

256 2711 372 2764 μης
404 2693 466 2746 τὺ
505 2694 822 2763 φιλάγαθον,
843 2694 939 2746 καὶ
976 2695 1072 2764 τῆς
1109 2696 1390 2764 εἰρηνικῆς
1425 2693 1591 2748 αὑτοῦ
1633 2694 1811 2764 ψυχῆς
1848 2695 1938 2748 τὸν

253 2781 704 2844 σκοπόν.Ἀλλως
729 2781 787 2834 δέ
821 2782 916 2834 καὶ
935 2781 1121 2850 ἕτερόν
1140 2800 1192 2834 τι
1217 2783 1514 2852 μυστήριον
1529 2778 1600 2853 ἦν
1621 2799 1938 2854 προοικονο-

257 2867 553 2936 μούμενον,
576 2867 718 2921 ὥστε
755 2868 928 2922 πολλὰ
965 2869 1085 2922 κατ’
1107 2869 1267 2922 αὑτὸν
1297 2868 1569 2937 γενέσθαι,
1593 2871 1687 2923 καὶ
1705 2870 1795 2922 τὸν
1813 2869 1938 2922 Λὼτ

252 2953 350 3008 διὰ
367 2954 473 3008 τῶν
494 2955 834 3026 πραγμάτων
855 2956 1226 3026 παιδευθῆναι,
1246 2957 1322 3020 ὡς
1342 2957 1402 3010 οὑ
1422 2957 1649 3018 δεόντως
1667 2956 1764 3028 τὴν
1785 2957 1940 3009 ἐκλο-

253 3041 364 3112 γὴν
383 3042 701 3113 ἐποιήσατο,
726 3044 820 3096 καὶ
853 3045 978 3108 τοὺς
1011 3045 1070 3098 ἐν
1093 3043 1355 3114 ’Σοδόμοις
1377 3045 1566 3114 μαθεῖν
1584 3043 1678 3097 τοῦ
1699 3043 1821 3098 Λὼτ
1841 3045 1939 3114 τὴν

253 3130 484 3199 ἀρετὴν,
505 3128 712 3183 καὶτοῦ
733 3131 1350 3203 χωρισμοῦγενομένου,
1373 3133 1470 3203 τὴν
1489 3132 1822 3201 ἐπαγγελίαν
1840 3131 1938 3202 τὴν

251 3217 344 3279 εἰς
376 3216 468 3269 τὸν
502 3219 850 3290 πατριάρχην
888 3221 1263 3292 γεγενημένην
1283 3223 1362 3284 είς
1381 3221 1540 3290 ἔργον
1573 3221 1820 3290 ἐκϐῆναι,
1841 3221 1938 3292 τὴν

252 3303 525 3370 λέγουσαν
545 3321 558 3334 ο
581 3306 686 3359 Σοὶ
722 3307 818 3360 καὶ
855 3307 937 3373 τῷ
974 3309 1270 3377 σπέρματί
1293 3307 1440 3380 [558]
1463 3325 1579 3362 σου
1618 3307 1788 3361 δώσω
1823 3308 1939 3374 τὴν

252 3390 382 3462 ’γῆν
401 3393 630 3458 ταύτην
649 3410 662 3424 ’
687 3395 970 3448 καὶταῦτα
989 3395 1130 3448 κατά
1153 3397 1345 3466 μικρὸν
1375 3397 1654 3468 προϊόντες
1671 3395 1934 3466 ὀψόμεθα,

251 3478 363 3548 τῆς
384 3479 533 3542 θείας
553 3481 779 3551 Γραφῆς
801 3484 932 3553 ἡμῖν
971 3482 1185 3536 ἅπαντα
1221 3483 1495 3552 κατάδηλα
1531 3482 1806 3553 ποιούσης.
1829 3485 1936 3536 Kal

256 3566 514 3634 Ἄϐραμ,
542 3568 723 3644 φησὶ,
765 3568 1123 3637 παρῴκησεν
1160 3570 1230 3623 ἐν
1272 3569 1349 3638 τῇ
1391 3569 1661 3624 Χαναὰν⁸
1705 3570 1838 3623 Λὼτ
1871 3569 1939 3622 δὲ

250 3651 618 3720 κατῴκησεν
637 3655 708 3708 ἐν
727 3656 900 3709 πόλει
936 3655 1055 3709 τῶν
1077 3657 1434 3725 περιχώρων,
1459 3658 1558 3710 καί
1583 3656 1940 3722 ἐσκήνωσεν

251 3739 331 3791 ἐν
352 3739 658 3809 Σοδόμοις.
687 3745 754 3796 Οἱ
787 3742 855 3796 δὲ
879 3743 1176 3811 ἅνθρωποι
1197 3747 1251 3798 οὶ
1284 3745 1354 3797 ἐν
1373 3744 1660 3813 Σοδόμοις
1684 3745 1937 3812 πονηροί

251 3826 363 3880 καί
397 3826 733 3896 ἀμαρτωλοί
769 3829 1049 3884 ἐναντίον
1080 3830 1187 3884 τοῦ
1221 3831 1370 3886 Θεοῦ
1387 3832 1643 3902 σφόδρα.
1663 3833 1825 3904 Ὁρᾷς
1845 3832 1938 3887 τὸν

251 3913 386 3968 Λὼτ
411 3914 548 3986 πρὸς
584 3916 683 3986 τὴν
703 3917 802 3986 τῆς
822 3917 925 3986 γῆς
946 3917 1106 3982 φύσιν
1132 3918 1291 3988 μόνον
1311 3919 1589 3985 ἀπιδόντα,
1610 3920 1706 3973 καὶ
1723 3921 1784 3973 οὑ
1809 3939 1936 3974 σκο-

253 4001 532 4073 πούμενον
566 4003 676 4056 τῶν
699 4005 1052 4060 ἐνοικούντων
1068 4005 1170 4076 τὴν
1193 4008 1455 4078 πονηρίαν
1475 4024 1489 4072 ;
1511 4007 1576 4060 Τί
1595 4007 1704 4079 γάρ
1723 4009 1935 4079 ὄφελος,

251 4090 380 4143 εἰπέ
405 4107 517 4159 μοι,
538 4091 641 4161 γῆς
662 4092 1038 4164 ἐπιτηδειότης
1079 4096 1173 4148 καὶ
1212 4095 1442 4164 καρπῶν
1462 4096 1712 4167 εὐφορία,
1733 4099 1861 4150 ὅταν
1886 4099 1936 4151 οἰ

251 4177 596 4242 ἐνοικοῦντες
621 4173 723 4232 ὦσι
764 4180 1030 4252 μοχθηροὶ
1065 4182 1157 4234 τὸν
1196 4183 1428 4253 τρόπον;
1465 4184 1604 4237 Τίδέ
1628 4184 1824 4254 βλάϐος
1841 4186 1938 4240 ἀπ’

250 4266 496 4336 ἐρημίας
514 4265 580 4318 ἂν
599 4267 809 4335 γένοιτο
829 4270 922 4322 καὶ
940 4269 1044 4340 γῆς
1066 4270 1427 4341 φαυλοτάτης,
1447 4273 1575 4326 ὅταν
1591 4274 1642 4325 οἰ
1662 4273 1936 4328 ἐνοικοῦν-

250 4367 349 4415 τες
367 4346 502 4405 ὦσιν
521 4354 916 4426 ἐπιεικέστεροι
936 4373 950 4420 ;
973 4356 1047 4408 Τὸ
1065 4356 1174 4428 γὰρ
1192 4357 1482 4425 κεφάλαιον
1514 4359 1624 4412 τῶν
1659 4359 1878 4429 ἀγαθῶν
1900 4363 1935 4433 ἡ

250 4438 369 4492 τῶν
402 4441 756 4496 ἐνοικούντων
775 4444 924 4496 ἐστὶν
942 4444 1355 4516 εὐγνωμοσύνη.
1375 4445 1512 4498 Ἀλλ’
1531 4449 1558 4500 6
1577 4446 1700 4500 Λὼτ
1721 4449 1857 4518 πρὸς
1876 4447 1936 4502 ἐν

255 4525 424 4597 μόνον
461 4523 590 4593 εἶδε,
613 4532 711 4601 τῆς
749 4530 855 4599 γῆς
893 4530 990 4603 τὴν
1028 4532 1304 4603 εὐφορίαν.
1344 4533 1442 4587 Διά
1476 4534 1634 4588 τοῦτο
1673 4538 1706 4607 ὴ
1744 4537 1935 4608 Γραφὴ

253 4615 503 4683 σημᾶναι
537 4617 669 4687 ἡμῖν
690 4616 987 4688 βουλομένη
1010 4619 1117 4671 τῶν
1139 4620 1323 4673 αὐτόθι
1345 4622 1634 4675 οἰκούντων
1654 4623 1752 4694 τὴν
1771 4641 1937 4695 πονη-

252 4700 403 4772 ρίαν,
429 4702 597 4772 φησίν
617 4719 632 4734 ο
677 4705 741 4756 Ol
776 4702 844 4756 δὲ
880 4703 1174 4773 ἄνθρωποι
1209 4711 1261 4760 οἱ
1294 4707 1666 4777 ὲνΣοδόμοις
1687 4713 1934 4780 πονηροί

251 4789 356 4844 καί
395 4791 730 4859 ἁμαρτωλοὶ
771 4791 1053 4848 ἐναντίον
1072 4794 1177 4847 τοῦ
1202 4796 1347 4848 Θεοῦ
1370 4796 1625 4865 σφόδρα.
1653 4799 1726 4850 Οὑ
1751 4800 1930 4869 μόνον,

253 4878 416 4946 φησὶ,
455 4880 737 4947 Πονηροὶ,
779 4880 915 4934 ἀλλὰ
952 4883 1061 4935 Καὶ
1105 4883 1456 4952 ἁμαρτωλοὶ,
1479 4887 1574 4938 καὶ
1605 4887 1703 4956 οὐχ
1748 4887 1933 4951 ἁπλῶς

266 4966 641 5034 Ἀμαρτωλοὶ,
664 4969 800 5023 ἀλλὰ
841 4971 935 5023 καὶ
966 4972 1276 5026 Ἐναντίον
1313 4973 1421 5027 τοῦ
1438 4975 1608 5037 Θεοῦ,
1629 4977 1771 5028 τοῦτ’
1793 4977 1929 5042 ἔστι,

253 5053 429 5124 πολλὴ
448 5056 556 5107 τῶν
576 5057 989 5128 ἁμαρτημάτων
1008 5060 1186 5113 αὑτῶν
1207 5061 1240 5132 ἡ
1260 5061 1530 5125 ἐπίτασις,
1549 5063 1642 5116 καὶ
1662 5064 1932 5135 ὑπερϐάλ-

251 5141 422 5194 λουσα
453 5141 634 5194 αὐτῶν
661 5146 693 5212 ή
715 5145 978 5215 πονηρία·
1000 5146 1068 5199 δι’
1087 5147 1116 5199 δ
1149 5148 1240 5200 καὶ
1274 5149 1550 5217 ἐπήγαγεν
1567 5168 1579 5179 ·
1617 5151 1932 5206 Ἑναντίον

252 5228 363 5282 τοῦ
389 5229 537 5282 Θεοῦ
557 5232 812 5298 σφόδρα.
833 5228 986 5296 Εἶδες
1007 5234 1206 5299 κακίας
1230 5237 1486 5304 μέγεθος;
1521 5235 1656 5302 εἶδες
1673 5240 1795 5293 ὅσον
1813 5241 1929 5292 ἐστὶ

252 5317 427 5369 κακὸν
462 5317 523 5370 τὸ
557 5322 667 5383 τοῖς
704 5320 992 5390 πρωτείοις
1027 5323 1320 5394 ἐπιπηδᾷν,
1344 5328 1433 5377 καὶ
1460 5325 1534 5395 μὴ
1553 5326 1614 5379 τὸ
1651 5327 1927 5398 συμφέρον

252 5407 482 5458 σκοπεῖν
503 5421 517 5470 ;
540 5402 678 5470 εἶδες
696 5408 817 5461 ὅσον
838 5409 985 5461 ἐστὶν
1007 5410 1294 5474 ἐπιείκεια,
1317 5413 1410 5466 καὶ
1428 5414 1488 5466 τὸ
1507 5414 1615 5466 τῶν
1644 5415 1927 5486 πρωτείων

251 5497 631 5565 παραχωρεῖν,
654 5497 745 5548 καὶ
782 5497 1168 5563 ἐλαττοῦσθαι;
1207 5500 1334 5552 Ἰδοὺ
1357 5499 1465 5572 γάρ
1495 5501 1788 5572 προϊούσης
1827 5503 1926 5571 τῆς

245 5577 604 5644 διδασκαλίας
638 5581 882 5652 ὀψόμεθα
900 5583 992 5636 τὸν
1014 5583 1112 5654 μὲν
1130 5585 1201 5638 τά
1222 5584 1413 5656 πρῶτα
1431 5587 1810 5657 ἐκλεξάμενον,
1832 5589 1923 5640 οὑ-

240 5665 444 5735 δεμίαν
481 5667 689 5721 ἐκεῖθεν
726 5669 910 5739 ὄνησιν
950 5671 1450 5742 προσλαμϐάνοντα,
1473 5675 1564 5727 τὸν
1591 5675 1648 5728 δὲ
1670 5674 1925 5729 ἐλάττονα

245 5754 526 5824 ἑλόμενον,
565 5757 1026 5828 περιφανέστερον
1066 5759 1440 5832 καθ’ἑκάστην
1480 5764 1782 5834 γινόμενον,
1822 5764 1919 5821 καί⁷

1341 375 1411 430 ΙΝ
1445 375 1600 432 CAP.
1641 373 1758 430 XIII
1792 373 2040 431 GENES.
2063 373 2278 434 HOMIL
2340 379 2581 440 XXXIV.

3612 387 3718 441 512

2036 491 2127 546 διὰ
2163 497 2382 553 πάντων
2422 497 2796 571 αὐξανομένην
2832 498 3001 554 αὐτοῦ
3020 499 3122 572 τὴν
3139 499 3422 572 εὐπορίαν,
3446 502 3542 555 καὶ
3580 505 3716 556 πᾶσι

2043 583 2404 654 περίϐλεπτον
2425 586 2844 657 καθιστάμενον.

2108 669 2170 724 ε’.
2191 673 2328 727 Ἀλλ’
2350 674 2437 726 ἵνα
2460 674 2534 746 μὴ
2554 676 2634 737 εἰς
2650 675 2783 728 πολὺ
2808 675 2983 746 μῆκος
3001 674 3445 746 ἐκτείνωμεν.τὴν
3457 675 3714 729 διδασκα-

2034 761 2175 822 λίαν,
2203 762 2363 832 μέχρι
2394 761 2583 816 τούτου
2624 764 2919 833 στήσαντες
2937 763 3029 816 τὸν
3046 762 3223 831 λόγον,
3247 764 3329 826 εἰς
3349 763 3445 834 τὴν
3465 763 3596 833 ἐξῆς
3613 781 3711 816 τα-

2035 847 2396 917 Δμιευσώμεθα
2415 848 2482 902 τὰ
2503 848 2820 917 λειπόμενα,
2842 850 3016 901 ἐκεῖνο
3037 847 3516 920 παρακαλέσαντες
3549 850 3712 919 ὑμᾶς,

2036 934 2176 988 ὥστε
2214 933 2454 1004 ζηλῶσαι
2491 935 2583 988 τόν
2621 936 2987 1009 πατριάρχην,
3009 937 3105 989 καὶ
3143 935 3413 1006 μηδέποτε
3431 937 3540 988 τῶν
3563 953 3714 1006 πρωι-

2035 1021 2190 1074 τείων
2229 1021 2497 1090 ἐφίεσθαι,
2530 1022 2664 1076 ἀλλά
2701 1023 2982 1076 πείθεσθαι
3020 1023 3099 1093 τῷ
3139 1022 3394 1094 μακαρίῳ
3413 1023 3610 1092 Παύλῳ
3630 1023 3717 1075 λέ--

2035 1127 2180 1172 γοντι
2202 1127 2215 1138 ·
2246 1109 2323 1177 Τῇ
2361 1109 2499 1179 τιμῇ
2545 1110 2858 1177 ἀλλήλους
2893 1110 3327 1180 προηγούμενοι
3348 1111 3715 1181 ὑπερέχοντας

2036 1198 2266 1260 ἑαυτῶν,
2290 1199 2383 1251 καὶ
2422 1198 2743 1263 σπουδάζειν
2785 1199 2844 1252 ἐν
2882 1198 3087 1252 ἆπασιν
3126 1197 3502 1251 ἐλαττοῦσθαι.
3543 1197 3717 1250 Τοῦτο

2035 1287 2144 1356 γάρ
2163 1289 2277 1339 ἐστι
2303 1287 2358 1339 τὸ
2377 1287 2444 1340 τά
2463 1290 2707 1358 πρωτεῖα
2727 1287 2893 1358 ἔχειν,
2914 1286 3168 1357 καθάπερ
3192 1287 3288 1339 καὶ
3305 1288 3333 1339 6
3353 1287 3584 1357 Χριστός
3607 1305 3714 1354 φη-

2035 1393 2147 1427 σιν·
2201 1375 2254 1426 Ὁ
2294 1373 2590 1427 ταπεινῶν
2632 1374 2871 1440 ἑαυτὸν,
2913 1375 3319 1442 ὑψωθήσεται.
3345 1374 3410 1426 Τί
3430 1369 3522 1427 οὖν
3541 1372 3606 1427 ἂν
3627 1375 3717 1442 εἴη

2035 1463 2223 1515 τούτου
2265 1462 2401 1528 ἴσον,
2422 1463 2550 1515 ὅταν
2581 1462 2648 1514 δι’
2669 1458 2744 1515 ὧν
2781 1461 2987 1532 ἑτέροις
3006 1462 3113 1515 τῶν
3135 1461 3420 1533 πρωτείων
3455 1478 3716 1532 παραχω-

2037 1551 2261 1621 ροῦμεν,
2283 1551 2436 1604 αὐτοὶ
2462 1549 2705 1619 μείζονος
2724 1550 3087 1621 ἀπολαύωμεν
3106 1550 3208 1619 τῆς
3226 1549 3415 1620 τιμῆς,
3437 1551 3530 1604 κα)⁸
3552 1550 3620 1602 δι’
3638 1544 3716 1604 ὧν

2033 1639 2257 1710 ἐτέρους
2297 1638 2685 1710 προτιμῶμεν,
2727 1639 2955 1702 ἑαυτοὺς
2995 1640 3076 1701 εἰς
3115 1638 3214 1710 τὴν
3253 1640 3514 1692 ἀνωτάτω
3548 1640 3716 1710 τιμὴν

2033 1729 2363 1798 ἀνάγωμεν;
2415 1728 2585 1781 Τοῦτο
2637 1728 2818 1782 τοίνυν
2839 1768 2854 1792 ,
2894 1728 3200 1799 παρακαλῶ
3221 1771 3238 1794 ,
3283 1727 3674 1797 σπουδάζωμεν
3695 1768 3715 1794 ,

2033 1815 2174 1869 ὥστε
2220 1815 2502 1886 μιμεῖσθαι
2539 1815 2636 1868 τοῦ
2675 1815 3017 1887 πατριάρχου
3055 1816 3155 1886 τὴν
3187 1816 3710 1885 ταπεινοφροσύνην,

2035 1903 2128 1956 καὶ
2147 1905 2269 1956 κατ’
2290 1903 2435 1973 ῐχνος
2451 1903 2640 1956 τούτου
2659 1903 2755 1956 τοῦ
2775 1904 2881 1974 πρὸ
2901 1902 2994 1956 τοῦ
3015 1903 3179 1972 νόμου
3199 1904 3300 1974 τὴν
3317 1903 3570 1974 τοιαύτην
3592 1905 3715 1956 ἐπι-

2032 1990 2350 2061 δειξαμένου
2371 1990 2690 2059 φιλοσοφίαν
2711 1993 2870 2061 ἡμεῖς
2890 1992 2940 2044 οἰ
2960 1992 3017 2043 ἐν
3036 1993 3100 2062 τῇ
3121 1991 3305 2061 χάριτι
3325 1990 3710 2062 πορευώμεθα.

2037 2077 2516 2148 Ταπεινοφροσύνη
2538 2078 2648 2149 γὰρ
2667 2078 2885 2150 ἀληθῶς
2903 2077 3042 2150 αὕτη
3065 2079 3234 2143 ἐστὶν,
3253 2080 3430 2149 ἥνπερ
3448 2080 3478 2131 6
3497 2078 3712 2148 θαυμά-

2037 2182 2153 2229 σιος
2171 2160 2324 2229 οὗτος
2360 2166 2499 2237 ἀνὴρ
2529 2165 2840 2230 ἐπεδείξατο
2860 2166 2988 2236 περὶ
3007 2167 3097 2220 τὸν
3119 2167 3252 2222 πολὺ
3273 2166 3439 2220 αὑτοῦ
3461 2167 3713 2237 λειπόμε-

2036 2270 2146 2315 νον,
2167 2253 2229 2306 οὑ
2268 2254 2412 2307 κατά
2448 2253 2540 2306 τὸν
2570 2255 2670 2323 τῆς
2689 2254 2891 2324 ἀρετῆς
2911 2255 3069 2322 λόγον
3092 2255 3272 2326 μόνον,
3295 2255 3430 2308 ἀλλά
3449 2254 3544 2309 καὶ
3566 2255 3711 2308 κατά

2034 2339 2132 2409 τὴν
2152 2340 2365 2410 ἡλικίαν
2387 2342 2481 2394 καὶ
2499 2340 2568 2394 τὰ
2590 2341 2723 2395 ἄλλα
2743 2341 2940 2394 πάντα.
2961 2342 3242 2412 Ἐννόησον
3261 2342 3370 2414 γάρ
3389 2343 3472 2395 ὅτι
3507 2344 3536 2396 ὁ
3577 2360 3682 2413 πρε
3695 2373 3712 2390 ρ

2037 2426 2240 2498 σϐύτης
2266 2427 2344 2498 τῷ
2363 2429 2468 2498 νέῳ
2487 2428 2870 2500 παρεχώρησε,
2895 2429 2988 2482 καὶ
3006 2430 3035 2482 6
3054 2429 3198 2492 θεῖος
3215 2429 3293 2500 τῷ
3312 2429 3595 2500 ἀδελφιδῷ,
3617 2430 3713 2484 καὶ

2035 2517 2064 2568 6
2096 2515 2365 2590 τοσαύτης
2400 2516 2689 2569 ἀπολαύων
2732 2516 2884 2588 παρά
2921 2515 3014 2570 τοῦ
3047 2515 3182 2570 Θεοῦ
3216 2515 3523 2587 εὐνοίαςτῷ
3546 2517 3714 2587 μηδὲν

2040 2602 2262 2672 μηδέπω
2302 2603 2443 2674 μέγα
2478 2621 2532 2656 τι
2569 2602 2991 2676 ἐπιδειξαμένῳο
3032 2606 3128 2660 καὶ
3156 2606 3300 2677 άπερ
3319 2606 3484 2675 ἐχρῆν
3503 2608 3712 2659 ἐκεῖνον

2035 2691 2228 2753 εἰπεῖν,
2250 2691 2326 2754 ὠς
2366 2691 2485 2745 νέον
2521 2692 2658 2763 πρὸς
2697 2692 2790 2746 τὸν
2829 2694 3146 2764 πρεσϐύτην
3181 2694 3274 2749 καὶ
3312 2693 3453 2746 θεῖον
3493 2693 3708 2755 ἑαυτοῦ,

2033 2776 2206 2832 ταῦτα
2225 2780 2252 2832 6
2273 2779 2620 2850 πατριάρχης
2639 2780 2774 2850 πρὸς
2794 2781 2884 2834 τὸν
2907 2780 3060 2852 [559]
3084 2781 3202 2834 νέον
3222 2781 3397 2848 ἔλεγε.
3421 2782 3530 2834 Καὶ
3549 2781 3712 2851 ἡμεῖς

2034 2864 2216 2918 τοίνυν
2238 2865 2312 2937 μὴ
2333 2867 2461 2937 περὶ
2478 2868 2604 2930 τοὺς
2621 2868 3066 2938 ὑπερϐεϐηκότας
3082 2870 3252 2938 ἡμᾶς,
3270 2868 3302 2939 ἢ
3318 2870 3398 2931 εἰς
3415 2868 3542 2930 τοὺς
3564 2868 3711 2929 ῐσους

2036 2950 2212 3022 ήμῖνει
2247 2953 2617 3023 τυγχάνοντας
2660 2955 2819 3023 μόνον
2853 2954 2925 3007 τὰ
2963 2955 3062 3024 τῆς
3101 2954 3271 3025 τιμῆς
3291 2953 3710 3024 ἐπιδειξώμεθα.

2037 3038 2208 3092 Τοῦτο
2227 3040 2334 3112 γὰρ
2354 3041 2452 3093 οὐκ
2471 3040 2537 3094 ἂν
2558 3042 2641 3113 εἴη
2663 3042 3128 3115 ταπεινοφροσύνη
3157 3060 3169 3072 ο
3191 3043 3318 3096 ὅταν
3337 3043 3445 3113 γάρ
3463 3060 3546 3106 τις
3561 3043 3624 3094 τὸ
3651 3038 3715 3106 ἐξ

2037 3127 2281 3198 ἀνάγκης
2333 3128 2678 3199 ὀφειλόμενον
2721 3132 2886 3200 ποιῇ,
2928 3131 2988 3183 οὐ
3029 3129 3497 3201 ταπεινοφροσύνη
3551 3129 3712 3184 τοῦτό

2037 3216 2203 3276 ἐστιν,
2245 3214 2358 3267 ἀλλ’
2379 3215 2586 3287 ὁφειλή.
2611 3216 2678 3269 Ἡ
2714 3216 2770 3268 δὲ
2809 3207 3014 3287 ἀληθής
3053 3216 3543 3290 ταπεινοφροσύνη,
3583 3217 3712 3270 ὅταν

2036 3305 2146 3365 τοῖς
2167 3302 2442 3357 ἐλάττοσιν
2462 3299 2600 3357 εἶναι
2619 3304 2836 3358 δοκοῦσι
2864 3304 3304 3376 παραχωρῶμεν,
3338 3305 3433 3358 καὶ
3468 3304 3713 3368 ἐκείνους

2039 3390 2398 3459 προτιμῶμεν
2435 3391 2560 3454 τοὺς
2601 3390 2736 3444 πολὺ
2780 3391 3236 3463 καταδεεστέρους
3263 3389 3711 3462 εἶναινομιξομέ-

2037 3477 2288 3538 νους.“Αν
2329 3476 2385 3529 δὲ
2426 3478 2704 3548 νήφωμεν,
2744 3478 2866 3531 οὐδὲ
2899 3479 3152 3541 ἐλάττους
3189 3479 3349 3549 ήμῶν
3389 3475 3526 3532 εἷναί
3562 3495 3712 3542 τινας

2035 3561 2508 3632 νομίσομεν,ἀλλά
2548 3563 2757 3627 πάντας
2797 3565 3117 3635 ἀνθρώπους
3156 3565 3505 3635 ὑπερϐαίνειν
3541 3567 3710 3636 ἡμᾶς.

2035 3648 2146 3700 Καὶ
2183 3647 2342 3702 τοῦτο
2378 3649 2542 3717 λέγω,
2567 3651 2626 3704 οὑ
2660 3651 2787 3720 περὶ
2806 3652 2964 3722 ήμῶν
2983 3651 3090 3704 τῶν
3115 3652 3328 3723 μυρίοις
3349 3653 3711 3723 ἁμαρτήμασι

2037 3731 2508 3803 βεϐαπτισμένων,
2531 3735 2668 3790 ἀλλά
2693 3737 2796 3790 κᾶν
2820 3736 2989 3808 μυρία
3009 3734 3143 3810 τις
3167 3737 3565 3808 κατορθώματα
3583 3741 3712 3791 ἐαυ-

2034 3819 2112 3891 τῷ
2133 3822 2410 3886 συνειδὼς,
2437 3823 2509 3895 μὴ
2528 3825 2687 3878 τοῦτο
2717 3825 2775 3878 δέ
2812 3825 3078 3893 λογίζοιτο
3098 3826 3218 3879 καθ’
3241 3824 3456 3890 ἑαυτὸν,
3473 3826 3555 3878 ὅτι
3576 3827 3712 3880 πάν-

2034 3926 2146 3962 των
2165 3911 2311 3962 ἐστὶν
2330 3910 2576 3981 ἔσχατος,
2599 3913 2748 3966 οὐδὲν
2769 3912 2918 3983 αὑτῷ
2937 3913 3125 3982 ὄφελος
3146 3912 3212 3966 ἂν
3231 3913 3438 3980 γένοιτο
3456 3914 3564 3967 τῶν
3582 3930 3710 3967 τοσ-

2035 3997 2208 4050 ούτων
2229 3999 2685 4069 κατορθωμάτων.
2712 3999 2882 4054 Τοῦτο
2919 4001 3028 4072 γάρ
3065 4002 3182 4055 ἐστι
3215 4001 3707 4073 ταπεινοφροσύνη,

2035 4085 2162 4140 ὅταν
2180 4103 2264 4150 τις
2285 4086 2539 4158 ἀφορμάς
2558 4087 2695 4157 ἔχων
2726 4087 2822 4141 τοῦ
2862 4088 3208 4159 ἐπαίρεσθαι,
3229 4089 3567 4163 καταστέλλῃ
3587 4089 3714 4144 ἐαυο

2035 4172 2126 4226 τὸν
2146 4173 2240 4226 καὶ
2258 4177 2524 4237 ταπεινοῖ,
2547 4175 2642 4228 καὶ
2663 4176 2953 4248 μετριάζῃ.
2976 4177 3110 4230 Τότε
3145 4177 3254 4248 γὰρ
3282 4179 3379 4231 καὶ
3397 4179 3480 4241 εἰς
3495 4178 3558 4230 τὸ
3576 4177 3712 4250 ἀλη-

2037 4259 2127 4324 θὲς
2146 4259 2280 4330 ὕψος
2294 4261 2678 4333 ἀναχθήσεται,
2701 4263 2841 4317 κατὰ
2857 4265 2956 4334 τὴν
2974 4264 3068 4318 τοῦ
3088 4263 3284 4336 Κυρίου
3302 4265 3596 4337 ὑπόσχεσιν
3609 4266 3715 4338 τὴν

2037 4346 2320 4415 λέγουσαν,
2340 4349 2422 4401 ὅτι
2452 4349 2505 4402 Ὀ
2528 4350 2824 4404 ταπεινῶν
2843 4350 3061 4405 ἑαυτὸν
3095 4351 3498 4420 ὑψωθήσεται.
3536 4352 3680 4407 Σπου
3695 4382 3710 4394 -

2035 4434 2283 4506 δάσωμεν
2319 4435 2516 4501 τοίνυν,
2537 4439 2864 4509 παρακαλῶ,
2885 4438 3091 4503 πάντες
3109 4438 3202 4493 τοῦ
3224 4438 3392 4510 ὕψους
3427 4441 3711 4512 ἐπιτυχεῖν

2034 4523 2128 4575 τοῦ
2169 4523 2256 4576 διὰ
2290 4523 2390 4594 τῆς
2428 4525 2948 4596 ταπεινοφροσύνης,
2972 4527 3059 4580 ἵνα
3097 4528 3195 4598 τῆς
3227 4528 3494 4599 αὐτῆςτῷ
3511 4528 3710 4598 δικαίῳ

2036 4611 2249 4676 εὐνοίας
2283 4612 2676 4684 ἀπολαύσωμεν
2698 4615 2846 4686 παρὰ
2865 4613 2960 4668 τοῦ
2981 4616 3272 4680 Δεσπότου,
3296 4616 3514 4670 καὶτῶν
3534 4617 3706 4687 ἀπορ-

2039 4703 2218 4772 ρήτων
2238 4702 2700 4772 ἐκείνωνξάγαθῶν
2720 4703 3058 4774 ἀξιωθῶμεν,
3081 4703 3266 4774 χάριτι
3286 4704 3380 4757 καὶ
3399 4704 3704 4775 φιλανθρωο

2037 4789 2136 4861 πία
2162 4789 2256 4844 τοῦ
2287 4791 2495 4861 Κυρίου
2513 4793 2546 4862 ή
2556 4790 2672 4860 μῶν
2706 4791 2879 4861 Ἰησοῦ
2899 4791 3156 4862 Χριστοῦ,
3183 4791 3302 4863 μεθ’
3323 4785 3384 4845 οὗ
3404 4792 3482 4863 τῷ
3501 4795 3701 4864 Πατρὶ,

2034 4875 2152 4947 ἅμα
2180 4876 2257 4947 τῷ
2295 4879 2434 4947 ἁγίῳ
2455 4877 2752 4948 Πνεύματι,
2773 4877 2919 4942 δόξα,
2939 4878 3162 4949 κράτος,
3183 4877 3338 4948 τιμὴ,
3363 4878 3458 4934 νῦν
3479 4880 3573 4933 καὶ
3592 4880 3703 4940 ἀεὶ,

2033 4964 2125 5017 καὶ
2146 4965 2226 5028 εἰς
2243 4965 2368 5029 τοὺς
2387 4966 2588 5029 αἰῶνας
2605 4965 2713 5021 τῶν
2733 4965 2960 5020 αἰώνων.
2982 4967 3172 5038 Ἀμήν.

2663 5090 2762 5142 ΟΜ
2769 5090 2907 5144 [AIA
2945 5091 3066 5144 ΛΔ’.

2030 5185 2177 5265 ΕΤπε
2207 5190 2288 5265 δὲ.
2309 5192 2520 5265 Κύριος
2546 5191 2891 5265 τῷῙΛϐραμ
2922 5196 3072 5263 μετά
3102 5195 3168 5250 τὸ
3201 5194 3564 5265 χωρισθῆναι
3590 5197 3702 5249 τὸν

2101 5260 2357 5336 Λὼτ-ἀπ’
2386 5262 2603 5336 uibrat?
2651 5260 3027 5336 Ἀναϐλέψας
3067 5260 3556 5336 τοῖςδερθαλμοῖς
3579 5283 3701 5336 σου

2099 5329 2328 5405 τδεΑάπό
2348 5331 2454 5405 τοῦ
2486 5335 2694 5405 τόπου,
2722 5329 2794 5387 οὗ
2829 5329 2925 5388 σὺ⁷
2935 5329 3051 5390 νῦν
3077 5338 3149 5399 εἷ,
3166 5329 3328 5405 ’πρός
3342 5329 3574 5404 ,βορρᾶν
3596 5335 3698 5388 καὶ

2098 5401 2260 5478 λίϐα,
2282 5401 2384 5478 ξιαὶ
2417 5401 2717 5478 ἀνατολὰς
2750 5405 2852 5478 καί
2884 5401 3333 5478 θάλασσανξὸτι
3353 5401 3560 5460 πᾶσαν
3584 5406 3701 5471 τὴν

2097 5468 2234 5538 γῆν,
2269 5467 2350 5536 ἢν
2379 5471 2460 5523 σὺ
2499 5471 2662 5538 όρᾷς,
2686 5467 2794 5547 ροὶ
2823 5474 2998 5527 δώσω
3023 5467 3235 5543 αὐτήν.

2096 5580 2164 5628 α’.
2201 5575 2551 5646 Κατεμάθετε
2583 5578 2729 5648 χθὲς,
2771 5581 3063 5650 ἀγαπητοὶ,
3095 5581 3190 5634 τοῦ
3227 5582 3557 5655 πατριάρχου
3594 5583 3694 5653 τὴν

2028 5661 2464 5733 ὑπερϐάλλουσαν
2481 5669 2995 5739 ταπεινοφροσύνην,
3017 5669 3186 5721 εἴδετε
3206 5669 3500 5734 ἐπιεικείας
3523 5673 3692 5743 ὑπερ-

2101 5788 2126 5816 ⁶
2158 5788 2304 5838 Savil.
2330 5794 2379 5838 et
2401 5790 2596 5850 quidam
2619 5789 2701 5840 alii
2722 5791 2829 5847 τοὺς
2847 5793 2892 5847 ἐξ
2927 5792 3035 5851 ἴσης
3055 5791 3183 5856 ἡμῖν.
