4092 6408
386 359 497 414 ’513

390 475 576 546 ϐολήν.
590 472 725 528 Οὑδέ
735 473 843 547 7&9
856 470 926 545 ἦν
937 470 998 528 τδ
1008 471 1168 543 τυχὸν
1182 471 1244 527 τὸ
1261 472 1353 526 τὸν
1372 488 1477 543 πρε
1484 469 1707 539 σϐύτην.
1721 469 1813 523 τὸν
1831 469 2068 522 τοσαῦτα

393 563 810 635 εὐεργετηκότα,
827 562 919 616 τὸν
931 561 1199 632 τοσαύτης
1214 560 1556 616 ἀπολαύοντα
1574 559 1671 629 τῆς
1691 559 1901 622 εὐνοίας
1920 559 2071 630 παρὰ

390 651 485 705 τοῦ
526 650 742 704 πάντων
779 650 1072 712 Δεσπότου,
1092 648 1361 719 τοσαύτην
1399 647 1773 712 ἐπιδείξασθαι
1812 648 1941 718 περὶ
1977 647 2069 703 τὸν

392 738 534 800 νέον,
552 738 643 791 τὸν
675 736 1010 805 ἀδελφιδοῦν,
1032 738 1131 807 τὴν
1173 736 1466 806 ἰσοτιμίαν,
1486 736 1625 790 ῶστε
1666 738 1759 790 καὶ
1784 737 1895 789 τῶν
1915 753 2068 808 πρω-

390 824 552 880 τείων
589 826 739 896 αὑτῷ
780 828 1199 896 παραχωρῆσαι,
1221 825 1316 878 καί.
1330 825 1399 879 τὰ
1422 826 1677 879 ἐλάττονα
1713 824 1949 885 ἑλέσθαι.
1973 826 2069 881 καὶ

392 916 570 969 πάντα
606 914 1001 981 καταδέξασθαι
1044 914 1184 984 ὑπὲρ
1220 913 1313 967 τοῦ
1351 913 1443 966 τὸν
1474 914 1710 983 πόλεμον
1732 915 2065 981 ἀναστεῖλαι,

392 1002 488 1057 καὶ
506 1003 603 1073 τὴν
623 1003 723 1071 τῆς
744 1000 1073 1071 φιλονεικίας
1094 1000 1349 1054 ὑπόθεσιν
1383 1000 1623 1054 ἐκποδὼν
1661 1001 1905 1071 ποιῆσαι.
1930 1002 2067 1055 Τοῦ-

389 1107 482 1143 τον
522 1090 758 1153 ἅπαντες
801 1088 995 1159 ζηλοῦν
1037 1089 1445 1159 σπουδάζωμεν,
1481 1090 1575 1143 καὶ
1620 1090 1885 1161 μηδέποτε
1928 1093 2068 1147 κατά

389 1178 499 1231 τῶν
538 1177 764 1246 πλησίον
801 1176 1181 1246 ἐπαιρώμεθα,
1204 1178 1337 1248 μηδέ
1383 1177 1523 1247 μέγα
1565 1177 1852 1249 φρονῶμεν
1876 1196 1889 1209 ·
1932 1180 2067 1234 ἀλλά

392 1268 592 1339 πολλὴν
623 1268 721 1337 τὴν
742 1268 1243 1338 ταπεινοφροσύνην
1264 1267 1697 1337 ἐπιδεικνύμενοι
1717 1271 2064 1340 παραχωρῶ-

396 1374 515 1425 μεν,
538 1355 632 1408 καὶ
652 1354 1003 1409 ἐλαττοῦσθαι
1027 1355 1227 1425 μᾶλλον
1249 1355 1565 1424 σπεύδωμεν
1584 1357 1642 1409 ἐν
1664 1359 1952 1427 πράγμασι
1974 1358 2064 1411 καὶ

392 1444 451 1495 ἐν
472 1444 537 1513 ρή
547 1459 697 1511 μασι,
709 1442 804 1494 καὶ
826 1445 961 1511 μήτε
978 1441 1111 1511 πρὸς
1126 1442 1251 1504 τοὺς
1268 1441 1589 1504 ἀδικοῦντας
1606 1442 2064 1514 ἀπεχθανώμεθα,

386 1530 493 1585 κᾶν
533 1529 960 1601 εὑηργετημένοι
994 1528 1198 1600 τύχωσι
1235 1532 1364 1601 παρ’
1399 1529 1554 1599 ἡμῶν
1587 1530 1738 1593 ὄντες
1760 1531 1937 1599 (τοῦτο
1956 1533 2065 1604 7&9

382 1618 587 1688 ἀρίστη
611 1616 939 1684 φιλοσοφία),
964 1618 1100 1687 μήτε
1121 1616 1257 1687 πρὸς
1273 1616 1373 1679 τάς
1394 1615 1543 1687 [540]
1566 1615 1751 1688 ὕϐρεις
1770 1619 2066 1689 ἀγριαίνω-

394 1723 513 1775 μεν,
536 1706 639 1759 κᾶν
650 1706 1035 1775 ὑποδεέστεροι
1069 1699 1179 1757 εἷεν
1208 1706 1257 1756 οί
1281 1704 1416 1775 πρὸς
1436 1706 1583 1775 ἡμᾶς
1602 1705 2065 1777 διαπληκτιζόμε-

390 1812 494 1855 νοι,
514 1794 649 1847 ἀλλά
684 1797 748 1863 τῇ
784 1792 1053 1863 ἐπιεικείᾳ
1086 1793 1181 1845 καὶ
1214 1794 1277 1863 τῇ
1302 1792 1577 1861 πραΰτητι
1598 1793 1688 1846 τὸν
1709 1793 1879 1863 θυμὸν
1898 1812 2066 1849 κατα-

392 1886 718 1956 στέλλωμεν.
742 1885 906 1937 Οὐδὲν
925 1882 1033 1953 7&9
1053 1883 1258 1952 ταύτης
1298 1882 1669 1954 ἰσχυρότερον,
1688 1884 1843 1937 οὐδὲν
1860 1883 2065 1955 ταύτης

389 1972 776 2043 δυνατώτερον.
802 1970 950 2038 Αὕτη
968 1969 1067 2039 τὴν
1085 1970 1358 2040 ἡμετέραν
1385 1969 1563 2039 ψυχὴν
1582 1970 1640 2023 ἐν
1659 1970 1898 2039 διηνεκεῖ
1933 1972 2065 2025 καθ-

394 2061 573 2131 ίστησι
608 2063 675 2131 τῇ
718 2060 947 2129 γαλήνῃ,
970 2058 1220 2130 καθάπερ
1258 2061 1315 2112 ἐν
1354 2058 1533 2129 λιμένι
1551 2059 1721 2129 αὑτὴν
1740 2060 2063 2130 ὁρμίζεσθαι

391 2148 903 2219 παρασκευάζουσα,
928 2146 1023 2201 καί⁸
1063 2147 1244 2216 πάσης
1276 2146 1637 2209 ἀναπαύσεως
1658 2147 1912 2211 ὑπόθεσις
1932 2150 2062 2219 ἡμῖν

388 2236 672 2307 γινομένη.
694 2235 793 2289 Διά
828 2234 985 2288 τοῦτο
1023 2236 1115 2287 καὶ
1147 2236 1175 2286 6
1212 2235 1447 2306 Χριστὸς
1468 2235 1567 2305 τὴν
1587 2235 1737 2288 θείαν
1758 2236 1975 2308 ἐκείνην
1994 2236 2065 2290 δι-

389 2324 684 2377 δασκαλίαν
748 2321 1067 2392 ποιούμενος
1119 2321 1304 2390 ἔλεγε’
1352 2321 1584 2376 Μάθετε
1626 2323 1727 2377 ἀπ’
1746 2324 1928 2393 ἐμοῦ,
1974 2325 2066 2381 ὅτι

390 2412 581 2480 πρᾶός
618 2414 735 2479 ειμι
771 2408 1185 2474 καίιταπεινός
1223 2408 1298 2477 τῇ
1337 2410 1546 2478 καρδίᾳ
1570 2452 1585 2475 ,
1626 2410 1726 2464 καί
1778 2412 2065 2478 εὑρήσετε

388 2499 739 2554 ἀνάπαυσιν
772 2497 901 2563 ταῖς
940 2498 1169 2565 ψυχαῖς
1206 2495 1393 2567 ὑμῶν.
1435 2498 1601 2551 Οὑδέν
1641 2498 1751 2569 γὰρ
1786 2498 1931 2553 οὑτω
1966 2500 2064 2571 τὴν

388 2588 568 2658 ψυχὴν
606 2587 665 2639 ἐν
704 2585 1007 2639 ἀναπαύσει
1047 2584 1341 2655 καθίστησι
1361 2586 1454 2638 καὶ
1474 2584 1640 2657 πολλῇ
1662 2587 1969 2660 τῇήσυχίᾳ,
1990 2588 2067 2654 ὡς

388 2676 635 2748 πραότης
671 2675 767 2727 καὶ
802 2671 1290 2743 ταπεινοφροσύνη.
1312 2672 1483 2726 Τοῦτο
1516 2674 1715 2739 παντὸς
1734 2675 2064 2745 διαδήματος

389 2762 711 2834 τιμιιῖιτερον
726 2762 792 2816 ἀν
806 2762 1015 2829 γένοιτο
1033 2760 1110 2830 τῷ
1127 2760 1330 2832 ταύτην
1350 2778 1514 2832 κεκτη
1524 2762 1689 2831 μένῳ,
1708 2761 1865 2816 τοῦτο
1884 2764 2063 2835 πάσης

387 2850 746 2923 περιφανείας
785 2851 881 2904 καὶ
897 2848 1054 2920 δόξης
1074 2848 1530 2919 λυσιτελέστερον.
1554 2850 1618 2901 Τί
1638 2850 1748 2921 7&9
1768 2850 1834 2905 ἂν
1853 2852 2065 2921 γένοιτο

392 2937 804 3010 μακαριώτερον
835 2934 931 2990 τοῦ
962 2935 1383 3007 ἀπηλλαγμένου
1403 2934 1497 2988 τοῦ
1518 2936 1727 2991 ἔνδοθεν
1746 2941 2063 3011 τικτομένου

389 3026 626 3097 πολέμου
646 3044 661 3092 ;
686 3024 801 3078 Κάν
832 3024 941 3095 7&9
966 3024 1224 3094 μυριάκις
1244 3024 1466 3094 εἰρήνης
1486 3022 1683 3088 ἔξωθεν
1702 3025 2064 3099 ἀπολαύωμεν

388 3116 485 3168 καὶ
501 3114 817 3185 θεραπείας,
838 3113 1047 3166 ἔνδοθεν
1066 3112 1123 3165 δὲ
1144 3112 1392 3181 τίκτηται
1425 3114 1559 3183 ήμῖν
1596 3114 1660 3166 ἐκ
1696 3115 1793 3184 τῆς
1830 3116 1940 3169 τῶν
1979 3117 2066 3171 λο-

390 3202 605 3273 γισμῶν
644 3201 891 3272 ταραχῆς
930 3199 1157 3269 θόρυϐος
1196 3200 1291 3252 καὶ
1331 3199 1465 3269 ζάλη
1492 3240 1506 3261 ,
1551 3200 1701 3253 οὑδέν
1735 3202 1928 3269 δφελος
1964 3209 2063 3275 τῆς

388 3290 588 3357 ἔξωθεν
646 3291 899 3360 εἰρήνης’
957 3288 1146 3359 ῶσπερ
1216 3287 1338 3341 οὑδέ
1396 3287 1603 3351 πόλεώς
1654 3308 1704 3343 τι
1768 3291 2061 3347 ἐλεεινότε-

392 3395 485 3448 ρον
508 3390 556 3441 ι,
598 3377 702 3430 κάν
738 3376 905 3447 μυρία
941 3394 1025 3440 τις
1066 3376 1221 3445 τείχη
1258 3377 1352 3429 καὶ
1372 3375 1751 3446 χαρακώματα
1772 3381 1941 3452 αὑτὴν
1963 3399 2062 3434 πε-

392 3465 641 3537 ριϐάλλῃ,
678 3467 741 3517 ἐκ
777 3464 833 3516 δέ
871 3462 979 3516 τῶν
1018 3462 1228 3517 ἔνδοθεν
1267 3463 1619 3517 ἐνοικούντων
1652 3465 1750 3535 τὴν
1773 3466 2062 3536 προδοσίαν

388 3548 656 3620 ὑπομένῃ.
691 3546 859 3600 Τοῦτο
900 3546 1102 3611 τοίνυν,
1137 3546 1459 3616 παρακαλῶ,
1497 3548 1602 3618 πρὸ
1640 3548 1856 3603 πάντων
1893 3567 2060 3603 σπου-

390 3634 663 3704 δάζωμεν,
710 3634 981 3704 ἀτάραχον
1017 3632 1161 3702 ἔχειν
1199 3633 1297 3704 τὴν
1324 3633 1523 3704 ψυχὴν,
1558 3635 1615 3685 ἐν
1648 3636 1851 3704 ἡσυχίᾳ
1892 3636 2062 3708 αὑτὴν

388 3720 732 3784 καθιστάναι,
780 3721 962 3790 πάσης
997 3722 1187 3791 ἀηδίας
1234 3721 1599 3792 ἀπηλλάχθαι,
1646 3723 1731 3775 ἵνα
1783 3725 1875 3777 καὶ
1908 3725 2062 3778 αὐτοὶ

389 3810 588 3881 πολλῆς
611 3811 1101 3878 τῆςιάναπαύσεως
1137 3811 1518 3882 ἀπολαύωμεν,
1554 3812 1778 3876 καὶτοῖς
1808 3829 2059 3881 συγγινο-

392 3898 571 3969 μένοις
619 3900 750 3969 ήμῖν
798 3901 1088 3971 προσηνεῖς
1125 3898 1425 3969 γινώμεθα.
1464 3898 1636 3952 Τοῦτο
1681 3900 1789 3970 γὰρ
1826 3900 2059 3970 μάλιστα

388 3985 680 4058 γνώρισμα
724 3986 1014 4056 ἀνθρώπου
1057 3985 1151 4039 τοῦ
1172 3985 1314 4057 λόγῳ
1341 3985 1727 4057 τετιμημένου,
1746 3987 1806 4039 τὸ
1828 3988 2057 4059 ἥμερον,

386 4073 450 4127 τὸ
471 4074 733 4137 ἐπιεικὲς.
776 4074 839 4127 τὸ
877 4075 1073 4145 πρᾶον,
1119 4072 1180 4126 τὸ
1213 4072 1489 4137 ταπεινὸν,
1510 4074 1571 4126 τὸ
1619 4074 1842 4145 ἥσυχον,
1886 4075 1948 4128 τὸ
1985 4076 2059 4148 μὴ

389 4161 641 4233 καθάπερ
658 4161 989 4233 ἀνδράποδον
1008 4160 1179 4224 οῦτως
1199 4160 1451 4213 ἕλκεσθαι
1479 4160 1575 4213 καὶ
1595 4159 1877 4231 σύρεσθαι,
1897 4163 1930 4233 ἢ
1956 4164 2059 4218 ὑπὸ

387 4248 579 4319 ὀργῆς,
616 4248 650 4320 ἢ
684 4249 790 4302 ὑπὸ
817 4249 926 4301 τῶν
960 4248 1135 4301 ἄλλων
1172 4247 1380 4311 παθῶν,
1409 4247 1546 4301 ἀλλά
1567 4248 1646 4319 τῷ
1680 4249 1925 4320 λογισμῷ
1963 4270 2058 4305 πεο

392 4334 694 4406 ριγίνεσθαι
721 4335 831 4389 τῶν
878 4334 1086 4389 ἔνδοθεν
1132 4335 1540 4405 σκιρτημάτων,
1583 4336 1681 4389 καὶ
1722 4337 1821 4407 τὴν
1853 4339 2058 4392 οἰκείαν

388 4420 676 4486 διασώζειν
702 4421 1000 4488 εὐγένειαν.
1025 4423 1119 4476 καὶ
1156 4421 1229 4493 μὴ
1252 4422 1342 4475 διὰ
1382 4422 1651 4494 ῥᾳθυμίας
1683 4424 1711 4463 b
1731 4426 1811 4488 εἰς
1829 4426 1929 4496 τὴν
1947 4428 2057 4480 τῶν

390 4510 602 4577 ἀλόγων
650 4510 936 4563 ἐκπίπτειν
977 4510 1293 4581 θηριωδίαν.
1330 4511 1442 4564 Kal
1488 4510 1575 4564 ίνα
1617 4511 1795 4585 μάθῃς
1821 4514 1921 4585 ὅση
1959 4517 2057 4587 τῆς

390 4597 701 4668 πραΰτητος
730 4597 824 4649 καὶ
862 4596 961 4665 τῆς
988 4597 1284 4659 ἐπιεικείας
1319 4600 1352 4668 ἡ
1394 4598 1678 4668 ἰσχὺς,³καί
1720 4601 1797 4664 ὡς
1827 4603 2059 4675 ήρκεσεν

388 4685 529 4755 αῦτη
552 4686 685 4756 μόνη
708 4687 741 4755 ὴ
771 4684 940 4755 ἀρετὴ
960 4686 1049 4740 τὸν
1088 4685 1256 4756 αὑτὴν
1288 4688 1425 4757 μετά
1444 4688 1728 4759 ἀκριϐείας
1766 4692 2057 4763 κατωρθω-

389 4773 523 4826 κότα
560 4771 669 4825 τῶν
711 4773 1039 4843 ἀπορρήτων
1084 4773 1306 4826 ἐκείνων
1337 4774 1572 4827 ἐπαίνων
1610 4776 1862 4842 ἀξιῶσαι,
1893 4778 2058 4834 άκουε

388 4859 483 4913 τοῦ
509 4858 780 4931 μακαρίου
809 4859 1087 4923 Μωῦσέως
1102 4859 1205 4930 τήν
1223 4860 1396 4930 ἀνακή
1407 4860 1554 4931 ρυξιν
1572 4863 1819 4917 ἐντεῦθεν
1838 4867 2059 4937 γινομέ-

389 4966 508 5019 νην,
531 4950 626 5002 καί
646 4947 906 5016 στέφανον
925 4946 1073 5017 αὑτῷ
1106 4949 1172 5000 ἐκ
1188 4947 1392 5017 ταύτης
1412 4947 1552 5001 οῦτω
1573 4949 1925 5021 πλεκόμενον.
1948 4955 2057 5008 Kal

389 5033 650 5101 Μωυσῆς
668 5029 767 5102 ἦν,
795 5034 948 5101 φησὶ,
973 5033 1303 5099 πραότατος
1322 5032 1564 5087 πάντων
1584 5036 1913 5105 ἀνθρώπων
1940 5040 2060 5095 τῶν

388 5122 485 5176 ἐπὶ
508 5121 617 5189 τῆς
655 5120 786 5190 τῆς.
822 5117 974 5184 Εἶδες
1012 5121 1289 5191 ἐγκωμίου
1329 5121 1580 5191 μέγεθος,
1617 5123 1646 5175 δ
1672 5125 1854 5196 πάσης
1893 5128 2058 5182 αὑτὸν

386 5211 487 5281 τῆς
517 5208 862 5279 ἀνθρωπίνης
899 5206 1113 5276 φύσεως
1152 5206 1453 5260 ἰσοστάσιον
1486 5209 1753 5280 ἀπέφηνε,
1780 5211 1979 5279 μᾶλλον
2002 5213 2058 5266 δὲ

388 5298 589 5359 παντὸς
609 5296 701 5350 τοῦ
721 5296 828 5349 τῶν
850 5294 1153 5366 ἀνθρώπων
1183 5296 1373 5362 γένους
1405 5297 1729 5367 προέκρινες
1766 5300 1874 5352 Kal
1898 5299 2057 5353 πάλιν

388 5387 518 5456 περὶ
543 5384 636 5437 τοῦ
657 5385 817 5437 Δαυίδ
850 5400 1014 5454 φησιν
1041 5385 1073 5453 ἡ
1109 5385 1148 5435 Γ
1152 5385 1317 5454 ραφή·
1359 5385 1692 5451 Μνήσθητι,
1732 5388 1929 5454 Κύριε,
1950 5389 2057 5442 τοῦ

389 5472 591 5535 Δαυῒδ,
638 5470 734 5523 καὶ
787 5469 993 5537 πάσης
1024 5467 1130 5534 τῆς
1169 5470 1501 5537 πραότητος
1528 5472 1733 5526 αὐτοῦ.
1780 5472 2057 5529 Ἐντεῦθεν

390 5558 486 5611 καὶ
526 5559 556 5611 6
599 5557 944 5628 πατριάρχης
985 5556 1162 5625 πολλῷ
1207 5557 1428 5610 πλείονα
1462 5558 1559 5629 τὴν
1598 5560 1804 5613 ἄνωθεν
1843 5560 2056 5616 εὔνοιαν

387 5646 760 5709 ἐπεσπάσατο,
799 5646 895 5698 καὶ
921 5643 989 5698 τὰ
1028 5644 1158 5715 παρ’
1186 5643 1380 5697 ἐαυτοῦ
1420 5645 1765 5713 εἰσενεγκὼν,
1805 5649 1914 5702 τῶν
1938 5667 2055 5720 μει-

392 5729 559 5792 ζόνων
593 5730 799 5799 ἠξιώθη
839 5730 989 5802 παρά
1020 5730 1113 5784 τοῦ
1157 5731 1537 5802 φιλανθρώπου
1571 5732 1725 5787 Θεοῦ.
1759 5736 1869 5787 Kal
1897 5737 2057 5790 τοῦτο

390 5816 621 5883 εἴσεσθε,
659 5817 878 5870 ἐπειδὰν
907 5820 987 5881 εἰς
1022 5817 1186 5888 μέσον
1218 5818 1507 5888 προθῶμεν
1541 5821 1668 5891 ὑμῖν
1700 5821 1770 5875 τά
1788 5824 2052 5879 ἀκόλουθα

456 6012 483 6042 ⁸
504 6011 605 6064 Alii
626 6013 932 6078 ἐλεεινότερον
961 6019 1161 6081 γίνοιτο.
1223 6017 1254 6066 δ
1279 6019 1484 6083 Septem
1506 6032 1618 6073 mss.
1645 6020 1723 6071 διά
1747 6023 1989 6095 ῥᾳθυμίαν.

1232 352 1290 411 S.
1328 350 1616 410 JOANNIS
1649 347 2138 408 CHRYSOSTOII
2175 350 2493 408 ARCHIEP.
2533 352 3079 415 CONSTANTINOP.

3732 364 3843 421 3H

2171 484 2280 521 των
2330 470 2457 541 χθὲς
2513 472 2853 544 εἰρημένων,
2904 475 2998 528 καὶ
3048 473 3117 528 τά
3167 475 3382 547 πρῶτον
3427 478 3843 549 ἀναγνωσθέντα

2168 555 2567 626 ἀναπτύξωμεν
2600 557 2693 609 ἐπὶ
2730 558 2828 627 τῆς
2875 558 3145 629 ὑμετέρας
3178 561 3419 633 ἀγάπης.
3472 561 3687 633 Ἐπειδὴ
3729 563 3845 633 7&9

2168 642 2371 715 πολλὴν
2422 644 2833 715 ἐπιδειξάμενος
2872 646 2970 717 τὴν
3014 648 3317 702 ἐπιείκειαν
3364 651 3728 721 παρεχώρησε
3758 650 3844 721 τῷ

2166 732 2293 787 Λὼτ
2322 733 2430 787 τῶν
2461 736 2763 805 πρωτείων,
2790 739 2884 790 καὶ
2912 737 3013 806 τῆς
3044 737 3272 807 ἐκλογῆς
3300 738 3448 809 αὑτῷ
3471 740 3568 809 τὴν
3592 739 3843 805 ἐξουσίαν

2166 819 2435 885 δεδωκὼς,
2473 822 2644 875 εἵλετο
2677 823 2973 895 προθύμως
3019 825 3116 897 τὴν
3155 825 3414 879 ἐλάττονα
3455 826 3645 896 μερίδα
3696 826 3840 897 ὑπὲρ

2167 908 2261 962 τοῦ
2320 912 2499 963 πᾶσαν
2553 909 2795 963 ἐκποδὼν
2848 910 3097 980 γενέσθαι
3136 911 3492 980 φιλονεικίαν
3549 914 3650 976 ὅρα
3681 912 3838 985 [541]

2166 998 2297 1068 ὅσης
2346 1000 2608 1053 ἀπολαύει
2660 1000 3000 1072 παραχρῆμα
3038 1001 3187 1071 παρὰ
3233 1000 3327 1053 τοῦ
3362 1000 3495 1055 Θεοῦ
3540 1002 3639 1072 τῆς
3677 1004 3841 1071 ἀμοι-

2166 1088 2417 1156 ϐῆς,·καί
2448 1089 2596 1152 ὅπως
2635 1089 2699 1141 ὲκ
2726 1088 2924 1159 πολλῆς
2947 1089 3046 1158 τῆς
3078 1089 3392 1159 περιουσίας
3424 1088 3668 1159 μείζονος
3694 1090 3840 1155 ἀξιοῖ

2163 1175 2264 1243 τῆς
2299 1174 2619 1238 ἀντιδόσεως
2647 1175 2736 1227 τὸν
2762 1176 3125 1246 πατριάρχην.
3166 1174 3421 1238 Τοιοῦτος
3448 1174 3556 1247 γάρ
3576 1176 3604 1227 ό
3628 1176 3839 1229 Δεσπό-

2106 1269 2136 1280 ”
2163 1278 2264 1330 της
2293 1265 2321 1315 6
2372 1262 2661 1332 ήμέτεροςο
2707 1262 2923 1315 ἐπειδάν
2953 1263 3037 1335 ῖδῃ
3095 1265 3290 1332 μικρόν
3322 1280 3375 1315 τι
3427 1264 3841 1330 εἰσενεγκόντας

2165 1348 2333 1418 ἡμᾶς,
2362 1348 2604 1417 δαψιλεῖς
2635 1352 2765 1419 ήμῖν
2798 1349 3024 1423 παρέχει
3053 1350 3151 1413 τάς
3191 1351 3320 1420 παρ’
3350 1349 3540 1403 ἑαυτοῦ
3574 1349 3835 1420 ἀμοιϐάς,

2166 1436 2257 1488 καὶ
2277 1436 2545 1506 τοσαύτην
2568 1437 2931 1491 ἐπιδείκνυται
2956 1437 3054 1507 τὴν
3087 1437 3417 1508 φιλοτιμίαν,
3452 1439 3527 1500 ώς
3560 1436 3737 1508 πολλῷ
3754 1439 3841 1509 τῷ

2169 1522 2354 1594 μέτρῳ
2377 1524 2798 1595 ὑπρακοντίσαι
2831 1524 2899 1576 τὰ
2929 1526 3055 1595 παρ’
3082 1525 3237 1595 ήμῶν
3271 1526 3546 1593 γεγονότα.

2238 1613 2302 1684 β’.
2327 1614 2434 1666 Kal
2454 1614 2613 1669 τοῦτο
2643 1616 2727 1684 ἐφ’
2755 1615 2970 1685 ἑκάστῳ
2997 1616 3105 1668 τῶν
3135 1615 3263 1687 παρ’
3291 1616 3448 1687 ήμῶν
3484 1616 3840 1687 ἐπιτελουμέ-

2166 1718 2273 1754 νων
2300 1702 2522 1773 εὑρήσει
2544 1720 2627 1766 τις
2650 1704 2779 1775 παρ’
2808 1704 2971 1758 αὑτοῦ
3002 1704 3302 1773 γινόμενον.
3330 1705 3395 1757 Τί
3420 1704 3548 1776 γὰρ,
3578 1707 3699 1758 εἰπέ
3718 1722 3837 1775 μοι,

2164 1791 2256 1845 δύο
2285 1791 2487 1845 ὀϐολῶν
2518 1792 2584 1847 ἂν
2641 1794 2849 1861 γένοιτο
2902 1794 3307 1862 εὑτελέστερονς
3360 1794 3499 1847 Ἀλλ’
3540 1796 3688 1863 ὅμως
3734 1794 3839 1865 τήν

2166 1880 2341 1950 χήραν
2365 1881 2599 1951 ἐκείνην,
2642 1882 2743 1951 τὴν
2778 1884 2904 1945 τοὺς
2940 1883 3032 1935 δύο
3065 1883 3284 1945 ὀϐολοὺς
3307 1882 3736 1944 καταϐαλοῦσαν,
3772 1881 3839 1947 ἐξ

2166 1968 2371 2021 ἐκείνου
2400 1969 2559 2039 μέχρι
2605 1970 2697 2023 τοῦ
2728 1972 2992 2043 παρόντος
3041 1972 3121 2033 εἰς
3150 1972 3329 2023 πᾶσαν
3377 1971 3476 2040 τὴν
3507 1970 3837 2040 οἰκουμένην

2164 2055 2634 2126 ἀνακηρύττεσθαι
2688 2058 2973 2126 πεποίηκε.
3010 2058 3121 2111 Kal
3166 2057 3219 2111 τί
3265 2057 3408 2127 λέγω
3441 2057 3533 2111 δύο
3572 2058 3833 2123 ὀϐολούς;

2165 2143 2284 2197 Κάν
2314 2145 2571 2214 ποτήριον
2599 2144 2808 2216 ψυχροῦ
2835 2163 2918 2209 τις
2951 2145 3046 2216 δῷ,
3078 2147 3170 2199 xal
3195 2147 3335 2217 ὑπὲρ
3361 2146 3551 2201 τούτου
3588 2146 3837 2216 μεγάλας

2163 2233 2334 2304 ὀρίζει
2360 2234 2459 2295 τὰς
2490 2234 2744 2305 ἀμοιϐάς.
2779 2234 2888 2288 ἀπὸ
2919 2234 3016 2305 τῆς
3041 2234 3263 2305 γνώμης
3295 2236 3382 2287 ἀεὶ
3401 2235 3677 2311 στεφανῶν
3705 2236 3837 2299 τοὺς

2163 2321 2263 2390 τὴν
2290 2321 2493 2391 ἀρετὴν
2542 2321 2962 2392 κατορθοῦντας.
3005 2323 3116 2376 Καὶ
3164 2323 3258 2375 ἐπὶ
3288 2322 3388 2391 τῆς
3417 2322 3742 2393 προσεδρίας
3773 2322 3835 2377 δὲ

2162 2409 2272 2463 τῶν
2301 2409 2474 2479 εὐχῶν
2502 2408 2659 2462 τοῦτο
2691 2410 2789 2464 ἰδοι
2811 2427 2894 2473 τις
2930 2410 2997 2464 ἀν
3029 2411 3158 2482 παρ’
3184 2409 3347 2464 αὑτοῦ
3384 2410 3687 2481 γινόμενον.
3705 2412 3835 2465 Ἐἀν

2163 2497 2272 2567 7&9
2307 2497 2391 2567 ῐδῃ
2453 2497 2593 2566 μεεά
2621 2496 2950 2567 θερμότητός
2987 2515 3109 2552 τινα
3142 2498 3455 2568 προσιόντα,
3483 2498 3687 2563 εὐθέως
3714 2500 3837 2571 ἐρεῖ

2163 2587 2299 2657 πρὸς
2350 2586 2531 2640 αὐτόν’
2560 2587 2683 2639 Ἔτι
2710 2586 3194 2653 λαλοῦντόςσου
3220 2587 3350 2642 ἰδοὺ
3391 2588 3645 2659 πάρειμι.
3686 2592 3748 2644 Εἰ
3772 2593 3834 2646 δὲ

2163 2675 2383 2729 πλείονα
2415 2674 2514 2746 τὴν
2559 2676 2886 2745 προσεδρίαν
2934 2675 3285 2745 ἐπιδείξηται,
3332 2677 3425 2730 καὶ
3468 2678 3605 2748 μετά
3631 2679 3831 2733 πολλοῦ

2160 2764 2255 2818 τοῦ
2288 2764 2456 2818 πόθου
2479 2764 2574 2819 καί.
2607 2763 2838 2833 ζεούσης
2876 2764 2973 2833 τῆς
3001 2763 3309 2836 προθυμίας
3332 2765 3401 2819 τά
3428 2767 3527 2837 τῆς
3559 2768 3835 2837 αἰτήσεως

2163 2851 2547 2921 φιλοτιμεῖται,
2596 2852 2691 2904 καὶ
2737 2850 2844 2921 πρὸ
2890 2850 2989 2922 τῆς
3036 2852 3303 2921 αἰτήσεως
3344 2852 3707 2924 ἀνακηρύττει
3732 2858 3835 2910 καὶ

2164 2942 2438 3009 στεφανοῖ·
2492 2940 2632 3009 ὅπερ
2685 2939 2780 2992 καὶ
2834 2938 2927 2992 ἐπὶ
2988 2936 3088 3008 τῆς
3144 2939 3454 3003 Χαναναίας
3504 2940 3832 3012 πεποίηκεν.

2176 3028 2391 3097 Ἐπειδὴ
2441 3027 2551 3098 7&9
2583 3024 2723 3081 εἶδεν
2754 3026 2923 3097 αὑτῆς
2960 3026 3051 3081 τὸν
3080 3026 3230 3079 τόνον
3258 3028 3354 3081 καὶ
3375 3028 3473 3098 τήν
3500 3028 3701 3099 πολλὴν
3743 3030 3836 3083 ἐν.

2164 3133 2372 3177 στασιν,
2414 3116 2675 3187 πρότερον
2727 3113 3073 3185 ἀνακηρύξας
3109 3115 3205 3167 καί¹
3244 3114 3611 3185 στεφανώσας,
3640 3115 3716 3181 ὡς
3752 3120 3835 3171 εἰ-

2163 3206 2284 3257 πεῖν
2314 3203 2402 3256 διὰ
2433 3203 2541 3255 τῶν
2572 3202 2883 3273 ἐγκωμίων.
2924 3203 3019 3256 καὶ
3059 3202 3209 3275 πάσῃ
3239 3206 3303 3275 τῇ
3338 3205 3631 3277 οἰκουμένῃ
3657 3208 3835 3262 κατά-

2161 3292 2317 3363 δηλον
2345 3291 2514 3362 αὑτὴν
2547 3293 2800 3361 ποιήσας,
2822 3290 2943 3343 τότε
2972 3292 3067 3343 καὶ
3089 3290 3157 3344 τά
3181 3291 3283 3361 τῆς
3312 3293 3575 3361 αἰτήσεως
3603 3294 3837 3361 ἐφιλοτι-

2166 3383 2375 3452 μήσατο
2402 3379 2539 3450 μετά
2563 3378 2760 3449 πολλῆς
2784 3377 2884 3447 τῆς
2911 3378 3209 3448 δαψιλείας.
3246 3378 3430 3432 Εἰπὼν
3466 3379 3594 3449 γάρ,
3620 3376 3687 3433 Ὦ
3718 3385 3832 3450 τύ-

2162 3488 2280 3533 ναι,
2318 3467 2551 3537 μεγάλη
2604 3482 2720 3521 σου
2742 3468 2778 3531 ἠ
2804 3466 3029 3530 πίστις,
3057 3466 3178 3518 τότε
3207 3466 3473 3536 ἐπήγαγε,
3508 3469 3835 3535 Γθνηθήτω

2162 3574 2260 3611 σοι
2288 3558 2368 3622 ὠς
2400 3555 2614 3621 θέλεις.
2653 3555 2763 3608 Καὶ
2790 3557 2837 3607 εί
2880 3553 3200 3624 βουλοίμεθα
3230 3554 3459 3607 ἕκαστον
3484 3554 3590 3607 τῶν
3618 3558 3675 3608 ἐν
3705 3560 3834 3622 ταῖς

2163 3646 2335 3709 θείαις
2359 3645 2598 3716 Γραφαῖς
2626 3642 2888 3710 ἐκλέγειν,
2930 3640 3205 3711 πανταχοῦ
3236 3641 3436 3711 πολλὴν
3465 3642 3703 3713 ὀψόμεθα
3725 3644 3835 3715 τὴν

2162 3735 2469 3805 φιλοτιμίαν
2506 3731 2600 3785 τοῦ
2624 3731 2913 3784 Δεσπότου.
2942 3731 3116 3800 Ὅπερ
3151 3729 3394 3800 ἀκριϐῶς
3434 3733 3462 3782 ὀ
3487 3732 3834 3805 πατριάρχης

2160 3822 2541 3891 ἐπιστάμενος,
2571 3822 2666 3873 καὶ
2698 3817 2852 3880 εἰδὼς
2872 3819 2954 3871 ὅτι
2985 3818 3013 3869 ὀ
3042 3817 3147 3871 τῶν
3176 3818 3471 3871 ἐλαττόνων
3494 3820 3836 3891 παραχωρήο

2163 3928 2262 3973 σας
2317 3910 2580 3979 μειζόνων
2644 3905 3003 3970 ἐπιτεύξεται,
3061 3905 3313 3975 καθάπερ
3364 3904 3491 3975 χθὲς
3522 3906 3831 3975 ἠκούσατε,

2165 3996 2525 4069 παρεχώρησε
2547 3994 2625 4065 τῷ
2674 3994 2817 4059 Λὼτ,
2839 3995 2935 4047 καὶ
2965 3992 3140 4047 εἵλετο
3180 3992 3279 4063 τὴν
3310 3991 3691 4061 εὐτελεστέραν
3716 3994 3833 4063 χώ-

2163 4100 2283 4153 ραν,
2308 4083 2393 4136 ἴνα
2426 4082 2637 4149 καὶτῆς
2667 4080 3000 4147 φιλονεικίας
3026 4078 3125 4142 τὰς
3161 4079 3415 4149 ἀφορμάς
3449 4078 3702 4151 περιέλῃ,
3732 4081 3837 4134 καὶ

2160 4179 2257 4250 τὴν
2289 4178 2493 4232 οἰκείαν
2526 4178 2724 4249 ἀρετὴν
2749 4174 3098 4246 ἐπιδείξηται,
3134 4176 3229 4229 καὶ
3250 4176 3309 4227 ἐν
3335 4176 3523 4247 εἰρήνῃ
3542 4178 3836 4247 καταστή-

2164 4295 2232 4349 σῃ
2265 4278 2363 4347 τὴν
2400 4276 2578 4329 οἰκίαν
2610 4275 2844 4329 ἃπασαν.
2884 4273 3021 4326 Ἀλλ’
3056 4274 3254 4342 ἴδωμεν
3284 4274 3345 4325 ἐκ
3368 4272 3476 4324 τῶν
3502 4274 3836 4343 προσφάτως

2162 4372 2606 4443 ἀνεγνωσμένων,
2652 4371 2804 4435 τίνας
2849 4369 3113 4441 λαμϐάνει
3154 4369 3251 4432 τὰς
3272 4368 3505 4439 ἀμοιϐὰς
3545 4368 3697 4439 παρά
3731 4370 3834 4423 τοῦ

2162 4472 2430 4525 Δεσπότου
2470 4470 2612 4541 ὑπὲρ
2636 4469 2734 4539 τῆς
2757 4466 3024 4535 τοσαύτης
3060 4465 3377 4528 ἐπιεικείας.
3401 4465 3507 4518 Καὶ
3534 4461 3689 4528 εἶπε,
3720 4484 3833 4537 φη-

2164 4568 2268 4632 σὶν,
2311 4571 2343 4621 d
2378 4565 2521 4632 Θεός
2565 4563 2644 4629 τῷ
2676 4566 2903 4632 Ἀϐραμ
2950 4562 3098 4631 μετὰ
3121 4560 3187 4614 τὸ
3234 4559 3699 4629 διαχωρισθῆνιαι
3724 4562 3835 4614 τόν

2160 4665 2293 4719 Λὼτ
2308 4666 2410 4719 ἀπ’
2430 4663 2636 4718 αὐτοῦ’
2679 4658 3041 4727 Ἀναϐλέψας
3065 4657 3187 4723 τοῖς
3220 4658 3548 4727 ὀφθαλμοῖς
3578 4675 3716 4721 σου,
3739 4660 3835 4712 Τδε

2160 4761 2277 4815 ἀπὸ
2297 4760 2401 4813 τοῦ
2428 4760 2635 4823 τόπου,
2662 4752 2736 4812 οὗ
2757 4755 2874 4809 νῦν
2894 4754 2975 4808 σὺ
3012 4748 3086 4818 εἷ,
3113 4753 3263 4821 πρὸς
3280 4752 3514 4821 ,ϐορῤᾶν
3540 4754 3636 4806 καὶ
3668 4753 3831 4816 λίϐα,

2160 4857 2260 4911 καί
2294 4854 2597 4919 ἀνατολὰς
2640 4852 2738 4905 καί
2788 4850 3129 4905 θάλασσαν·
3164 4849 3253 4903 ὅτι
3306 4846 3512 4902 πᾶσαν
3554 4848 3669 4915 τὴν
3692 4849 3833 4917 γῆν,

2160 4953 2242 5021 ἢν
2271 4953 2352 5008 σὺ
2383 4949 2549 5020 ὁρᾷς,
2574 4948 2673 5004 σοὶ
2696 4947 2866 5001 δώσω
2896 4944 3110 5013 αὐτὴν,
3143 4943 3241 4998 καί
3278 4941 3359 5008 τῷ
3390 4941 3687 5012 σπέρματι
3713 4961 3836 4998 σου

2158 5053 2267 5117 ἕως
2290 5050 2397 5104 τοῦ
2446 5046 2679 5113 αἰῶνος.
2714 5047 2856 5117 Ὅρα
2886 5045 2947 5098 τὸ
2962 5045 3127 5113 τάχος
3150 5042 3250 5111 τῆς
3286 5039 3383 5094 τοῦ
3409 5040 3544 5094 Θεοῦ
3574 5043 3837 5112 προνοίας

2157 5149 2251 5201 καὶ
2280 5146 2379 5215 τῆς
2409 5141 2666 5213 ἀμοιϐῆς,
2696 5134 2765 5212 ἦς
2798 5118 2927 5206 περὶ
2942 5137 3032 5190 τὸν
3056 5136 3262 5189 δίκαιον
3293 5134 3679 5188 ἐπιδείκνυται.
3706 5135 3839 5188 Βου-

2156 5243 2358 5312 λομένη
2400 5238 2510 5309 7&9
2533 5238 2682 5309 ἡμᾶς
2709 5235 2917 5301 διδάξαι
2935 5236 2969 5304 ή
2994 5232 3114 5286 θεία
3143 5231 3357 5303 Γραφὴ,
3394 5232 3525 5301 ὅσης
3556 5231 3836 5303 ἀποδοχῆς

2157 5337 2362 5406 ἠξιώθη
2396 5334 2549 5406 παρά
2574 5332 2669 5386 τοῦ
2720 5329 3103 5401 φιλανθρώπου
3124 5328 3260 5381 Θεοῦ
3310 5330 3339 5385 6
3368 5327 3712 5399 πατριάρχης
3739 5329 3837 5383 ἐπὶ

2157 5436 2223 5504 τῇ
2248 5430 2485 5501 τοσαύτῃ
2523 5424 3019 5497 ταπεινοφροσύνῃ,
3056 5421 3288 5477 εἰποῦσα
3315 5421 3397 5475 ὃτι
3440 5421 3766 5493 διεχωρίσθη
3806 5423 3837 5473 ό

2160 5529 2300 5591 Λὼτ,
2336 5530 2432 5581 καὶ
2485 5524 2725 5591 ἀπῆλθεν
2767 5524 2849 5585 εἰς
2902 5521 3002 5590 τὴν
3042 5520 3168 5589 γῆν,
3213 5520 3282 5589 ἢν
3318 5516 3492 5570 είλετο
3535 5518 3611 5581 ῶς
3656 5516 3839 5570 καλλι-

2159 5630 2479 5690 στεύουσαν,
2517 5622 2721 5684 εὐθέως
2749 5619 3019 5690 ἐπήγαγε·
3060 5616 3169 5670 Καὶ
3207 5612 3339 5669 εἶπε
3374 5617 3592 5683 Κύριος
3620 5619 3653 5669 d
3688 5617 3838 5679 Θεὸς

2160 5724 2239 5791 τῷ
2260 5726 2507 5791 Ἀϐραμ.
2537 5715 2671 5773 Εἶτα
2691 5719 2777 5772 ἵνα
2826 5716 3085 5787 μάθωμεν
3107 5712 3244 5784 μετά
3276 5712 3562 5784 ἀκριϐείας
3580 5715 3662 5766 δτι
3692 5712 3841 5784 ὑπὲρ

2161 5822 2269 5876 τῶν
2302 5823 2380 5883 εἰς
2416 5818 2505 5872 τὸν
2529 5815 2651 5870 Λὼτ
2676 5812 3059 5884 γεγενημένων
3089 5808 3448 5879 ἀμειϐόμενος
3478 5806 3631 5879 [542]
3669 5807 3838 5861 αὑτὸν

2158 5917 2336 5973 ταῦτά
2365 5932 2519 5987 φησι,
2549 5910 2877 5985 προσέθηκε·
2912 5906 3023 5961 Καὶ
3052 5901 3224 5959 εἶπεν
3248 5907 3292 5958 ό
3314 5903 3460 5968 Θεὸς
3499 5901 3580 5968 τῷ
3615 5903 3839 5970 Ἀὔραμ

2155 6013 2305 6087 μετὰ
2333 6012 2399 6067 τὸ
2424 6006 2889 6081 διαχιφισθῆναι
2911 6003 3021 6060 τὸν
3037 6001 3170 6060 Λὼτ
3192 6000 3296 6059 ἀπ’
3320 5999 3527 6058 αῦτοῦο
3548 6000 3837 6069 μονονουχὶ
