4092 6408
275 396 387 453 313

276 518 560 571 mtlitatem
581 556 599 583 ,
626 515 834 571 vidistis
884 516 1153 571 lenitatem
1195 515 1483 585 egregiam.
1512 512 1695 581 Neque
1732 514 1875 567 enim

276 618 398 661 erat
426 622 515 663 res
540 608 792 677 vulgaris,
823 608 965 678 quod
996 623 1190 673 senex,
1227 606 1317 676 qui
1345 614 1421 660 tot
1448 606 1707 661 beneficia
1741 620 1841 660 con

284 700 505 765 tulerat,
534 716 693 769 quem
737 711 878 754 tanta
925 700 1295 755 benevolentia
1338 700 1596 754 Dominus
1635 699 1875 754 omnium

277 791 727 860 prosequebatur,
760 791 875 860 pari
920 790 1124 845 honore
1153 790 1462 860 dignaretur
1498 790 1747 859 juvenem
1772 830 1789 856 ,
1820 798 1875 844 et

277 879 465 934 fratris
507 880 708 940 lilium.
737 889 792 935 et
822 882 1051 950 primatu
1103 880 1177 934 illi
1228 880 1479 945 cederet,
1519 879 1873 949 inferioraque

276 970 394 1038 ipse
420 970 700 1039 deligeret,
730 970 969 1041 nihilque
996 986 1102 1025 non
1132 972 1328 1025 faceret
1354 987 1458 1041 quo
1480 970 1676 1025 bellum
1705 970 1872 1040 impe-

274 1062 442 1127 diret,
496 1072 555 1115 et
609 1062 971 1116 contentionis
1015 1062 1293 1116 materiam
1337 1076 1368 1116 e
1411 1061 1587 1116 medio
1638 1061 1868 1115 tolleret.

276 1152 433 1206 Hunc
474 1168 665 1207 omnes
706 1154 902 1209 imitari
944 1154 1275 1219 Studeamus,
1298 1163 1352 1209 et
1396 1169 1681 1222 numquam
1708 1169 1871 1223 super

275 1244 584 1311 proximum
631 1245 993 1311 extollamur,
1024 1262 1309 1315 numquam
1336 1246 1402 1300 de
1431 1246 1581 1299 nobis
1624 1245 1868 1301 sublimia

272 1336 611 1391 sentiamus:
642 1336 737 1392 sed
761 1336 1022 1391 modestia
1051 1337 1321 1407 conspicui
1351 1336 1602 1391 cedamus
1630 1336 1748 1390 aliis
1772 1378 1786 1401 ,
1814 1343 1869 1390 et

273 1424 571 1481 inferiores
602 1426 789 1481 haberi
816 1443 1095 1493 conemur,
1125 1437 1231 1482 tam
1264 1428 1439 1482 verbis
1481 1442 1640 1497 quam
1684 1426 1867 1496 operi-

270 1514 406 1583 bus,
440 1531 541 1572 nec
568 1533 819 1587 umquam
846 1519 926 1573 eis
953 1519 1041 1588 qui
1080 1520 1235 1574 nobis
1274 1518 1519 1586 iniuriam
1549 1519 1863 1586 intulerunt,

266 1607 664 1677 adversemur,
706 1611 917 1665 etiamsi
971 1611 1153 1664 multis
1206 1611 1402 1665 nostris
1438 1609 1612 1664 affecti
1668 1610 1866 1665 fuerint

269 1699 556 1755 beneﬁciis
589 1718 603 1755 :
636 1700 750 1756 hinc
777 1702 920 1755 enim
948 1702 1145 1770 optima
1175 1710 1257 1756 est
1291 1700 1625 1771 philosophia
1652 1718 1665 1753 :
1693 1716 1864 1770 neque

264 1792 601 1847 contumelia
630 1792 807 1848 all'ecti
846 1792 1053 1848 feroces
1095 1791 1263 1847 simus
1284 1835 1298 1857 ,
1329 1795 1539 1847 etiamsi
1579 1791 1862 1848 inferiores

262 1882 431 1937 nobis
458 1885 568 1939 sint
597 1885 632 1939 ii
661 1885 751 1953 qui
782 1884 1061 1939 nobiscum
1093 1884 1422 1939 contendunt
1448 1901 1460 1936 :
1490 1883 1583 1939 sed
1614 1898 1863 1941 mansue-

267 1972 457 2028 tudine
495 1983 551 2028 et
594 1974 812 2030 lenitate
860 1976 1188 2029 iracundiam
1236 1976 1669 2046 comprimamus.
1717 1974 1860 2030 Nihil

261 2066 413 2118 enim
463 2066 554 2120 illa
585 2068 888 2136 potentius,
922 2068 1052 2120 nihil
1100 2067 1188 2121 illa
1247 2068 1454 2121 fortius.
1485 2067 1574 2120 llla
1627 2068 1857 2122 animant

263 2164 514 2209 nostram
546 2156 597 2209 in
630 2167 882 2226 perpetua
913 2158 1324 2226 tranquillitate,
1349 2168 1402 2212 et
1431 2159 1581 2228 quasi
1620 2159 1671 2213 in
1703 2168 1855 2228 portu

261 2249 581 2312 constituit,
605 2258 660 2302 et
708 2250 883 2303 omnis
923 2250 1268 2303 recrcationis
1309 2264 1372 2304 ac
1415 2250 1607 2319 quietis
1647 2252 1857 2305 occasio

265 2339 426 2392 nobis
454 2350 558 2392 est.
584 2340 883 2410 Eapmpter
926 2350 981 2396 et
1023 2342 1266 2396 Christus
1302 2342 1478 2397 divina
1528 2343 1616 2398 illa
1659 2345 1855 2399 docens

260 2428 478 2485 dicebat
502 2449 514 2482 :
541 2430 731 2485 Discite
755 2450 787 2485 a
809 2450 905 2498 me,
924 2434 1041 2503 quia
1066 2434 1199 2487 mitis
1215 2451 1327 2489 sum
1357 2445 1403 2488 et
1432 2436 1636 2490 humilis
1656 2436 1809 2491 corde
1835 2452 1855 2490 :

260 2530 309 2572 et
344 2520 608 2577 invenietis
632 2524 849 2594 requiem
876 2524 1138 2578 animabus
1168 2526 1339 2579 vestris
1371 2524 1580 2596 (Matth.
1614 2528 1702 2582 11.
1734 2528 1850 2599 29).

260 2610 407 2666 Nihil
437 2613 579 2667 enim
605 2614 837 2668 animam
864 2616 932 2669 ita
962 2616 1014 2670 in
1042 2617 1418 2687 tranquillitate
1445 2627 1499 2672 et
1519 2620 1697 2688 quiete
1725 2635 1853 2673 con-

258 2704 461 2770 stituit,
491 2713 549 2759 ut
577 2706 931 2761 mansuetudo
958 2718 1013 2761 et
1035 2707 1315 2763 modestia.
1343 2708 1466 2763 llzee
1493 2710 1639 2764 omni
1671 2710 1853 2766 diade-

256 2805 407 2851 mate
446 2813 506 2851 se
534 2798 827 2866 possidenti
856 2810 938 2853 est
964 2800 1304 2871 honoratior;
1330 2802 1444 2856 ltazc
1472 2803 1616 2855 omni
1636 2803 1851 2857 claritu-

256 2885 390 2942 dine
415 2896 470 2942 et
485 2889 653 2956 gloria
676 2889 1079 2945 conducibilior.
1094 2890 1231 2959 Quid
1260 2892 1401 2945 enim
1431 2890 1658 2959 beatius,
1690 2908 1848 2963 quam

257 2979 518 3035 intestino
547 2980 759 3035 liberari
785 2983 962 3038 bello?
982 2983 1112 3037 Nam
1137 2984 1378 3054 quamvis
1397 2984 1621 3054 plurima
1644 3000 1774 3055 pace
1796 2994 1849 3041 et

257 3071 524 3126 famulatu
548 3082 776 3128 externo
806 3073 1067 3140 fruamur,
1094 3075 1138 3129 si
1169 3077 1307 3131 intra
1336 3091 1433 3130 nos
1466 3077 1848 3146 cogitationum

256 3171 515 3217 nascatur
546 3172 859 3233 tempestas,
876 3166 1134 3219 tumultus
1154 3175 1208 3220 et
1234 3166 1447 3230 seditio,
1470 3165 1602 3221 nihil
1629 3176 1848 3222 externa

258 3269 367 3322 pax
418 3253 574 3308 nobis
628 3255 867 3325 proderit
901 3274 913 3309 ;
944 3257 1081 3311 sicut
1132 3272 1305 3325 neque
1364 3256 1717 3311 miserabilius
1764 3265 1848 3312 est

252 3343 404 3397 aliud
432 3345 648 3399 civitate
668 3387 684 3411 ,
713 3362 832 3415 qua:
864 3348 985 3401 licet
1009 3348 1288 3418 aggeribus
1317 3357 1371 3402 et
1409 3348 1575 3402 muris
1606 3347 1741 3402 bene
1779 3350 1849 3403 sit

252 3437 487 3501 munita,
512 3436 654 3492 intus
689 3446 869 3493 tamen
897 3440 1045 3494 cives
1065 3439 1242 3494 foveat
1273 3440 1590 3510 proditores.
1615 3440 1727 3495 Hoc
1751 3441 1847 3511 igi-

252 3536 349 3579 tur
378 3527 607 3583 obsecro
628 3571 642 3592 ,
672 3538 731 3584 ut
749 3541 873 3585 ante
894 3532 1073 3585 omnia
1101 3532 1253 3586 nobis
1280 3532 1343 3585 sit
1373 3549 1514 3587 cura:
1535 3576 1551 3601 ,
1576 3535 1846 3604 quomodo

254 3620 495 3674 animant
525 3637 556 3675 a
585 3621 911 3678 turbulentia
939 3623 1269 3679 vindicemus
1290 3665 1303 3686 .
1334 3635 1389 3679 et
1422 3625 1473 3679 in
1502 3627 1844 3695 tranquillum

254 3719 459 3765 statum
491 3712 783 3768 educamus
801 3754 817 3779 ,
842 3724 1001 3784 atque
1027 3714 1095 3769 ab
1113 3716 1258 3769 omni
1286 3715 1570 3770 liberemus
1596 3718 1847 3770 amaritu-

251 3800 409 3866 dine,
441 3816 549 3871 quo
574 3810 631 3855 et
659 3803 757 3872 ipsi
788 3806 952 3857 multa
985 3803 1222 3859 fruamur
1247 3806 1447 3875 quiete,
1477 3816 1530 3859 et
1560 3806 1625 3860 iis
1652 3807 1739 3875 qui
1770 3806 1846 3860 fa-

255 3890 626 3947 miliaritatem
685 3894 964 3948 nobiscum
1002 3894 1235 3960 habent,
1268 3897 1435 3951 simus
1487 3896 1686 3951 blandi.
1734 3897 1845 3953 Hoc

254 3981 405 4034 enint
450 3982 810 4037 certissimum
847 3986 1079 4054 signum,
1111 4000 1217 4055 quo
1248 3987 1625 4042 internoscitur
1650 3990 1731 4043 vir
1756 4005 1844 4043 ra-

255 4074 409 4127 tione
439 4074 694 4142 prmditus
717 4117 733 4141 ,
757 4078 799 4129 si
826 4087 1137 4133 mansuetus
1164 4078 1343 4143 fuerit,
1366 4082 1408 4133 si
1436 4080 1591 4145 lenis,
1612 4082 1655 4135 si
1679 4082 1838 4147 mitis,

255 4167 303 4219 si
336 4167 619 4223 modestus
657 4178 712 4223 et
733 4170 944 4238 quietus
976 4188 990 4224 :
1021 4170 1065 4225 si
1092 4185 1199 4224 non
1223 4171 1376 4240 quasi
1404 4187 1591 4227 servus
1619 4173 1844 4227 ducatur

253 4267 313 4310 et
337 4257 581 4311 trahatur
607 4268 699 4313 aut
728 4260 795 4313 ab
822 4260 921 4322 ira,
951 4269 1041 4315 aut
1070 4263 1138 4315 ab
1166 4262 1284 4315 aliis
1310 4261 1714 4325 affectionibus;
1747 4263 1843 4319 sed

256 4348 471 4402 ratione
500 4349 681 4403 vincat
704 4349 941 4404 infernos
972 4350 1089 4404 illos
1118 4351 1498 4419 incompositos
1522 4362 1717 4417 motus,
1743 4369 1832 4407 no-

256 4437 633 4507 bilitatemque
672 4454 822 4493 suam
859 4447 1075 4507 servet,
1099 4456 1166 4494 tte
1196 4441 1248 4493 in
1289 4440 1564 4494 brutorum
1594 4443 1843 4497 ferociam

256 4531 583 4599 negligentia
611 4531 919 4600 degeneret.
945 4532 1012 4585 Et
1033 4542 1088 4585 ut
1108 4531 1282 4587 discas
1307 4542 1562 4602 quantum
1590 4549 1842 4589 mansue-

256 4621 461 4676 tudinis
487 4630 543 4675 et
570 4622 806 4675 lenitatis
832 4622 902 4676 sit
929 4622 1121 4687 robur,
1144 4633 1197 4677 et
1230 4624 1369 4692 quod
1400 4624 1513 4678 sola
1539 4624 1651 4679 haec
1675 4625 1844 4680 virtus

255 4714 432 4781 possit
458 4728 519 4768 se
541 4714 809 4768 colentem
838 4715 1125 4785 diligenter
1152 4712 1504 4769 ineii'abilihus
1533 4716 1636 4771 illis
1672 4718 1845 4770 laudi-

254 4804 361 4858 bus
389 4805 610 4874 dignum
639 4806 887 4870 reddere,
912 4806 1034 4860 audi
1065 4806 1278 4861 beatum
1302 4808 1499 4863 Mosem
1524 4808 1649 4863 hinc
1674 4810 1842 4877 potis-

252 4899 455 4952 simum
498 4899 775 4968 przedicari
800 4941 815 4964 ,
847 4908 902 4953 et
945 4914 1009 4954 ex
1057 4900 1155 4954 Itae
1197 4900 1246 4954 ei
1283 4914 1534 4955 coronam
1565 4901 1745 4970 plecti.
1778 4901 1842 4954 Et

257 4987 461 5051 Moses,
496 4988 700 5058 inquit,
731 4998 839 5042 erat
880 4989 1169 5043 mitissimus
1186 4990 1408 5043 omnium
1438 4990 1724 5055 hominum,
1756 4992 1844 5060 qui

252 5099 412 5148 super
441 5092 627 5136 terram
655 5081 844 5150 (Nunt.
870 5081 956 5136 12.
978 5082 1256 5152 5).Vidisti
1300 5084 1529 5138 encomii
1575 5084 1842 5153 magnitu-

254 5174 466 5239 dinem,
494 5173 634 5244 quod
666 5173 815 5228 omni
854 5189 975 5228 eum
1017 5174 1249 5229 humano
1275 5176 1454 5244 generi
1492 5191 1672 5245 parem
1717 5192 1843 5246 pro-

253 5266 502 5331 nuntiet,
531 5266 640 5319 imo
667 5266 812 5334 omni
844 5265 1115 5319 hominum
1140 5268 1319 5335 generi
1349 5266 1630 5335 praeferat?
1652 5267 1718 5321 Et
1739 5268 1840 5322 ite-

254 5372 375 5410 rum
400 5356 470 5410 de
498 5354 661 5409 David
686 5356 813 5410 dicit
837 5355 1109 5424 Scriptura
1135 5372 1146 5408 :
1174 5354 1446 5420 Memento,
1473 5355 1706 5425 Domine,
1739 5357 1843 5410 Da-

250 5448 361 5511 vid,
403 5456 452 5500 et
481 5448 644 5502 omnis
673 5447 1072 5502 mansuetudinis
1100 5449 1209 5516 ejus
1238 5446 1407 5517 (Psal.
1438 5450 1560 5504 151.
1598 5450 1675 5518 1).
1707 5451 1841 5505 Hinc

254 5538 561 5607 patriarcha
604 5539 705 5593 sibi
735 5538 991 5608 majorem
1034 5539 1237 5593 caelitus
1275 5541 1575 5595 conciliavit
1610 5541 1840 5597 benevo-

253 5630 509 5693 lentiam,
535 5636 591 5683 et
635 5630 866 5684 all'erens
905 5645 1024 5699 qua:
1069 5644 1163 5684 sua
1217 5640 1395 5696 erant,
1424 5646 1455 5685 a
1493 5632 1838 5691 misericorde

253 5722 371 5776 Deo
407 5722 615 5791 majora
660 5733 985 5792 assequutus
1008 5732 1109 5778 est.
1144 5722 1258 5778 Hoc
1286 5724 1466 5779 scietis
1491 5733 1546 5780 et
1581 5740 1677 5780 vos
1700 5767 1715 5791 ,
1746 5727 1836 5781 ubi

248 5814 593 5870 attulerimus
638 5814 692 5870 in
743 5814 978 5870 medium
1025 5829 1088 5871 ea
1133 5830 1252 5886 qua:
1289 5814 1537 5875 hesterna
1566 5817 1704 5874 dicta
1748 5832 1836 5875 se-

1325 396 1392 452 IN
1428 395 1581 451 CAP.
1624 394 1761 451 XIII.
1800 393 2048 453 GENES.
2089 393 2316 449 HOMIL.
2358 394 2597 451 XXXIV.

3459 395 3553 451 3U-

1981 520 2242 581 quuntur,
2271 520 2325 566 et
2350 525 2471 582 qum
2499 512 2646 581 prius
2676 519 2801 565 sunt
2829 511 2964 565 lecta
3005 510 3213 565 caritati
3243 521 3432 566 vestra:
3458 512 3550 564 de»

1981 601 2382 658 claraverimus.
2403 601 2532 656 Nam
2557 603 2677 671 quia
2701 602 2896 656 Abram
2922 602 3141 656 multam
3171 618 3282 673 prae
3301 617 3360 658 se
3381 603 3549 659 ferent

1979 691 2445 747 mansuetudinem
2472 692 2606 747 Loto
2637 693 2897 762 potiorem
2926 702 3130 762 partem
3152 694 3334 759 cessit,
3357 708 3410 748 ct
3435 709 3556 748 om-

1980 798 2103 838 nem
2128 784 2177 837 ei
2216 783 2443 853 eligendi
2490 783 2795 839 facultatem
2833 784 3167 853 permittens,
3190 799 3311 839 cum
3363 784 3558 855 gaudio

1978 874 2137 943 elegit
2165 875 2429 929 minorem
2457 877 2796 945 portionem,
2828 874 2987 929 modo
3026 874 3329 929 auferretur
3378 876 3555 930 omnis

1977 968 2292 1021 contentio:
2324 966 2445 1020 vide
2488 977 2739 1036 quantam
2792 968 2968 1021 statim
3017 967 3318 1021 mercedem
3371 982 3401 1020 a
3446 967 3555 1022 Deo

1976 1057 2339 1125 consequitur,
2372 1067 2429 1111 et
2465 1057 2732 1127 quomodo
2756 1057 2929 1111 adhuc
2958 1056 3146 1125 majori
3178 1057 3550 1123 retributione,

1975 1148 2073 1200 etsi
2104 1148 2329 1202 multum
2368 1148 2567 1202 divitiis
2593 1149 2857 1212 abundet,
2890 1148 3250 1220 patriarcham
3302 1147 3554 1218 dignatur

1975 1239 2135 1294 Deus.
2167 1240 2312 1295 Talis
2335 1241 2476 1295 enim
2507 1250 2589 1295 est
2614 1241 2869 1296 Dominus
2892 1252 3074 1297 noster
3096 1242 3209 1295 utsi
3241 1241 3451 1311 quando
3469 1242 3549 1297 vel

1974 1347 2193 1401 parvum
2235 1333 2360 1401 qttid
2392 1334 2633 1387 attulisse
2674 1350 2772 1387 nos
2806 1335 3029 1399 viderit,
3062 1334 3391 1402 largissimas
3426 1350 3549 1389 suas

1971 1424 2125 1478 nobis
2156 1424 2612 1478 rentunerationcs
2640 1426 2978 1495 suppeditet,
3013 1434 3319 1495 tantamque
3343 1442 3450 1495 pra:
3489 1441 3548 1480 se

1969 1512 2105 1568 ferat
2145 1516 2532 1582 liberalitatem,
2560 1528 2616 1571 ut
2656 1533 2717 1573 ea
2768 1534 2887 1588 quae
2924 1533 2953 1571 a
3002 1519 3152 1574 nobis
3202 1528 3327 1573 sunt
3370 1519 3504 1574 facta
3529 1560 3545 1585 ,

1968 1607 2150 1661 multis
2178 1608 2413 1661 numeris
2436 1623 2465 1661 a
2497 1609 2647 1662 novis
2673 1609 2790 1675 ejus
2816 1609 3089 1663 beneficiis
3120 1611 3417 1665 vincantur.

2037 1698 2093 1752 2.
2127 1697 2248 1753 Non
2270 1700 2389 1754 doni
2410 1702 2723 1770 magnitudo,
2747 1702 2835 1755 sed
2859 1703 3026 1756 dantis
3054 1704 3252 1756 animus
3273 1711 3545 1772 spectatur.

1964 1782 2116 1842 —Et
2141 1787 2241 1862 hoc
2270 1789 2322 1843 in
2350 1791 2597 1845 omnibus
2643 1793 2839 1846 nostris
2868 1792 3017 1847 factis
3046 1792 3281 1847 inveniet
3321 1794 3439 1862 quis
3477 1794 3545 1847 ab

1965 1892 2030 1931 eo
2056 1860 2195 1933 ﬁeri;
2222 1880 2356 1945 Quid
2391 1880 2533 1935 enim
2555 1923 2571 1947 ,
2601 1881 2686 1935 die
2712 1883 2870 1947 mihi,
2904 1883 3058 1937 vilius
3084 1884 3288 1937 duobtts
3331 1860 3544 1937 obolis?

1965 1970 2211 2025 Attamen
2241 1972 2361 2037 quia
2391 1972 2546 2027 vidua
2573 1973 2658 2026 illa
2679 1974 2813 2028 duos
2833 1974 3019 2028 obolos
3047 1976 3098 2028 in
3128 1976 3413 2029 corhonam
3443 1976 3543 2030 mi-

1962 2060 2032 2113 sit
2052 2059 2382 2132 (Luc.2l.5),
2416 2063 2538 2118 inde
2558 2064 2782 2119 celebris
2803 2067 3047 2120 universo
3070 2066 3266 2120 mundo
3305 2066 3437 2121 facta
3460 2077 3542 2121 est

1961 2153 2030 2207 ab
2057 2169 2122 2208 eo
2149 2163 2387 2223 tempore
2425 2171 2592 2226 usque
2621 2158 2672 2210 in
2716 2173 2969 2226 praasens.
3002 2159 3065 2212 Et
3094 2159 3217 2227 quid
3247 2158 3368 2213 dico
3403 2159 3540 2213 duos

1960 2247 2191 2300 obolos?
2222 2248 2440 2301 Etiamsi
2470 2250 2589 2318 quis
2614 2250 2835 2305 calicem
2880 2266 3031 2320 aquae
3060 2250 3263 2320 frigidm
3307 2252 3540 2320 prazbeat

1963 2335 2175 2406 (Matth.
2202 2337 2284 2392 lO.
2318 2338 2430 2409 42),
2464 2355 2560 2408 pro
2606 2354 2672 2394 eo
2717 2341 2877 2394 etiam
2932 2356 3136 2410 magnae
3182 2339 3540 2397 decernuntur

1956 2428 2334 2483 retributiones
2358 2447 2371 2483 :
2401 2444 2612 2499 semper
2638 2431 2781 2485 enim
2812 2441 3031 2484 coronat
3058 2446 3151 2485 eos
3172 2431 3261 2501 qui
3287 2433 3535 2487 virtutem

1956 2529 2263 2589 operantur,
2295 2521 2585 2577 secundum
2616 2524 2947 2591 operantium
2993 2524 3343 2578 voluntatem.
3377 2524 3537 2579 Simi-

1955 2609 2077 2665 liter
2105 2612 2155 2664 in
2191 2627 2403 2680 precum
2448 2615 2754 2670 assiduitate
2803 2615 2941 2670 istud
2980 2615 3151 2685 ipsum
3196 2617 3264 2672 ab
3306 2632 3374 2672 eo
3422 2616 3535 2671 ﬁeri

1954 2701 2135 2756 videre
2163 2702 2309 2757 licet.
2337 2702 2468 2758 Nam
2498 2705 2545 2759 si
2577 2722 2735 2775 quem
2768 2706 2943 2760 videat
2984 2706 3228 2761 alacriter
3253 2722 3313 2762 se
3337 2707 3535 2762 adeun-

1953 2801 2060 2848 tem
2083 2837 2098 2858 ,
2134 2796 2313 2849 statim
2352 2797 2400 2849 ei
2427 2796 2557 2851 dicit
2588 2814 2601 2849 :
2636 2797 2815 2852 Adhuc
2852 2797 3081 2867 loquente
3120 2808 3167 2851 te
3200 2814 3312 2852 ecce
3354 2799 3536 2852 adsum

1954 2883 2101 2955 (lsai.
2128 2885 2217 2941 65.
2247 2884 2530 2956 24).Quod
2552 2889 2595 2942 si
2621 2888 2931 2957 ampliorem
2964 2888 3300 2944 sedulitatem
3333 2900 3531 2955 teneat,

1952 2986 2005 3030 et
2028 2991 2220 3045 magno
2250 2976 2543 3044 desiderio,
2576 2978 2904 3048 ferventique
2932 2981 3127 3034 mentis
3149 2981 3419 3034 alacritate
3443 2995 3535 3049 pe-

1953 3066 2169 3121 titiones
2213 3068 2456 3121 emittat:
2487 3068 2645 3122 etiam
2682 3078 2804 3124 ante
2846 3070 3155 3139 petitionem
3193 3072 3444 3142 prazdicat
3478 3081 3535 3127 et

1951 3167 2172 3213 coronat
2206 3176 2219 3210 :
2251 3158 2300 3213 id
2332 3160 2472 3228 quod
2501 3162 2626 3215 etin
2648 3160 2947 3217 Cltanantca
2975 3164 3196 3218 muliere
3220 3164 3528 3219 declaravit.

1949 3250 2211 3317 Quoniam
2240 3252 2380 3306 enim
2408 3252 2539 3306 vidit
2566 3253 3009 3323 indefatigabilem
3040 3254 3156 3325 ejus
3177 3258 3529 3311 constantiam

1949 3352 2004 3395 et
2030 3342 2500 3410 perseverantiam,
2527 3345 2615 3397 ubi
2649 3344 2878 3413 primum
2909 3361 3026 3400 eam
3054 3345 3377 3415 praedicavit,
3400 3356 3453 3401 et
3475 3357 3534 3402 ut

1950 3434 2019 3487 ita
2041 3434 2235 3497 dicam,
2257 3437 2551 3499 coronavit,
2569 3438 2771 3507 totique
2792 3438 2991 3493 mundo
3022 3440 3326 3505 celebravit,
3349 3449 3529 3509 postea

1949 3524 2267 3579 liberalitate
2298 3541 2483 3595 magna
2516 3543 2702 3596 preces
2729 3528 2845 3597 ejus
2869 3530 3029 3584 etiam
3060 3534 3350 3600 superavit.
3375 3524 3526 3597 Nam,

1948 3624 2006 3668 ut
2035 3616 2165 3669 dixit
2188 3634 2199 3668 :
2224 3616 2267 3667 Ο
2289 3618 2488 3680 mulier,
2514 3635 2697 3688 magna
2718 3630 2789 3672 est
2814 3620 2939 3688 ﬁdes
2962 3631 3049 3673 tua
3070 3639 3089 3675 :
3117 3631 3242 3676 tunc
3267 3623 3524 3689 subdidit,

1950 3704 2069 3758 Fiat
2098 3707 2186 3759 tibi
2228 3708 2356 3760 sicut
2402 3708 2475 3761 vis
2506 3708 2717 3775 (Matth.
2753 3710 2840 3764 15.
2862 3709 2977 3781 28).
3012 3712 3078 3765 Et
3120 3714 3163 3765 si
3210 3714 3532 3768 voluerimus

1947 3798 2155 3867 singula
2202 3798 2491 3867 Scripturte
2537 3800 2731 3854 divinte
2779 3803 3024 3871 exempla
3071 3803 3285 3866 aﬂ'erre.
3333 3805 3530 3874 ubique

1948 3907 2193 3962 magnam
2217 3892 2424 3946 Domini
2449 3894 2863 3949 muniﬁcentiam
2888 3895 3199 3950 videbimus.
3228 3897 3339 3951 Hoc
3358 3898 3526 3967 probe

1947 3983 2150 4038 sciebat
2178 3984 2473 4051 patriarcha
2496 3984 2609 4050 ille,
2638 3985 2913 4040 cedentem
2946 3986 3239 4041 minoribus
3265 4003 3526 4057 assequu-

1948 4081 2123 4127 turunt
2147 4075 2367 4145 majora,
2386 4076 2522 4130 sicut
2542 4074 2657 4130 heri
2677 4075 2950 4133 audivistis
2971 4096 2984 4132 :
3005 4080 3166 4133 cessit
3180 4078 3335 4137 Loto.
3358 4081 3528 4148 regio-

1948 4182 2177 4235 nemque
2204 4168 2522 4224 deteriorem
2554 4170 2750 4240 elegit,
2784 4179 2843 4225 ut
2870 4172 3227 4226 contentionis
3259 4182 3529 4227 resecaret

1947 4261 2370 4325 occasiones,et
2411 4271 2627 4316 ostensa
2676 4263 2870 4317 virtute
2911 4278 3004 4317 sua
3055 4264 3309 4332 peculiari
3362 4273 3526 4319 totam

1947 4351 2162 4405 domum
2211 4362 2450 4421 pacatam
2507 4352 2776 4408 redderet.
2826 4352 3090 4408 Caeterum
3145 4356 3421 4410 videamus
3459 4372 3525 4410 ex

1947 4458 2135 4499 recens
2161 4444 2330 4511 lectis,
2360 4461 2602 4515 quaenam
2634 4461 2731 4515 pro
2754 4456 2896 4501 tanta
2942 4447 3346 4505 mansuetudine
3388 4450 3529 4504 acci-

1949 4539 2112 4608 piata
2139 4538 2250 4592 Deo
2278 4539 2519 4621 pra-mia.
2551 4539 2636 4592 14.
2655 4536 2721 4591 Et
2744 4539 2909 4605 dixit,
2943 4539 3149 4609 inquit,
3181 4539 3317 4594 Deus
3338 4540 3486 4595 Abrae
3508 4583 3523 4605 ,

1947 4636 2206 4698 postquam
2243 4640 2503 4697 separatus
2523 4638 2596 4683 est
2624 4628 2685 4682 ab
2710 4645 2765 4682 eo
2797 4628 2890 4681 Lat
2916 4644 2935 4682 :
2961 4628 3179 4683 Elevatis
3222 4632 3382 4684 oculis
3421 4633 3521 4684 tuis

1947 4736 2091 4772 cerne
2109 4737 2140 4772 a
2157 4720 2268 4773 loco
2286 4720 2339 4772 in
2351 4734 2449 4789 quo
2471 4729 2521 4771 tu
2545 4735 2677 4773 nunc
2698 4736 2769 4786 es,
2788 4720 2854 4772 ad
2876 4720 3156 4788 aquilonem
3180 4730 3225 4775 et
3246 4721 3521 4784 meridiem,

1947 4820 1995 4863 et
2036 4811 2275 4863 orientem
2301 4819 2347 4864 et
2378 4826 2515 4863 mare
2540 4826 2560 4864 :
2587 4810 2671 4866 15.
2702 4812 2818 4881 quia
2843 4827 3038 4864 omnem
3083 4819 3267 4864 terram
3290 4827 3441 4881 quant
3472 4824 3525 4864 tu

1947 4901 2114 4965 vides,
2143 4902 2231 4955 tibi
2255 4900 2384 4954 dabo
2416 4917 2556 4967 eam,
2586 4910 2633 4955 et
2668 4902 2845 4955 semini
2872 4911 2956 4954 tuo
2982 4916 3136 4971 usque
3170 4902 3222 4954 in
3263 4903 3523 4955 steculum.

1949 4994 2081 5049 Vide
2107 4995 2372 5064 quomodo
2396 4994 2573 5049 divina
2595 4994 2867 5061 Scriptura
2898 4994 3243 5049 acceleratam
3275 4994 3369 5047 Dei
3398 5010 3525 5063 pro-

1946 5088 2233 5141 videntium
2269 5080 2323 5141 et
2355 5086 2757 5141 retributionem
2773 5087 2929 5155 justo
2957 5085 3145 5140 faelam
3174 5085 3522 5140 demonstrat.

1951 5177 2145 5231 \‘olens
2173 5179 2313 5232 enim
2343 5192 2439 5231 nos
2482 5176 2677 5230 docere
2697 5216 2711 5237 ,
2745 5186 3001 5245 quantum
3032 5178 3321 5246 approbata
3368 5178 3523 5233 fuerit

1947 5282 1975 5320 a
2021 5267 2364 5321 misericorde
2417 5267 2525 5321 Deo
2565 5266 2877 5335 patriarcha:
2922 5267 3219 5333 humilitas,
3249 5279 3523 5339 postquam

1946 5358 2097 5425 dixit,
2121 5366 2420 5427 separatum
2449 5357 2609 5413 fuisse
2633 5357 2750 5425 Lot,
2784 5368 2836 5414 et
2863 5359 3057 5415 abiis~e
3079 5362 3127 5413 itt
3153 5370 3344 5414 terram
3367 5376 3523 5429 quam

1946 5450 2106 5520 elegit
2154 5460 2210 5503 ut
2250 5452 2673 5520 priestantiorem
2698 5468 2712 5515 ;
2742 5452 2920 5506 statim
2974 5451 3208 5506 subdidit
3240 5470 3253 5505 :
3288 5451 3354 5505 Et
3396 5453 3524 5505 dixit

1946 5539 2083 5593 Deus
2112 5540 2275 5593 Alme.
2303 5540 2501 5595 Deinde
2527 5551 2584 5596 ut
2609 5541 2886 5613 diligenter
2915 5542 3180 5596 discamus
3201 5541 3312 5596 hate
3328 5541 3524 5595 dixisse

1946 5630 2112 5684 Deum
2143 5630 2195 5683 in
2221 5630 2519 5686 mercedem
2551 5648 2735 5687 eorum
2766 5649 2884 5703 quae
2914 5635 3052 5688 circa
3077 5632 3264 5688 Lotum
3295 5631 3516 5695 fecerat,

1947 5725 2062 5778 hare
2086 5722 2289 5777 addidit
2320 5740 2333 5776 :
2368 5722 2435 5776 Et
2458 5725 2587 5778 dixit
2615 5724 2752 5780 Deus
2780 5726 2948 5793 Δὸς-ιε,
2972 5738 3237 5798 postquam
3263 5739 3523 5794 separatus

1948 5815 2101 5872 estab
2125 5830 2182 5870 eo
2209 5812 2323 5883 Lat,
2355 5816 2505 5887 quasi
2547 5818 2830 5875 manifeste
2868 5818 2983 5876 hmo
3014 5820 3062 5877 ei
3104 5819 3267 5877 verba
3298 5819 3517 5880 dicens:
