4092 6408
532 325 634 379 515

530 440 610 493 0b
640 450 783 492 tuam
820 437 1275 499 mansuetudinem
1318 438 1534 508 regione
1570 438 1790 495 meliore
1838 447 1892 495 et
1934 452 2101 492 amoe-

532 533 682 585 niore
726 530 907 587 fratris
932 530 1038 583 ﬁlio
1063 529 1308 595 cessisti,
1335 539 1387 582 et
1432 529 1680 589 eximiam
1706 541 1817 598 prce
1847 536 1900 585 te
1942 527 2106 583 tulisti

536 623 909 685 humilitatem,
942 630 1247 690 tantamque
1270 622 1414 690 pacis
1450 620 1678 679 habuisti
1706 633 1889 676 curam
1907 659 1922 685 ,
1945 627 2003 673 ut
2030 619 2111 673 ni-

538 717 610 769 hil
641 732 744 770 uon
770 718 944 784 potius
971 714 1255 783 delegeris,
1286 729 1445 783 quam
1468 728 1586 768 esse
1614 713 1750 767 inter
1770 727 1863 766 vos
1888 722 2110 765 conten-

536 808 709 860 tiones
739 823 751 858 :
784 815 1067 874 eaprOpter
1107 804 1277 872 largas
1320 804 1434 858 illas
1471 818 1499 857 a
1537 818 1622 857 me
1653 801 2111 856 remunerationes

538 897 741 964 accipe.
772 894 990 951 Elevatis
1010 935 1024 959 ,
1050 896 1241 964 inquit,
1262 895 1418 951 oculis
1445 894 1543 947 tuis
1564 935 1576 955 ,
1608 893 1720 947 vide
1745 910 1777 951 α
1807 893 1914 947 loco
1934 893 1985 945 in
2014 906 2111 960 quo

533 1000 586 1040 tu
619 1004 751 1039 nunc
777 1004 848 1051 es,
877 987 945 1041 ad
985 987 1268 1054 aquilonem
1314 994 1359 1039 et
1402 985 1676 1048 meridiem,
1700 992 1745 1035 et
1791 984 2026 1037 orientem
2062 990 2114 1033 et

536 1087 674 1123 utare
704 1086 722 1123 :
748 1072 866 1139 quia
904 1086 1099 1122 onmem
1140 1078 1361 1129 terram,
1389 1084 1540 1137 quam
1580 1076 1632 1120 tu
1656 1066 1792 1119 vides
1811 1109 1824 1129 ,
1859 1066 1945 1117 tibi
1984 1062 2114 1119 dabo

538 1181 668 1223 eam,
691 1174 736 1215 et
758 1164 935 1216 semini
961 1172 1044 1216 tuo
1073 1179 1226 1232 usque
1248 1163 1297 1215 in
1322 1161 1580 1215 sa'culum.
1601 1159 1787 1213 Vidisti
1814 1159 2116 1213 retributio-

545 1270 667 1307 nem
713 1264 861 1324 gesta
906 1255 1020 1321 ejus
1054 1255 1232 1307 multis
1275 1253 1445 1307 modis
1488 1251 1869 1320 superantem?
1924 1250 2116 1303 Iisdem

542 1346 720 1398 verbis
746 1346 909 1401 utitur
934 1346 1244 1401 misericors
1270 1343 1524 1398 Dominus
1543 1381 1558 1406 ,
1594 1342 1784 1411 quibus
1811 1348 1865 1394 et
1896 1340 2118 1407 patriar—

542 1436 643 1489 cha
668 1437 969 1493 cessionem
998 1435 1214 1490 fecerat.
1240 1434 1371 1489 Nam
1400 1435 1535 1489 sicut
1556 1431 1851 1503 patriarcha
1871 1432 2115 1486 dicebat:
2164 1440 2167 1443 ‘

542 1525 695 1593 Ecce,
728 1543 897 1580 annon
936 1528 1097 1580 omnis
1139 1535 1272 1579 terra
1308 1542 1478 1583 coram
1528 1524 1617 1581 te?
1658 1523 1856 1576 discede
1879 1540 1909 1574 α
1936 1539 2014 1577 me
2035 1524 2116 1577 :si

547 1628 602 1671 tu
625 1618 693 1677 ad
720 1618 997 1683 dexteram,
1027 1634 1118 1691 ego
1143 1617 1211 1670 ad
1238 1617 1531 1679 sinistram;
1553 1616 1596 1668 si
1626 1625 1681 1667 tu
1712 1615 1780 1667 ad
1820 1615 2073 1667 sinistram
2101 1655 2116 1677 ,

545 1726 637 1778 ego
662 1709 728 1763 ad
757 1710 1014 1765 dexteram
1040 1724 1060 1761 :
1090 1708 1160 1763 ita
1182 1716 1237 1762 et
1274 1708 1527 1763 Dominus
1551 1706 1713 1760 dicit:
1746 1705 1964 1761 Elevatis
1997 1720 2121 1759 ocu-

545 1801 607 1853 lis
635 1800 733 1852 tuis
761 1799 872 1853 vide
898 1816 930 1852 a
954 1799 1063 1852 loco
1092 1799 1146 1852 in
1171 1814 1268 1865 quo
1294 1808 1347 1850 tu
1372 1814 1507 1853 nunc
1538 1814 1627 1852 es:
1654 1797 1774 1866 quia
1799 1812 1992 1850 omnem
2017 1806 2121 1849 ter-

544 1908 678 1953 ram,
706 1907 858 1959 quam
880 1900 932 1959 tu
960 1890 1116 1953 vides,
1136 1889 1223 1943 tibi
1246 1890 1375 1947 dabo
1404 1906 1515 1943 eam
1534 1930 1549 1952 ,
1580 1898 1627 1942 et
1651 1889 1831 1942 semini
1853 1898 1939 1941 tuo
1967 1902 2124 1955 usque

548 1982 603 2034 in
628 1981 889 2039 stecttlum.
919 1982 1035 2047 llic,
1068 1996 1283 2050 qumso,
1312 1981 1673 2037 animadverte
1707 1979 1974 2046 ingentem
2006 1994 2125 2033 mu-

550 2073 893 2127 niﬁcentiam.
942 2072 1019 2127 Tu
1065 2072 1302 2141 quidem,
1329 2072 1532 2141 inqut,
1561 2072 1685 2125 dato
1734 2070 1808 2125 illi
1846 2068 2126 2125 electionis

550 2164 790 2230 arbitrio,
820 2178 903 2227 ea,
935 2178 1094 2231 quam
1119 2164 1207 2217 ille
1255 2162 1417 2217 voluit
1456 2162 1669 2231 eligere,
1704 2170 1843 2215 terra
1870 2158 2078 2215 cessisti
2108 2199 2123 2222 ,

551 2256 793 2311 relictam
813 2263 991 2309 autem
1015 2254 1130 2324 ipse
1153 2255 1406 2324 accepisti
1432 2275 1444 2308 :
1474 2270 1573 2325 ego
1599 2268 1725 2309 vero
1747 2262 1891 2307 tanta
1920 2262 1973 2305 te
1998 2251 2129 2305 libe-

552 2346 759 2403 ralitate
787 2360 1096 2415 prosequar,
1123 2354 1179 2399 ut
1205 2360 1417 2403 onlnem
1439 2360 1598 2414 quam
1633 2353 1757 2398 ante
1794 2343 1976 2397 oculos
2008 2351 2127 2395 tuos

554 2446 754 2493 terram
784 2438 930 2491 vides
960 2438 1134 2503 sitam,
1160 2454 1222 2491 cx
1253 2448 1477 2505 utroque
1510 2437 1675 2491 latere
1700 2435 1887 2491 dextro
1912 2444 1966 2489 et
1994 2434 2128 2488 sini-

556 2540 689 2590 stro,
717 2544 747 2583 a
786 2530 1147 2597 septentrione
1189 2539 1243 2585 et
1271 2530 1512 2590 meridie,
1546 2530 1612 2583 ab
1636 2527 1840 2582 oriente
1888 2536 1941 2582 et
1981 2526 2129 2581 occi-

555 2620 732 2683 dente,
760 2628 813 2673 et
844 2622 896 2672 in
925 2635 1152 2683 summa,
1181 2636 1393 2677 omnem
1420 2628 1614 2674 terram
1642 2634 1798 2688 quam
1819 2618 2011 2683 cernis,
2036 2618 2130 2673 tibi

557 2727 676 2767 Sum
697 2728 1050 2769 concessurus
1077 2732 1090 2766 :
1124 2729 1294 2783 neque
1316 2714 1407 2767 tibi
1429 2714 1619 2776 solum,
1646 2712 1737 2771 sed
1761 2711 1826 2765 Et
1846 2712 2021 2765 semini
2046 2720 2131 2773 tuo

558 2820 713 2873 usque
738 2805 788 2856 in
808 2805 1257 2859 swculum.\'idisti
1280 2804 1492 2873 dignam
1508 2804 1682 2857 divina
1706 2804 1939 2871 bonitate
1960 2804 2132 2857 muni-

560 2894 829 2948 ﬁcentiam
850 2895 871 2946 ?
896 2895 1081 2949 Vidisti
1110 2896 1320 2965 quantis
1348 2896 1527 2960 cessit,
1556 2906 1751 2965 quanta
1782 2904 1864 2949 est
1888 2910 2136 2964 assequu-

564 2985 690 3040 tus?
720 2984 853 3038 Ilinc
894 2987 1199 3043 erudiamur
1219 3028 1234 3052 ,
1269 2996 1323 3040 ut
1353 3002 1541 3055 magna
1587 2986 1638 3039 in
1669 2987 1860 3045 dandis
1902 2988 2134 3043 eleemo-

561 3077 707 3147 synis
738 3077 978 3147 largitate
1009 3087 1217 3133 utamur
1236 3118 1251 3143 ,
1282 3094 1388 3146 quo
1416 3078 1553 3133 datis
1578 3081 1752 3147 parvis
1780 3079 2137 3148 adipiscamur

564 3182 775 3236 magna.
805 3168 1081 3234 Quomodo
1103 3169 1244 3225 enim
1266 3171 1410 3238 paria
1433 3180 1573 3236 sunt,
1602 3170 1708 3237 dic,
1737 3172 1982 3237 obsecro,
2010 3171 2138 3226 dare

569 3277 757 3330 parum
786 3262 1015 3331 argenti,
1039 3274 1089 3319 et
1113 3263 1351 3319 obtinere
1376 3274 1723 3335 peccatorum
1740 3266 2138 3321 remissionem?

572 3371 790 3423 pascere
816 3358 1173 3424 esurientem,
1203 3368 1256 3411 et
1285 3359 1336 3412 in
1362 3358 1451 3414 die
1482 3358 1568 3417 illa
1608 3358 1849 3415 horribili
1892 3360 2138 3415 ﬁduciam

568 3448 813 3517 assequi.
847 3458 902 3503 ct
946 3449 1131 3507 audire
1180 3450 1339 3505 verba
1392 3465 1514 3504 cum
1560 3466 1724 3520 regno
1774 3450 2138 3509 conferenda:

572 3536 796 3604 Esuriui,
825 3550 871 3595 et
904 3540 1109 3595 dedistis
1144 3542 1272 3595 milii
1315 3542 1619 3597 manducare
1646 3542 1858 3612 (Matth.
1889 3544 1980 3600 25.
2008 3544 2143 3613 '55)?

572 3630 710 3687 Num
740 3634 827 3703 qui
852 3633 954 3688 tibi
988 3643 1187 3689 tantam
1220 3652 1399 3690 rerum
1428 3636 1574 3691 dedit
1609 3638 1937 3703 ubertatem,
1975 3640 2145 3708 potuit

577 3732 633 3775 et
660 3722 805 3776 illius
832 3724 1065 3792 inopiam
1092 3725 1269 3780 levare
1286 3736 1349 3779 ,et
1372 3726 1705 3782 solari?Sed
1742 3727 1843 3782 hac
1880 3728 1948 3783 de
1985 3744 2143 3783 causa

575 3813 827 3883 relinquit
875 3815 1023 3869 illum
1071 3816 1251 3884 inopia
1290 3820 1504 3883 vexari,
1542 3829 1598 3872 ut
1634 3826 1689 3873 et
1738 3819 1851 3889 ipse
1894 3820 2144 3889 patientia

579 3904 800 3957 multum
828 3905 1089 3961 mercedis
1113 3908 1412 3976 acquireret
1429 3949 1445 3974 ,
1475 3917 1529 3963 et
1555 3919 1608 3964 tu
1632 3924 1727 3978 per
1753 3910 2147 3982 eIeemosyuam

581 3992 676 4047 tibi
706 3992 911 4050 ﬁducia:
936 3996 1215 4051 materiam
1244 3997 1366 4051 illuc
1390 3999 1762 4066 praemitteres.

648 4087 702 4141 5.
721 4086 906 4143 Vidisti
938 4087 1350 4147 misericordiam
1372 4089 1604 4153 Domini,
1636 4090 1903 4159 quomodo
1932 4099 2151 4161 propter

583 4186 818 4232 nostram
848 4179 1071 4233 salutem
1099 4178 1371 4248 dispenset
1398 4181 1620 4235 omnia?
1650 4180 1828 4251 Itaque
1852 4181 1977 4237 dum
2004 4182 2149 4252 cogi-

584 4277 693 4328 tas,
724 4278 942 4337 propter
969 4278 1020 4322 te
1047 4278 1101 4323 et
1128 4280 1345 4339 propter
1373 4280 1512 4323 tuam
1537 4270 1810 4326 utilitatem
1847 4271 1992 4326 illum
2030 4288 2151 4328 cum

585 4357 757 4426 inopia
784 4358 1176 4419 conﬂictantem
1222 4360 1359 4415 fame
1388 4362 1592 4429 perire,
1635 4376 1701 4416 ne
1725 4363 1922 4432 absque
1948 4363 2157 4418 miseri-

588 4449 764 4505 cordia
803 4460 1070 4514 transeas,
1110 4450 1203 4505 sed
1230 4462 1345 4506 esto
1374 4450 1546 4507 ﬁdelis
1586 4467 1804 4520 eorum,
1852 4469 1971 4523 quae
2005 4454 2155 4507 tibia

591 4541 815 4599 Domino
837 4558 1086 4597 concessa
1119 4553 1260 4605 sunt,
1286 4543 1545 4599 bonorum
1563 4538 1915 4616 dispensﬁtor,
1942 4559 1999 4601 ut
2019 4548 2158 4609 illius

588 4633 914 4687 sitblevando
936 4635 1229 4703 penuriam,
1264 4636 1479 4695 multam
1497 4638 1589 4691 tibi
1605 4653 1885 4708 supernam
1908 4640 2159 4699 concilies

588 4723 831 4793 gratiam.
882 4721 948 4778 Et
968 4725 1202 4795 gloriﬁca
1232 4726 1508 4781 Dominum
1540 4738 1724 4794 tuum,
1770 4730 1912 4799 quod
1942 4739 2158 4799 propter

592 4826 642 4867 te
684 4826 738 4873 et
784 4817 1005 4871 salutem
1057 4827 1198 4873 tuam
1238 4819 1536 4888 permiserit
1575 4821 1723 4874 illum
1763 4821 1815 4874 in
1855 4832 2162 4891 paupertate

592 4907 791 4960 versari
821 4948 837 4973 ,
885 4916 941 4961 ut
969 4907 1060 4962 tibi
1086 4908 1166 4963 via
1193 4918 1404 4978 pateat,
1446 4925 1540 4979 per
1567 4926 1723 4979 quam
1752 4920 1964 4980 peccata
1993 4914 2164 4982 possis

594 4998 807 5053 abluere
832 5039 847 5062 ,
891 5008 944 5054 et
967 4998 1287 5069 dispensatis
1316 5000 1450 5057 bene
1480 5001 1545 5056 iis
1564 5017 1681 5071 quas
1720 5017 1752 5055 a
1799 5003 2021 5063 Domino
2068 5002 2164 5056 tibi

594 5097 717 5142 sunt
738 5104 1013 5157 concessa,
1041 5092 1223 5147 laudes
1247 5092 1365 5146 illas
1393 5107 1651 5156 mereare,
1679 5109 1795 5163 qua:
1816 5109 2026 5149 omnem
2054 5110 2168 5148 ser-

599 5196 807 5235 monem
857 5190 911 5235 et
964 5182 1222 5237 rationem
1281 5185 1679 5239 transcendunt.
1732 5186 1928 5243 Audies
1977 5188 2118 5245 enim
2149 5227 2165 5253 ,

605 5270 741 5341 Euge
760 5314 773 5337 ,
798 5290 936 5328 serve
974 5275 1098 5329 bone
1122 5286 1165 5329 et
1186 5276 1351 5343 ﬁdelis
1368 5317 1383 5342 ,
1421 5294 1571 5349 super
1594 5298 1759 5349 pauca
1797 5280 1936 5347 fuisti
1969 5281 2131 5348 ﬁdelis
2150 5321 2166 5346 ,

606 5364 937 5433 super'multa
966 5375 1011 5419 te
1035 5368 1332 5420 constituam
1359 5384 1378 5423 :
1402 5369 1536 5423 intra
1580 5373 1632 5424 in
1676 5373 1915 5440 gaudium
1970 5370 2171 5424 Domini

602 5453 672 5505 tui
700 5453 923 5525 (Matth.
947 5455 1037 5511 25.
1067 5455 1193 5527 25).
1219 5457 1343 5513 Haec
1368 5460 1868 5524 animadvertentes,
1904 5463 1973 5514 ita
2004 5462 2172 5530 respi-

597 5563 801 5609 ciamus
849 5570 1145 5625 pauperes,
1188 5557 1339 5626 quasi
1383 5557 1679 5624 beneﬁcos,
1726 5558 1816 5626 qui
1865 5557 2173 5615 occasiones

603 5643 792 5698 salutis
816 5647 943 5700 dare
982 5647 1138 5703 nobis
1165 5657 1416 5717 possunt,
1466 5659 1521 5703 et
1556 5650 1636 5704 eis
1676 5649 1888 5717 largiter
1914 5646 2175 5717 hilarique

608 5733 784 5789 animo
812 5752 1109 5808 erogemus,
1140 5756 1423 5811 numquam
1455 5751 1737 5803 renuentes
1760 5742 1907 5809 dare,
1938 5739 2033 5797 sed
2062 5754 2174 5794 ma-

1273 322 1331 380 S.
1368 322 1645 381 JOANNIS
1680 322 2152 380 CHRYSOSTOMI
2192 321 2507 378 ARCHIEP.
2545 320 3069 381 CONSTANTINOP.

3686 330 3787 383 3H3

2170 512 2173 515 b
2210 452 2316 506 gua
2346 437 2563 493 leuitate
2582 453 2703 493 cum
2733 440 2811 494 eis
2834 438 3198 509 colloquentes
3222 484 3236 507 ,
3279 452 3336 497 et
3378 443 3592 498 multam
3637 459 3790 497 man-

2214 530 2545 586 suetudinem
2575 531 2925 588 declarantos.
2956 532 3160 587 Inclina
3180 575 3196 599 ,
3226 534 3428 605 inquit,
3457 537 3666 604 pauperi
3691 552 3791 587 au-

2213 639 2317 677 rem
2344 632 2504 688 tuam,
2537 633 2581 677 et
2603 624 2848 692 responde
2872 625 2917 677 ei
2944 625 3153 694 paci/ioc
3176 626 3228 678 in
3257 627 3636 681 mansuetudine
3664 625 3790 693 (Ec-

2214 713 2298 773 ctj.
2325 714 2378 768 4.
2410 713 2504 785 8),
2530 723 2592 768 ut
2623 723 2677 769 et
2704 724 2987 783 antequam
3029 715 3156 778 des,
3187 716 3468 770 verborum
3503 717 3789 772 clementia

2217 804 2382 859 multa
2426 806 2601 873 inopia
2629 805 2890 874 dejectum
2931 806 3045 874 ejus
3085 806 3318 860 animum
3345 807 3554 876 erigas;
3602 806 3792 859 Melior

2217 896 2348 950 enim
2372 905 2466 961 est,
2500 897 2687 966 inquit,
2715 913 2897 958 sermo,
2924 914 3074 966 quam
3106 899 3311 951 donatio
3339 897 3520 966 (Eccli.
3555 898 3639 952 l8.
3673 898 3789 965 16).

2217 985 2366 1041 Adeo
2400 986 2563 1040 etiam
2604 987 2827 1041 verbum
2865 988 3095 1041 animam
3136 987 3422 1054 roborare,
3467 990 3795 1044 consolatio-

2219 1093 2448 1145 nemque
2472 1078 2690 1131 multam
2721 1077 2910 1133 afferre
2931 1078 3085 1132 solet.

2291 1169 2624 1239 Eleanosyna
2652 1170 2886 1223 alacriter
2920 1168 3194 1239 eroganda.
3241 1168 3455 1223 Serendi
3498 1179 3687 1241 tempus
3715 1178 3792 1223 est

2220 1262 2326 1323 haec
2351 1263 2469 1315 vita.
2499 1289 2572 1300 —
2596 1260 2757 1330 Igitur
2799 1275 2905 1314 non
2952 1268 3156 1313 tantum
3183 1260 3515 1315 attendentes
3540 1278 3657 1315 eum
3695 1262 3791 1330 qui

2220 1353 2432 1421 accipit,
2472 1353 2527 1407 in
2558 1352 2751 1406 dandis
2779 1352 3130 1422 eleemosynis
3162 1353 3327 1406 sinitis
3357 1352 3601 1409 liberales
3642 1371 3656 1407 :
3692 1354 3794 1409 sed

2218 1447 2599 1501 ratiocinantes
2639 1445 2815 1514 potius
2841 1445 2959 1514 quis
2985 1444 3075 1498 ille
3098 1445 3167 1499 sit
3202 1444 3293 1514 qui
3335 1459 3397 1503 ea
3438 1461 3554 1514 quae
3580 1446 3630 1498 in
3660 1461 3796 1516 pau-

2225 1555 2402 1609 perem
2434 1539 2692 1594 collocata
2718 1547 2865 1603 sunt,
2894 1548 2951 1594 ut
2989 1539 3090 1595 sibi
3129 1539 3264 1595 facta
3292 1540 3521 1595 vindicat
3545 1582 3559 1602 ,
3601 1550 3654 1595 et
3694 1557 3795 1607 pm

2223 1632 2360 1685 datis
2398 1632 2716 1693 solutionem
2766 1631 3086 1701 pollicetur:
3116 1641 3274 1700 atque
3312 1631 3383 1684 ita
3423 1632 3601 1685 animo
3642 1633 3795 1685 illum

2224 1722 2489 1777 intuentes
2513 1763 2529 1789 ,
2577 1736 2761 1791 magna
2786 1722 3056 1776 alacritate
3078 1720 3207 1775 dare
3234 1722 3542 1775 studeamus
3561 1762 3577 1787 ,
3607 1731 3661 1775 et
3688 1722 3790 1775 lar-

2223 1826 2369 1882 gam,
2394 1812 2517 1866 dum
2540 1812 2712 1866 adhuc
2738 1822 2945 1880 tempus
2968 1822 3070 1873 est,
3102 1819 3394 1865 sementem
3416 1811 3672 1878 jaeiamus
3689 1850 3704 1872 .
3739 1819 3799 1863 ut

2224 1912 2279 1959 et
2304 1903 2534 1957 ubertim
2564 1913 2841 1956 metamus.
2869 1901 2999 1955 Nam
3034 1901 3135 1968 Qui
3156 1916 3306 1970 parce
3322 1902 3535 1953 seminat
3556 1940 3568 1962 ,
3593 1901 3796 1969 inquit,

2228 2010 2377 2064 parce
2391 2005 2435 2047 et
2451 2003 2595 2046 metet
2621 1993 2699 2063 (2.
2723 1992 2841 2047 Cor.
2862 1993 2914 2049 9.
2940 1992 3018 2061 6).
3047 1992 3201 2046 Manu
3227 1991 3384 2062 igitur
3403 1992 3617 2045 minime
3640 2006 3800 2059 parca

2227 2086 2431 2141 semina
2456 2085 2541 2139 illa
2569 2086 2703 2139 bona
2733 2100 3060 2155 spargamus,
3093 2095 3150 2139 ut
3178 2100 3274 2140 suo
3303 2094 3538 2154 tempore
3566 2083 3800 2138 ubertim

2230 2185 2513 2232 metamus.
2543 2177 2693 2232 Nunc
2716 2177 2857 2231 enim
2886 2177 3177 2231 seminandi
3208 2187 3411 2245 tempus
3437 2185 3537 2241 est,
3563 2175 3701 2245 quod
3734 2191 3804 2229 ne

2229 2278 2609 2340 praetereamus
2633 2269 2856 2325 obsecro
2876 2309 2891 2335 ,
2934 2279 2990 2323 ut
3031 2270 3082 2323 in
3112 2269 3198 2324 die
3225 2268 3583 2323 retributionis
3612 2283 3705 2336 pro
3737 2268 3806 2320 iis

2231 2378 2348 2431 quae
2377 2362 2464 2416 hic
2491 2362 2871 2416 seminavimus
2892 2403 2908 2428 ,
2952 2359 3154 2415 fruetus
3182 2361 3535 2430 percipiantus
3560 2402 3576 2426 ,
3609 2368 3664 2414 et
3694 2359 3807 2412 Do-

2233 2452 2361 2507 mini
2407 2451 2827 2507 misericordiam
2868 2466 3231 2521 assequamur.
3278 2450 3488 2505 Nullum
3513 2450 3654 2504 enim
3681 2464 3806 2502 om-

2235 2546 2361 2600 nino
2388 2544 2529 2599 aliud
2555 2560 2686 2614 opus
2714 2546 2907 2599 bonum
2928 2545 3006 2599 sic
3034 2543 3228 2612 poterit
3254 2543 3579 2612 restinguere
3612 2554 3809 2609 pecca-

2237 2645 2410 2691 turum
2436 2646 2736 2691 nostrorum
2760 2636 3077 2699 incendium,
3104 2644 3163 2688 ut
3180 2635 3531 2704 eleemosynre
3551 2632 3805 2701 largitas:

2237 2730 2334 2782 ista
2362 2738 2416 2781 et
2446 2737 2777 2796 peccatorum
2807 2737 3106 2780 nostrorum
3147 2726 3486 2779 abolitionem
3530 2734 3806 2793 operatur,

2237 2828 2292 2873 et
2312 2818 2468 2873 nobis
2495 2818 2738 2873 ﬁduciam
2780 2818 3064 2879 conciliat,
3106 2825 3159 2870 et
3206 2816 3544 2869 inetl'abilium
3590 2813 3808 2866 illorum

2238 2911 2496 2965 bonorum
2529 2912 2752 2964 fructum
2792 2918 3072 2980 praeparat.
3102 2907 3298 2961 Verum
3350 2906 3417 2960 de
3464 2905 3548 2959 his
3590 2903 3810 2973 quidem

2240 3004 2370 3059 satis
2416 3002 2616 3057 dictum
2659 3001 2823 3054 estin
2851 2999 3268 3054 cohortatiouem
3312 3006 3578 3058 vestram;
3626 3003 3680 3047 et
3714 2993 3813 3045 de-

2240 3102 2589 3149 monstratum
2622 3107 2719 3146 nos
2746 3092 2794 3145 si
2823 3106 2979 3159 parva
3002 3089 3303 3144 dederimus
3324 3128 3339 3151 ,
3370 3102 3400 3140 a
3446 3085 3668 3138 Domino
3708 3098 3813 3134 no-

2241 3196 2353 3240 SIro
2382 3199 2567 3254 magna
2590 3190 3005 3252 consequuturos
3048 3194 3183 3233 eese.
3208 3178 3342 3232 Hinc
3366 3176 3505 3229 enim
3546 3189 3722 3228 sermo
3756 3172 3814 3229 in

2242 3277 2594 3345 eleemosynat
2621 3273 3035 3327 admonitionem
3065 3269 3346 3331 devolutus
3374 3278 3455 3321 est
3482 3285 3496 3319 :
3527 3266 3645 3335 quia
3666 3267 3814 3318 enim

2243 3366 2471 3423 diximus
2510 3365 2860 3435 patriarcbam
2885 3405 2902 3430 ,
2933 3364 3060 3417 dum
3092 3371 3294 3431 partem
3336 3370 3493 3414 terra:
3539 3358 3815 3412 meliorem

2245 3458 2344 3513 Lot
2373 3456 2656 3520 concessit,
2685 3464 2739 3508 et
2764 3455 3002 3509 viliorem
3030 3454 3142 3523 ipse
3165 3451 3400 3515 retinuit,
3433 3458 3630 3502 tantam
3656 3464 3683 3499 a
3712 3448 3820 3499 Ito-

2247 3549 2393 3603 mino
2422 3555 2809 3616 consequutum
2835 3560 2955 3600 esse
2978 3544 3368 3625 liberalitatem,
3390 3548 3455 3594 ut
3474 3553 3683 3593 omnem
3717 3552 3822 3590 co-

2247 3641 2553 3709 gitationem
2593 3637 2929 3693 transcendat
2970 3635 3250 3705 promissio
3277 3650 3431 3703 quam
3468 3632 3518 3687 ei
3564 3631 3822 3684 Ilmniuus

2242 3733 2374 3789 fecit
2401 3751 2414 3785 :
2445 3732 2665 3786 Elevatis
2690 3732 2821 3784 enim
2849 3728 3009 3783 oculis
3052 3729 3170 3791 tuis,
3199 3726 3386 3797 inquit,
3428 3726 3587 3778 viden
3609 3724 3733 3785 loco,
3762 3724 3820 3775 in

2249 3842 2347 3893 quo
2372 3834 2424 3878 tu
2452 3839 2585 3877 nunc
2610 3839 2681 3886 es,
2710 3822 2778 3874 ad
2800 3821 3081 3891 aquilonem
3108 3829 3155 3872 et
3182 3817 3471 3879 meridiem,
3507 3824 3553 3867 et
3580 3815 3823 3866 orientem

2248 3927 2296 3971 et
2324 3933 2462 3970 mare
2485 3932 2504 3969 :
2530 3916 2648 3985 quia
2671 3930 2869 3967 omnem
2892 3922 3074 3965 terram
3094 3952 3108 3974 ,
3135 3926 3286 3979 quam
3314 3919 3365 3961 tu
3389 3907 3522 3961 vides
3544 3946 3559 3970 ,
3594 3921 3701 3958 eam
3730 3904 3823 3956 tibi

2253 4008 2405 4072 dabo,
2442 4016 2486 4060 et
2512 4006 2687 4060 semini
2710 4013 2795 4058 tuo
2821 4019 2979 4070 usque
3005 4002 3056 4054 in
3075 4000 3330 4054 secutum.
3358 3998 3513 4053 Parte
3538 4005 3710 4059 terrae,
3743 3995 3829 4048 in-

2253 4096 2387 4165 quit,
2415 4094 2624 4149 cessisti
2654 4093 2831 4149 Iratris
2863 4092 2971 4145 ﬁlio
2997 4108 3009 4143 :
3039 4104 3165 4145 ecce
3192 4104 3293 4157 ego
3321 4098 3484 4141 totam
3509 4086 3600 4139 tibi
3626 4093 3826 4138 terram

2256 4188 2513 4258 polliceor
2538 4203 2553 4251 ;
2583 4200 2755 4254 neque
2786 4184 2888 4237 hoc
2914 4183 3104 4247 solum,
3132 4180 3226 4234 sed
3251 4188 3306 4234 et
3333 4178 3519 4232 semini
3550 4187 3638 4229 tuo
3664 4174 3827 4244 polli-

2256 4292 2382 4332 ceor
2408 4291 2523 4330 eam
2550 4289 2714 4343 usque
2752 4273 2804 4326 in
2843 4272 3095 4327 saeculum
3130 4288 3142 4323 :
3174 4270 3273 4323 hoc
3300 4278 3403 4333 est,
3427 4275 3702 4336 perpetuo.
3729 4263 3829 4316 Vi-

2258 4366 2380 4421 disti
2407 4364 2671 4435 quomodo
2700 4372 2879 4418 certat
2906 4360 3221 4416 beneﬁciis?
3267 4358 3454 4412 Sciens
3497 4356 3637 4410 enim
3687 4354 3833 4407 Deus

2261 4458 2363 4514 hoc
2391 4457 2620 4514 maxime
2646 4468 2839 4523 cupere
2864 4451 3239 4521 patriarcham,
3270 4457 3327 4503 et
3348 4449 3474 4503 nihil
3496 4447 3611 4516 ejus
3631 4443 3833 4499 alacri-

2240 4560 2423 4607 tatem
2453 4551 2522 4603 ita
2550 4548 2919 4605 roboraturum
2943 4559 3081 4609 esse,
3113 4543 3281 4613 inquit
3311 4561 3324 4596 :
3352 4541 3422 4596 Et
3444 4540 3548 4594 hoc
3584 4540 3676 4593 tibi
3702 4554 3834 4592 cour-

2264 4643 2471 4707 cedam,
2501 4651 2559 4695 ut
2581 4640 2669 4709 qui
2697 4655 2761 4694 ex
2784 4647 2837 4693 te
2861 4646 3163 4697 nascentur,
3190 4634 3494 4695 succedant,
3517 4641 3573 4686 et
3586 4630 3835 4685 similiter

2266 4744 2406 4789 terra
2452 4735 2729 4796 fruantur,
2784 4728 3114 4796 habeantque
3154 4735 3461 4795 perpetuum
3492 4724 3633 4777 illius
3658 4721 3834 4775 domt-

2268 4824 2433 4879 nium.
2466 4819 2684 4885 Deinde,
2723 4828 2781 4874 ut
2808 4832 2877 4873 ne
2902 4817 3189 4885 respiciens
3208 4815 3273 4869 ad
3298 4822 3537 4871 naturam
3576 4821 3632 4865 et
3680 4826 3837 4865 sem:-

2267 4922 2465 4969 ctutem
2495 4926 2643 4966 suam
2671 4951 2687 4976 ,
2714 4910 2963 4977 Soraeque
3002 4906 3331 4962 sterilitatem
3357 4944 3371 4967 ,
3428 4902 3837 4973 promissionem

2269 5008 2443 5061 minus
2472 5011 2700 5065 curaret,
2733 5001 2825 5056 sed
2848 5001 2980 5056 bene
3011 4998 3195 5054 ﬁderet
3218 4996 3509 5066 pollicentis
3529 4994 3731 5055 virtuti,
3757 4995 3839 5045 iu-

2271 5100 2385 5168 quit
2414 5097 2537 5151 :16.
2568 5094 2635 5148 Et
2677 5095 2863 5165 faciam
2898 5107 3063 5145 semen
3101 5099 3241 5142 tuum
3269 5089 3396 5145 sicut
3428 5102 3634 5140 arenam
3668 5094 3833 5139 terra.

2275 5189 2335 5244 Si
2362 5188 2472 5257 quis
2502 5194 2658 5255 potest
2686 5199 2947 5239 numerare
2973 5196 3177 5237 arenam
3216 5189 3380 5243 terra,
3422 5186 3467 5230 et
3495 5191 3663 5237 semen
3700 5185 3845 5233 tuum

2274 5279 2632 5341 numerabitur.
2664 5277 2800 5331 Vere
2828 5290 2987 5343 supra
3012 5282 3249 5329 naturam
3281 5271 3561 5327 humanam
3589 5276 3706 5320 erat
3728 5265 3847 5318 haec

2275 5372 2557 5443 promissio
2595 5389 2607 5424 :
2653 5385 2756 5423 non
2783 5368 2955 5422 solum
2999 5367 3140 5421 enim
3191 5363 3431 5433 promisit
3477 5376 3536 5415 se
3582 5358 3844 5414 {acturum

2276 5481 2398 5521 eum
2447 5472 2648 5532 patrem
2691 5462 2825 5514 inter
2884 5467 2959 5512 tot
2988 5451 3358 5526 impedimenta
3383 5495 3397 5517 ,
3422 5451 3514 5507 sed
3545 5453 3599 5505 in
3642 5459 3848 5503 tantum

2278 5554 2743 5622 multiplicaturum
2772 5550 2930 5612 ﬁlios,
2959 5557 3015 5602 ut
3033 5562 3207 5600 areum
3230 5555 3385 5601 terrae
3408 5541 3703 5610 comparari
3724 5553 3847 5608 pus-

2279 5657 2417 5703 sent.
2463 5648 2797 5702 Innumeram
2834 5656 2994 5711 porro
3042 5637 3435 5697 multitudinem
3466 5635 3708 5692 {cretam
3746 5631 3849 5701 hy-

2284 5738 2546 5811 perbolica
2576 5732 2916 5797 similitudine
2945 5729 3215 5791 declarare
3242 5728 3423 5783 voluit.
