4092 6408
241 364 378 427 ειετ

239 486 407 539 ταυτὶ
446 486 584 557 πρὸς
610 474 774 540 αὑτὸν
803 476 1047 557 φανερῶς
1088 484 1254 556 λέγων
1278 486 1349 541 τὰ
1384 487 1621 558 ρήματα’
1667 484 1917 558 παρεχώ-

244 587 425 642 ρησας
474 570 563 624 διὰ
594 570 796 643 πολλὴν
824 571 1123 625 ἐπιείκειαν
1164 571 1265 643 τῆς
1301 570 1785 641 καλλιστευομένης
1815 567 1919 639 χώο

243 669 345 724 ρας
382 652 466 722 τῷ
495 652 786 723 ἀδελφιδῷ,
812 654 907 707 καί
950 654 1048 724 τὴν
1079 655 1254 724 ἄκραν
1283 654 1538 719 ἐπεδείξω
1560 666 1918 721 ταπεινοφρο-

242 735 435 804 σύνην.
470 736 565 788 καὶ
581 736 853 805 τοσαύτην
873 737 1113 807 ἐποιήσω
1140 740 1236 807 τῆς
1266 738 1487 809 εἰρήνης
1516 737 1613 807 τὴν
1639 735 1916 807 πρόνοιαν,

238 818 320 882 ὡς
356 819 537 871 πάντα
590 819 988 884 καταδέξασθαι
1009 820 1149 885 ὑπὲρ
1178 819 1270 874 τοῦ
1298 820 1565 892 μηδεμίαν
1596 816 1736 872 εἶναι
1764 816 1920 887 ὑμῶν

242 901 457 970 μεταξὺ
502 902 857 970 φιλονεικίαν·
881 904 969 957 διὰ
997 903 1155 957 τοῦτο
1185 904 1423 974 λάμϐανε
1457 903 1585 974 παρ’
1608 902 1741 973 ἐμοῦ
1761 900 1918 969 δαψι-

233 978 357 1046 λεξ
384 984 487 1048 τὰς
514 986 773 1055 ἀμοιϐάς.
819 987 1213 1055 Ἀναϐλέψας,
1246 987 1400 1057 φησὶ,
1440 987 1564 1052 τοῖς
1593 982 1919 1055 ὀφθαλμοῖς

235 1085 386 1131 σου,
422 1067 515 1121 ἴδε
537 1066 658 1123 ἀπὸ
677 1069 785 1123 τοῦ
806 1070 1017 1133 τόπου,
1044 1066 1115 1126 οὗ
1150 1072 1268 1125 νῦν
1294 1071 1377 1125 σὺ
1398 1066 1471 1133 εἴ,
1513 1070 1662 1137 πρὸς
1686 1066 1919 1137 ,βοῤῥᾶν

238 1149 340 1203 καί
379 1152 543 1215 λίϐα,
576 1152 677 1205 καί
726 1153 1035 1219 ἀνατολὰς
1063 1154 1161 1207 καί
1203 1153 1545 1209 θάλασσαν’
1595 1152 1685 1207 ὅτι
1712 1150 1918 1206 πᾶσαν

236 1231 361 1297 τὴν
379 1231 518 1301 γῆν.
556 1232 636 1300 ἣν
650 1234 733 1287 σὺ
762 1234 928 1303 ὁρᾷς,
953 1252 1055 1289 σοι
1078 1235 1249 1291 δώσω
1279 1236 1475 1302 αὐτὴν
1507 1236 1603 1291 καὶ
1628 1235 1707 1302 τῷ
1734 1234 1919 1301 σπέρ-

233 1317 383 1383 ματί
403 1333 525 1372 σου
546 1318 659 1384 ἕως
696 1319 802 1373 τοῦ
855 1316 1089 1386 αἰῶνος.
1130 1316 1282 1384 Εἶδες
1325 1320 1589 1374 ἀντίδοσιν
1631 1318 1811 1388 πολλῷ
1839 1316 1916 1387 τῷ

240 1397 435 1469 μέτρῳ
471 1401 906 1473 ὑπερϐαίνουσαν
936 1403 1003 1456 τά
1040 1405 1169 1475 παρ’
1212 1403 1374 1456 αὑτοῦ
1400 1404 1688 1473 γινόμενα;
1721 1403 1797 1454 Δι’
1817 1401 1916 1454 αὑ-

235 1480 351 1557 τῶν
377 1481 490 1534 τῶν
512 1485 773 1553 ῥημάτων
812 1484 1030 1555 ἔρχεται
1059 1486 1087 1537 ὅ
1118 1484 1495 1557 φιλάνθρωπος
1524 1484 1818 1554 Δεσπότης,
1848 1483 1914 1536 δι’

236 1556 315 1618 ὧν
333 1566 429 1616 καὶ
450 1567 478 1617 6
501 1569 847 1639 πατριάρχης
871 1568 969 1639 τὴν
990 1556 1381 1641 παραχώρησιν
1404 1570 1711 1641 ἐποιήσατο.
1737 1567 1917 1621 Καθά-

237 1663 350 1718 περ
376 1648 489 1720 γὰρ
519 1652 725 1713 ἐκεῖνος
746 1652 949 1720 ἔλεγεν.
988 1655 1107 1705 Οὐκ
1139 1652 1265 1706 ἰδοὺ
1282 1650 1449 1707 πᾶσα
1478 1653 1514 1720 ἡ
1545 1650 1620 1721 γῆ
1642 1652 1917 1705 ἐναντίον

231 1742 395 1793 (Iov;
420 1731 846 1801 διαχωρίσθητι
878 1735 979 1789 ἀπ’
1013 1734 1179 1803 ἐμοῦ·
1197 1736 1355 1791 είασὺ
1374 1739 1460 1803 είς
1488 1736 1673 1801 δεξιὰ,
1694 1735 1807 1804 ἐγὼ
1831 1736 1917 1800 είς

232 1813 549 1885 ἁριστερὰο
580 1818 635 1869 εί
667 1816 736 1869 δὲ
764 1818 951 1883 σὺείς
978 1817 1279 1887 ἀριστερὰ,
1308 1819 1422 1888 ἐγὼ
1444 1822 1530 1886 εις
1565 1818 1753 1883 δεξιά·
1775 1817 1916 1871 οὑτω

232 1898 331 1951 καὶ
379 1899 410 1950 ὁ
459 1900 739 1969 Δεσπότης
790 1901 975 1970 φησίν·
1026 1902 1398 1969 Ἀναϐλέψας
1439 1903 1560 1969 τοῖς
1590 1899 1916 1971 ὀφθαλμοῖς

229 1992 377 2044 σου,
407 1980 501 2034 ιδε
524 1983 639 2035 ἀπὸ
662 1982 768 2037 τοῦ
796 1985 1004 2046 τόπου.
1028 1979 1099 2041 οὗ
1131 1985 1214 2039 σὺ
1243 1979 1447 2039 εἶνῦν·
1470 1985 1557 2037 ὅτι
1577 1983 1785 2038 πᾶσαν
1804 1982 1917 2050 τὴν

233 2058 375 2130 τῆν,
420 2062 503 2131 ἣν
532 2062 698 2132 ὁρᾷς,
719 2080 821 2120 σοι
839 2065 1011 2121 δώσω
1031 2068 1225 2136 αὐτὴν
1246 2067 1347 2122 καί
1374 2067 1454 2134 τῷ
1470 2069 1767 2137 σπέρματί
1797 2082 1913 2121 σου

226 2142 347 2211 ἕως
382 2147 493 2200 τοῦ
542 2146 776 2214 αἰῶνος.
828 2150 1090 2204 Ἐνταῦθά
1119 2169 1208 2222 μοι
1249 2152 1441 2206 σκόπει
1469 2152 1567 2223 τῆς
1600 2150 1911 2221 φιλοτιμίας

231 2231 337 2299 τὴν
370 2230 701 2300 ὑπερϐολήν.
742 2230 815 2285 Σὺ
849 2232 949 2303 μὲν
993 2234 1124 2303 γὰρ,
1166 2234 1366 2303 φησὶν,
1415 2234 1625 2303 αἵρεσιν
1654 2233 1777 2296 δοὺς
1816 2232 1915 2303 τὴν

233 2313 337 2381 τῆς
358 2312 616 2383 ἐκλογῆς,
639 2312 737 2384 τὴν
772 2314 873 2382 μὲν
898 2314 1191 2387 παρεχώρη
1201 2333 1315 2380 σας,
1336 2316 1508 2387 ἥνπερ
1528 2315 1739 2369 ἑλέσθαι
1760 2314 1915 2367 ἐϐου-

230 2394 401 2465 λήθη,
433 2395 532 2466 τήν
588 2396 645 2449 δὲ
687 2397 1103 2463 ύπολειφθεῖσαν
1145 2398 1307 2463 αὑτὸς
1364 2398 1659 2463 κατεδέξω·
1703 2397 1814 2465 ἐγὼ
1858 2396 1916 2449 δὲ

231 2479 511 2550 τοσαύτην
555 2479 814 2551 ποιοῦμαι
838 2482 935 2554 τὴν
965 2481 1291 2551 φιλοτιμίαν,
1330 2482 1405 2545 ὡς
1452 2484 1629 2534 πᾶσαν
1660 2481 1759 2548 τὴν
1808 2479 1913 2549 γῆν

230 2562 337 2632 τὴν
364 2563 781 2617 ὑποπίπτουσαν
810 2568 875 2636 τῇ
902 2566 1010 2619 τῶν
1047 2566 1153 2620 σῶν
1197 2565 1489 2635 ὀφθαλμῶν
1523 2564 1620 2635 θέᾳ.
1642 2563 1699 2629 ἐξ
1723 2562 1914 2616 ἐκατέ-

232 2660 351 2711 ρων
376 2644 485 2698 τῶν
514 2648 719 2716 μερῶν.
757 2649 866 2702 ἀπὸ
906 2650 1109 2720 ἄρκτου
1154 2650 1246 2702 καὶ
1278 2649 1387 2702 ἀπὸ
1416 2646 1781 2719 μεσημϐρίας,
1820 2645 1914 2699 καὶ

230 2729 349 2780 ἀπὸ
378 2728 655 2781 ἀνατολῶν
682 2731 775 2783 καὶ
795 2730 1036 2801 δυσμῶν,
1073 2733 1251 2785 πᾶσαν
1279 2731 1379 2803 τὴν
1405 2731 1529 2801 γῆν,
1558 2730 1626 2800 ἢν
1654 2730 1804 2800 ὁρᾷς.
1832 2746 1913 2782 σοι

230 2814 685 2881 παραχωρήσειν·
719 2814 810 2866 καὶ
843 2815 902 2867 οὑ
933 2814 1089 2867 τοῦτο
1124 2816 1304 2885 μόνον,
1326 2815 1463 2868 ἀλλά
1486 2814 1597 2869 Καὶ
1618 2809 1696 2875 τῷ
1728 2810 1912 2881 σπέρ-

222 2894 378 2963 ματί
421 2911 539 2947 σου
569 2894 681 2960 ἕως
719 2897 827 2949 τοῦ
863 2896 1096 2963 αἰῶνος.
1128 2893 1282 2962 Εἶδες
1319 2898 1473 2962 ἀξίαν
1510 2898 1607 2967 τῆς
1640 2895 1735 2949 τοῦ
1778 2894 1912 2948 Θεοῦ

226 2974 579 3047 ἀγαθότητος
607 2978 705 3049 τὴν
745 2979 1083 3051 φιλοτιμίαν;
1130 2978 1268 3044 εἶδες
1297 2982 1437 3034 ὅσων
1486 2980 1911 3051 παραχωρήσας.

226 3058 376 3111 δσων
398 3059 640 3133 ἡξιώθη;
672 3062 953 3117 Ἐντεῦθεν
978 3063 1361 3135 παιδευώμεθα
1394 3064 1593 3136 πολλὴν
1618 3063 1916 3116 ἐπιδείκνυ-

230 3139 362 3193 σθαι
392 3142 674 3211 δαψίλειαν
709 3146 837 3215 περὶ
861 3146 958 3217 τὴν
1005 3146 1394 3217 ἐλεημοσύνην,
1424 3146 1509 3200 ἴνα
1541 3145 1712 3217 μικρὰ
1731 3145 1915 3209 δόντες

228 3224 493 3293 μεγάλων
539 3226 880 3298 άξιωθῶμεν.
919 3229 1028 3283 Ποῦ
1063 3229 1172 3300 γὰρ
1191 3231 1329 3292 ἴσον,
1362 3229 1484 3282 εἰπέ
1509 3246 1621 3298 μοι,
1651 3227 1914 3300 ἀργύριον

228 3308 412 3377 βραχὺ
451 3308 661 3373 δοῦναι,
692 3311 787 3363 καὶ
842 3312 1189 3383 συγχώρησιν
1229 3310 1641 3382 ἁμαρτημάτων
1684 3312 1915 3381 κομίσα-

228 3390 393 3455 σθαι;
454 3390 652 3461 θρέψαι
700 3393 990 3459 πεινῶντα,
1044 3394 1137 3448 καί⁵
1170 3394 1482 3467 παρρησίας
1530 3394 1826 3465 ἀξιωθῆναι
1854 3396 1912 3447 ἐν

224 3473 420 3542 ἐκείνῃ
453 3476 520 3543 τῇ
549 3474 734 3547 ήμέρᾳ
762 3478 827 3547 τῇ
870 3476 1095 3548 φοϐερᾷ,
1132 3477 1227 3530 καὶ
1266 3475 1587 3530 ἀκοῦσαιτά
1616 3477 1714 3546 τῆς
1753 3476 1907 3546 βασι-

225 3554 386 3619 λείας
416 3556 647 3623 ἀντάξια
697 3559 941 3630 ῥήματα,
994 3560 1340 3622 Ἐπείνασα,
1372 3558 1469 3611 καί
1513 3557 1768 3611 ἐδώκατέ
1806 3576 1910 3627 μοι

224 3639 489 3708 φαγεῖν;
527 3641 619 3712 Μὴ
671 3643 783 3713 γὰρ
820 3644 849 3695 6
882 3643 964 3696 σοὶ
1004 3642 1300 3713 παρασχὼν
1333 3642 1429 3714 τὴν
1459 3642 1726 3712 τοσαύτην
1755 3642 1910 3711 δαψίο

224 3719 384 3772 λειαν
431 3722 532 3776 οὑκ
576 3723 807 3792 ἠδύνατο
849 3725 1102 3779 κάκείνου
1142 3725 1241 3797 τὴν
1274 3725 1479 3778 ένδειαν
1510 3724 1911 3797 παραμυθήσα-

227 3803 392 3867 σθαι;
412 3805 572 3859 Ἀλλά
599 3806 688 3860 διὰ
719 3807 877 3863 τοῦτο
904 3810 1128 3879 ἀφίησιν
1148 3809 1309 3862 αὑτὸν
1336 3812 1399 3880 τῇ
1418 3809 1577 3879 πενίᾳ
1593 3809 1910 3880 τρύχεσθαι,

225 3887 320 3939 ἵνα
343 3888 595 3953 κάκεῖνος
619 3892 717 3960 τῆς
752 3893 1029 3964 ὑπομονῆς
1059 3893 1226 3947 πολὺν
1257 3893 1552 3965 κομίζηται
1573 3896 1664 3947 τὸν
1696 3893 1907 3963 μισθὸν,

225 3970 329 4023 καὶ
357 3973 420 4024 σεε
464 3973 563 4045 τὴν
597 3974 708 4028 ἀπὸ
737 3976 837 4047 τῆς
879 3974 1251 4047 ἐλεημοσύνης
1281 3973 1462 4045 σαυτῷ
1500 3976 1782 4048 προαποθῇ
1813 3977 1911 4049 τήν

224 4056 421 4127 παρῤη
430 4056 570 4112 σίαν.

301 4145 373 4208 γ’.
400 4137 556 4204 Εἶδες
576 4141 988 4213 φιλανθρωπίαν
1010 4143 1301 4208 Δεσπότου,
1331 4142 1445 4206 πῶς
1462 4142 1674 4196 ἅπαντα
1698 4140 1787 4194 διά
1813 4141 1911 4213 τήν

224 4223 512 4297 ἡμετέραν
544 4226 818 4297 σωτηρίαν
858 4228 1132 4297 οἰκονομεῖ
1148 4245 1162 4289 ;
1196 4227 1366 4281 Ὅταν
1396 4222 1488 4280 οῦν
1518 4226 1798 4298 ἐννοήσῃς,
1828 4227 1909 4279 ὃτι

223 4306 317 4358 διὰ
338 4307 396 4359 σέ
452 4308 548 4360 καὶ
579 4308 677 4378 τὴν
708 4310 807 4380 σὴν
836 4309 1103 4379 ὠφέλειαν
1146 4311 1348 4374 ἐκεῖνος
1372 4315 1438 4383 τῇ
1468 4311 1626 4383 πενίᾳ
1659 4326 1909 4381 προσπα-

226 4388 404 4442 λαίων
440 4388 588 4461 λιμῷ
618 4390 1017 4463 διαφθείρεται,
1058 4393 1131 4465 μὴ
1162 4392 1436 4465 παρέλθῃς
1458 4391 1722 4463 ἀνηλεῶς,
1773 4390 1907 4444 ἀλλά

224 4472 391 4540 γενοῦ
414 4474 607 4536 πιστὸς
625 4475 907 4546 οἰκονόμος
935 4477 1042 4529 τῶν
1074 4477 1226 4548 παρά
1269 4476 1363 4530 τοῦ
1386 4477 1656 4529 Δεσπότου
1690 4492 1772 4528 σοι
1805 4492 1910 4528 πα-

231 4553 634 4625 ρασχεθέντων,
664 4556 753 4610 ἵνα
769 4556 867 4627 τὴν
891 4558 1101 4611 ἐκείνου
1133 4558 1341 4613 ἔνδειαν
1373 4556 1908 4629 παραμυθησάμενος

228 4638 441 4708 πολλὴν
477 4638 762 4713 ἐπισπάσῃ
785 4640 886 4712 τὴν
932 4640 1137 4695 ἀνωθεν
1160 4641 1393 4699 εὔνοιαν.
1424 4641 1533 4695 Καὶ
1562 4639 1783 4703 δόξασόν
1815 4655 1906 4691 σου

225 4721 322 4775 τὸν
350 4721 653 4791 Δεσπότην,
676 4724 759 4776 δτι
780 4722 869 4777 διὰ
905 4724 969 4778 σέ
994 4725 1087 4778 καὶ
1109 4724 1207 4796 τὴν
1240 4724 1339 4796 σήν
1378 4723 1652 4793 σωτηρίαν
1675 4720 1910 4791 συνεχώ-

229 4820 402 4874 ρησεν
437 4804 650 4858 ἐκεῖνον
692 4806 750 4859 ἐν
798 4806 959 4876 πενίᾳ
1198 4807 1426 4875 διάγειν,
1475 4806 1564 4860 ἵνα
1590 4806 1654 4859 σὺ
1676 4804 1909 4873 δυνηθῇς

223 4884 348 4938 666v
383 4884 591 4956 εὑρεῖν,
614 4885 681 4938 δι’
701 4880 770 4957 ἦς
799 4886 1003 4958 δυνήσῃ
1041 4888 1137 4942 καὶ
1163 4887 1234 4941 τὰ
1252 4886 1614 4958 ἡμαρτημένα
1642 4884 1908 4953 ἀπονίψα-

228 4968 379 5026 σθαι.
408 4970 506 5023 καὶ
529 4968 601 5022 τά
620 4969 772 5040 παρὰ
788 4969 883 5023 τοῦ
908 4971 1180 5025 Δεσπότου
1193 4987 1275 5023 σοι
1300 4968 1710 5041 παρασχεθέντα
1729 4968 1908 5031 καλῶς

223 5051 612 5119 οἰκονομήσας,
632 5051 740 5105 τῶν
766 5052 999 5105 ἐπαίνων
1021 5053 1245 5106 ἐκείνων
1272 5052 1566 5123 ἀξιωθῆναι
1592 5051 1699 5105 τῶν
1732 5050 1907 5104 πάντα

225 5131 389 5200 λόγον
424 5134 517 5185 καὶ
552 5133 792 5187 διάνοιαν
833 5134 1291 5207 ὑπερϐαινόντων.
1336 5133 1567 5205 Ἀκούσῃ
1608 5136 1738 5204 γάρ,
1794 5131 1905 5199 Εὖ,

224 5216 417 5271 δοῦλε
439 5217 626 5284 ἀγαθὲ
650 5218 749 5271 καὶ
791 5217 989 5283 πιστὲ,
1034 5219 1126 5272 ἐπ’
1174 5219 1394 5287 ὀλίγων
1424 5214 1497 5287 ἦς
1535 5217 1773 5284 πιστὸς,
1807 5218 1906 5271 ἐπὶ

225 5297 486 5353 πολλῶν
527 5318 603 5353 σε
641 5300 1021 5366 καταστήσω·
1060 5302 1300 5356 εἴσελθε
1320 5304 1408 5367 εὶς
1430 5300 1544 5368 τὴν
1586 5302 1777 5369 χαρὰν
1803 5302 1908 5355 τοῦ

224 5382 455 5449 Κυρίου
488 5395 627 5435 σου.
650 5381 838 5437 ταῦτα
866 5381 1191 5447 ἐννοοῦντες,
1219 5382 1470 5453 καθάπερ
1488 5383 1908 5454 εὑεργέτας,καὶ

222 5464 329 5531 τῆς
363 5463 640 5533 σωτηρίας
669 5467 804 5534 ἡμῖν
828 5465 928 5527 τὰς
958 5465 1212 5536 ἀφορμὰς
1261 5465 1518 5536 παρέχειν
1553 5466 1907 5535 δυναμένους,

222 5544 407 5605 οὕτως
453 5546 671 5617 ὁρῶμεν
717 5550 840 5610 τοὺς
884 5548 1139 5617 πένητας.
1185 5549 1278 5602 καὶ
1312 5549 1451 5616 μετά
1494 5548 1773 5618 δαψιλείας
1812 5550 1908 5602 καὶ

224 5627 428 5699 ἱλαρᾶς
461 5632 562 5700 τῆς
589 5629 899 5701 προθυμίας
939 5632 1292 5703 παρέχωμεν,
1317 5634 1588 5704 μηδέποτε
1616 5632 1911 5688 ἀνανεύονο

219 5727 318 5773 τες
344 5710 590 5781 περὶτὴν
630 5712 798 5774 δόσιν,
844 5713 981 5765 ἀλλά
1032 5717 1171 5783 μετά
1224 5715 1421 5784 πολλῆς
1468 5716 1569 5784 τῆς
1610 5716 1908 5777 ἐπιεικείας

216 5794 623 5865 διαλεγόμενοι,
654 5796 749 5850 καὶ
767 5796 1047 5866 πραότητα
1069 5796 1269 5865 πολλὴν
1296 5796 1650 5869 δεικνύμενοι.
1683 5795 1906 5853 κλῖνον

752 5913 1024 5977 Ριτιιοι..
1067 5916 1185 5976 Gn.
1234 5916 1392 5980 LIII.

1353 364 1420 427 IN
1452 362 1601 427 CAP.
1644 366 1758 425 xm
1797 356 2043 426 GENES.
2079 356 2309 426 ηοιιιι..
2351 366 2589 423 xxxw.

3511 360 3723 433 ,διε

2030 484 2138 554 γὰρ
2162 484 2373 552 πτωχῷ
2390 484 2458 538 τὸ
2477 480 2587 550 οὖς
2606 498 2743 549 σου,
2765 482 2859 537 καὶ
2878 482 3221 550 ἀποκρίθητι
3250 480 3408 545 αὐτῷ
3426 481 3687 549 ειρηνικὰ

2028 572 2098 625 ἐν
2133 574 2441 641 πραΰτητι,
2462 574 2548 625 ἵνα
2572 573 2666 625 καὶ
2690 571 2796 642 πρὸ
2823 573 2919 641 τῆς
2938 571 3137 633 δόσεως
3164 572 3229 641 τῇ
3254 569 3550 640 προσηνείᾳ
3579 568 3688 622 τῶν

2029 658 2289 730 ῥημάτων
2348 661 2447 731 τὴν
2493 659 2975 730 καταϐεϐλημένην
3014 657 3178 710 αὑτοῦ
3224 656 3400 728 ψυχήν
3449 657 3553 710 ὑπὸ
3584 657 3688 726 τῆς

2028 747 2227 817 πολλῆς
2256 748 2463 811 ἐνδείας
2497 748 2825 818 ἀναστήσῃς.
2854 745 3154 814 Κρεῖσσον
3174 744 3303 815 γάρ,
3333 745 3487 814 φησὶ,
3507 745 3689 814 λόγος

2026 833 2064 902 ἢ
2091 834 2280 902 δόσις.
2312 832 2496 899 Οὕτως
2523 830 2631 889 οἶδε
2654 834 2746 887 καὶ
2777 833 2926 904 ρἧα
2946 832 3211 903 νευρῶσαι
3229 830 3427 901 ψυχὴν,
3450 832 3543 883 καὶ
3563 831 3690 883 πολι

2027 922 2122 994 λὴν
2144 925 2456 991 εἰσαγαγεῖν
2487 922 2585 993 τὴν
2616 919 2987 992 παραμυθίαν.

2097 1009 2188 1079 Μὴ
2203 1010 2381 1063 τοίνυν
2401 1009 2535 1081 πρὸς
2556 1007 2646 1061 τὸν
2662 1006 3004 1078 λαμϐάνοντα
3022 1006 3179 1077 μόνον
3195 1005 3428 1077 ὁρῶντες
3448 1004 3546 1075 τὴν
3561 1022 3628 1056 πε
3635 1005 3690 1074 ρὶ

2025 1097 2123 1167 τὴν
2167 1095 2533 1167 ἐλεημοσύνην
2564 1094 2874 1166 φιλοτιμίαν
2911 1091 3213 1163 ποιώμεθα,
3246 1090 3379 1145 άλλά
3410 1090 3690 1160 λογιζόμε-

2027 1200 2106 1237 νοι
2126 1184 2207 1246 τίς
2236 1184 2382 1236 ἐστ.ν
2413 1184 2441 1236 6
2470 1182 2836 1252 οἰκειούμενος
2868 1179 2935 1233 τὰ
2954 1181 3037 1243 εἰς
3066 1180 3158 1232 τὸν
3186 1180 3394 1248 πένητα
3410 1177 3688 1247 γινόμενα,
3718 1208 3725 1215 -

2025 1270 2119 1323 καὶ
2148 1269 2245 1340 τὴν
2269 1269 2408 1340 ὑπὲρ
2437 1269 2545 1323 τῶν
2572 1268 2862 1339 διδομένων
2891 1266 3094 1319 ἔκτισιν
3128 1264 3515 1335 ὑποσχόμενος,
3549 1262 3693 1318 οὕτω

2026 1353 2161 1423 πρὸς
2204 1354 2408 1423 ἐκεῖνον
2436 1352 2713 1423 τείνοντες
2733 1351 2831 1423 τῂν
2855 1349 3093 1423 διάνοιαν
3154 1350 3292 1423 μετὰ
3328 1348 3523 1423 πάσης⁸
3558 1365 3690 1423 προ-

2027 1415 2225 1492 θύμίας
2254 1422 2512 1491 παρέχειν
2557 1415 2964 1489 σπουδάζωμεν,
2993 1419 3088 1471 καὶ
3135 1415 3470 1488 σπείρωμεν,
3493 1415 3569 1478 ὡς
3604 1415 3690 1469 ἐτι

2025 1508 2233 1580 καιρὸς,
2271 1508 2407 1578 μετά
2440 1506 2734 1576 δαψιλείας,
2764 1506 2849 1558 ἵνα
2879 1506 2973 1559 καὶ
3010 1504 3146 1576 μετὰ
3170 1503 3442 1573 δαψιλείας
3462 1502 3691 1572 θερίσω-

2027 1611 2146 1664 μεν.
2195 1596 2256 1647 '0
2289 1595 2553 1662 σπείρων
2593 1594 2723 1664 γὰρ,
2754 1594 2908 1662 φησὶ,
2930 1592 3308 1661 φειδομένως,
3333 1589 3691 1659 φειδομένως

2024 1686 2120 1738 καὶ
2181 1686 2420 1754 θερίσει.
2494 1685 2729 1754 Ἀφειδεί
2770 1684 2948 1737 τοίνυν
3013 1686 3077 1754 τῇ
3137 1684 3280 1755 χειρὶ
3340 1682 3691 1737 καταϐάλλω-

2026 1788 2125 1841 μεν
2153 1772 2220 1825 τὰ
2260 1773 2399 1827 καλά
2426 1772 2597 1826 ταῦτα
2612 1773 2918 1843 σπέρματα,
2950 1772 3037 1825 ἵνα
3066 1774 3123 1825 ἐν
3154 1771 3328 1843 καιρῷ
3360 1770 3495 1840 μετά
3531 1769 3688 1838 δαῷι-
3722 1767 3731 1773 ’

2022 1857 2167 1923 λείας
2183 1858 2509 1931 θερίσωμεν.
2528 1858 2641 1913 Νῦν
2667 1859 2764 1929 μὲν
2780 1860 2887 1929 γάρ
2914 1862 3059 1913 ἐστιν
3077 1860 3107 1912 ό
3133 1858 3224 1911 τοῦ
3252 1858 3451 1928 σπόρου
3478 1856 3688 1926 καιρὸς,

2020 1946 2081 1999 ὃν
2113 1947 2186 2019 μή
2212 1949 2678 2020 παραδράμωμεν,
2710 1948 3032 2019 παρακαλῶ,
3081 1949 3167 2001 ἵνα
3197 1950 3254 2001 ἐν
3290 1950 3355 2017 τῇ
3388 1946 3486 2016 τῆς
3530 1948 3691 1999 ἀντα-

2021 2035 2290 2100 ποδόσεως
2312 2037 2421 2090 τῶν
2450 2037 2682 2090 ἐνταῦθα
2721 2037 3036 2107 σπαρέντων
3070 2037 3414 2107 ήμέρᾳ,τοὺς
3443 2034 3693 2105 καρποὺς

2021 2122 2474 2194 ἀποδρεψῶμεθα,
2488 2124 2695 2193 καὶτῆς
2713 2125 2862 2194 παρὰ
2880 2123 2973 2177 τοῦ
2991 2125 3259 2177 Δεσπότου
3281 2122 3470 2192 φιλανθ
3482 2121 3691 2193 ρωπίας

2021 2208 2360 2280 ἀξιωθῶμεν.
2385 2212 2551 2265 Οὐδὲν
2574 2212 2703 2281 γὰρ,
2735 2211 2889 2264 οὐδὲν
2916 2211 3102 2281 ἕτερον
3127 2210 3235 2263 τῶν
3251 2208 3691 2281 κατορθωμάτων

2020 2295 2161 2348 οὑτω
2215 2296 2499 2367 δυνήσεται
2543 2298 2734 2350 σϐέσαι
2786 2298 2895 2351 τῶν
2947 2297 3361 2368 ἁμαρτημάτων
3407 2296 3564 2367 ήμῶν
3590 2295 3690 2366 τὴν

2020 2383 2220 2454 πυρὰν,
2251 2384 2325 2447 ῶς
2364 2386 2398 2455 ή
2445 2385 2544 2455 τῆς
2586 2383 2957 2455 ἐλεημοσύνης
2987 2384 3257 2453 δαψίλεια.
3288 2383 3435 2453 Δῦτη
3458 2382 3552 2436 καὶ
3580 2382 3690 2434 τῶν

2018 2469 2431 2540 ἡμαρτημένων
2458 2472 2589 2540 ἡμῖν
2620 2470 2709 2523 τὸν
2738 2470 3048 2540 ἀφανισμὸν
3079 2469 3387 2541 ἐργάζεται,
3418 2470 3511 2521 καὶ
3548 2470 3691 2540 παῤ-

2021 2556 2215 2625 ρησίας
2249 2558 2378 2626 ήμῖν
2400 2556 2656 2626 πρόξενος
2682 2557 2914 2625 γίνεται,
2944 2558 3039 2610 καὶ
3065 2556 3173 2609 τῶν
3199 2557 3524 2628 ἀπορρήτων
3544 2556 3689 2608 ἐκεί-

2018 2660 2125 2695 νων
2150 2643 2370 2712 ἀγαθῶν
2400 2644 2496 2715 τήν
2526 2644 2825 2697 ἀπόλαυσιν
2850 2645 3290 2715 προευτρεπίςει.
3336 2643 3497 2696 Ἀλλά
3516 2642 3691 2696 ταῦτα

2022 2730 2122 2800 μὲν
2144 2731 2344 2795 ίκανῶς
2374 2731 2586 2803 εἴρηται
2626 2731 2761 2802 πρὸς
2788 2731 2886 2803 τὴν
2922 2732 3195 2803 ὑμετέραν
3228 2731 3563 2803 προτροπὴν,
3594 2734 3689 2785 καὶ

2020 2818 2155 2889 πρὸς
2180 2821 2241 2872 τὸ
2269 2820 2458 2884 δεῖξαι,
2489 2822 2571 2873 ὃτι
2604 2820 2780 2891 μικρὰ
2826 2820 3060 2884 διδόντες
3111 2821 3362 2891 μεγάλων
3391 2820 3690 2890 ἀξιούμεθα

2021 2922 2097 2957 πα
2104 2904 2173 2975 ρὰ
2191 2906 2283 2957 τοῦ
2320 2907 2609 2959 Δεσπότου.
2644 2906 2916 2959 Ἐντεῦθεν
2936 2908 3044 2975 γὰρ
3061 2909 3191 2978 ήμίν
3216 2908 3308 2960 καὶ
3332 2909 3360 2960 6
3379 2906 3535 2975 λόγος
3552 2906 3689 2978 πρὸς

2018 2990 2117 3061 τὴν
2145 2992 2241 3062 τῆς
2270 2991 2637 3063 ἐλεημοσύνης
2660 2995 2981 3065 παραίνεσιν
3005 2993 3343 3067 ἐξεκυλίσθη*
3372 2994 3556 3065 ἐπειδὴ
3580 2995 3689 3063 γάρ

2018 3077 2297 3150 ἐλέγομεν,
2318 3080 2399 3133 ὅτι
2426 3080 2625 3152 μέρους
2669 3081 2771 3151 γῆς
2805 3082 3212 3153 παραχωρήσας
3248 3083 3277 3133 ό
3320 3082 3688 3152 πατριάρχης.

2019 3166 2113 3219 καὶ
2136 3164 2197 3219 τὸ
2228 3166 2511 3221 κάλλιστον
2535 3168 2632 3239 τῆς
2667 3167 2850 3240 χώρας
2875 3170 3176 3240 προέμενος
3204 3169 3283 3242 τῷ
3304 3169 3445 3236 Λὼτ,
3470 3171 3564 3222 καὶ
3588 3170 3690 3240 τὴν

2019 3253 2361 3325 φαυλοτάτην
2403 3258 2505 3327 γῆν
2551 3256 2803 3327 ἐλόμενος
2840 3257 3017 3328 ἐαυτῷ
3043 3258 3310 3329 τοσαύτης
3341 3256 3548 3329 ήξιώθη
3588 3256 3691 3326 τῆς

2020 3341 2171 3412 παρά
2200 3341 2290 3394 τοῦ
2324 3342 2458 3395 Θεοῦ
2512 3342 2845 3414 φιλοτιμίας,
2877 3344 2953 3409 ώς
2983 3345 3329 3415 ὑπερϐαίνειν
3358 3345 3533 3398 πάντα
3563 3342 3689 3396 νοῦν

2022 3428 2117 3481 καὶ
2142 3428 2378 3482 διάνοιαν
2394 3429 2489 3501 τὴν
2511 3430 2801 3501 ὑπόσχεσιν
2825 3431 2926 3502 τὴν
2957 3434 3109 3504 παρὰ
3129 3431 3223 3484 τοῦ
3252 3430 3385 3485 Θεοῦ
3417 3434 3497 3494 εἰς
3524 3431 3687 3485 αὑτὸν

2022 3514 2413 3585 γεγενημένην.
2468 3516 2843 3585 Ἀναϐλέψας
2863 3519 2993 3589 γὰρ,
3025 3520 3178 3588 φησὶ,
3208 3519 3333 3585 τοῖς
3359 3518 3690 3587 ὀφθαλμοῖς

2016 3616 2153 3668 σου,
2191 3602 2279 3656 ἴδε
2294 3603 2413 3656 ἀπὸ
2445 3604 2549 3657 τοῦ
2581 3606 2790 3668 τόπου,
2824 3601 2896 3660 οὗ
2930 3605 3011 3658 σὺ
3032 3602 3091 3659 εἶ
3112 3606 3247 3667 νῦν,
3275 3606 3421 3673 πρὸς
3456 3605 3690 3674 ,βορῤᾶν

2018 3689 2117 3741 καὶ
2143 3689 2281 3742 λίϐα
2305 3700 2355 3729 ιο
2379 3690 2467 3743 ὅτι
2508 3689 2715 3744 πᾶσαν
2739 3691 2853 3757 τὴν
2870 3690 3007 3760 γῆν,
3048 3692 3127 3759 ἦν
3152 3693 3234 3747 σὺ
3263 3691 3427 3760 ὁρᾷς,
3455 3693 3554 3747 σοὶ
3579 3693 3688 3746 δώ-

2018 3791 2106 3829 σω
2119 3775 2313 3842 αὺτὴν
2339 3776 2435 3829 καί
2456 3776 2536 3841 τῷ
2550 3778 2845 3846 σπέρματί
2861 3795 2977 3832 σου
2994 3779 3102 3844 ἕως
3120 3779 3350 3845 αἰῶνος.
3368 3781 3547 3849 Μέρος
3560 3784 3685 3851 γῆς,

2019 3862 2171 3935 [544]
2205 3881 2276 3934 φη
2286 3865 2357 3926 σἰ,
2380 3864 2778 3937 παρεχώρησας
2799 3865 2877 3936 τῷ
2897 3866 3178 3937 ἀδελφιδῷ·
3204 3867 3312 3919 ἰδοὺ
3336 3867 3445 3935 ἐγὼ
3463 3868 3686 3939 ὁλόκλη-

2021 3946 2110 4016 ρόν
2143 3962 2223 3999 σοι
2250 3946 2347 4017 τὴν
2376 3948 2477 4017 γῆν
2504 3948 2866 4019 ὑπισχνοῦμαι
2884 3966 2899 3979 ’
2936 3949 3031 4002 καὶ
3066 3950 3129 4001 οὑ
3155 3948 3309 4002 τοῦτο
3346 3950 3523 4019 μόνον,
3548 3952 3684 4003 ἀλλά

2018 4034 2113 4085 καὶ
2140 4032 2219 4103 τῷ
2254 4034 2524 4105 σπέρματί
2559 4053 2652 4088 σου
2685 4036 2943 4107 παρέξειν
2974 4037 3343 4108 ὲπαγέλλομαι
3365 4039 3556 4110 αὑτὴν,
3586 4042 3685 4092 καὶ

2017 4119 2121 4184 έως
2154 4121 2364 4185 αἰῶνος,
2396 4122 2538 4176 τοῦτ’
2563 4122 2676 4176 ἐστι
2705 4124 2987 4194 διηνεκῶς.
3014 4121 3166 4187 Εἶδες
3188 4124 3304 4187 πῶς
3320 4125 3685 4195 φιλοτιμεῖται

2018 4210 2078 4261 ἐν
2101 4213 2218 4274 ταῖς
2250 4212 2621 4282 εὐεργεσίαις;
2659 4212 2873 4284 Ἐπειδὴ
2904 4214 3011 4283 γὰρ
3044 4214 3160 4284 ᾔδει
3188 4215 3267 4267 ὅτι
3302 4214 3490 4267 τούτου
3528 4216 3686 4285 μάλι-

2020 4313 2120 4349 στα
2141 4296 2401 4368 ἐπεθύμει
2423 4300 2452 4352 6
2476 4300 2836 4371 πατριάρχης,
2864 4302 2958 4353 καὶ
2985 4301 3136 4354 οὐδὲν
3156 4300 3319 4354 αὑτοῦ
3352 4301 3450 4372 τὴν
3478 4302 3683 4373 προθυ-

2021 4382 2150 4454 μίαν
2184 4384 2324 4438 οὑτω
2344 4385 2626 4457 νευρώσει,
2660 4387 2830 4457 φησί’
2872 4389 2963 4443 καὶ
2989 4388 3147 4441 τοῦτό
3175 4406 3256 4441 σοι
3279 4390 3519 4461 παρέξω,
3543 4389 3684 4444 ὥστε

2018 4471 2113 4523 καὶ
2148 4470 2275 4534 τοὺς
2305 4472 2413 4525 ἀπὸ
2451 4472 2543 4525 σοῦ
2575 4473 2925 4543 τικτομένους
2954 4475 3296 4539 διαδέξασθαι
3331 4477 3428 4546 τῆς
3457 4478 3559 4547 γῆς
3583 4478 3684 4549 τήν

2016 4557 2334 4623 ἀπόλαυσιν,
2364 4560 2457 4611 καὶ
2478 4558 2702 4629 διηνεκῆ
2728 4560 2930 4631 ταύτης
2965 4561 3107 4632 ἔχειν
3136 4563 3522 4632 τὴνέξουσίαν.
3554 4562 3686 4618 Εἶτα

2016 4644 2104 4696 ἴνα
2135 4642 2208 4715 μή
2239 4644 2374 4715 πρὸς
2395 4645 2494 4717 τὴν
2516 4647 2717 4699 οἰκείαν
2750 4648 2909 4717 μόνον
2930 4647 3109 4716 φύσιν,
3138 4650 3228 4701 καί
3259 4650 3395 4720 πρὸς
3423 4651 3482 4703 τὸ
3507 4651 3687 4720 γῆρας

2013 4730 2075 4782 τὸ
2105 4730 2318 4793 ἐαυτοῦ,
2345 4732 2439 4784 καὶ
2484 4732 2580 4804 τὴν
2612 4733 2709 4804 τῆς
2739 4734 2919 4804 Σάρας
2952 4737 3238 4808 στείρωσιν
3284 4737 3512 4801 ἀπιδὼν,
3552 4756 3687 4809 ναρ-

2015 4818 2159 4891 κήσῃ
2198 4819 2333 4889 πρὸς
2366 4819 2463 4890 τὴν
2494 4820 2805 4891 ὑπόσχεσιν,
2846 4821 2982 4875 ἀλλὰ
3029 4823 3277 4897 θαρρήσῃ
3318 4826 3384 4894 τῇ
3424 4823 3518 4877 τοῦ
3552 4825 3685 4878 ὑπο-

2016 4906 2277 4977 σχομένου
2304 4907 2548 4978 δυνάμει,
2581 4910 2745 4980 φησί·
2785 4911 2891 4965 Καὶ
2926 4912 3160 4978 ποιήσω
3189 4912 3253 4964 τό
3281 4912 3518 4981 σπέρμα
3543 4928 3681 4975 σου,

2013 4993 2094 5059 ὠς
2124 4994 2240 5059 τὴν
2262 4992 2457 5063 ἄμμον
2487 4996 2598 5064 τῆς
2632 4996 2761 5066 γῆς.
2784 5000 2852 5051 Εὶ
2881 4997 3211 5064 δυνήσεταί
3232 5016 3320 5063 τις
3346 4998 3462 5066 τὴν
3486 4999 3684 5069 ἄμμον

2013 5079 2123 5147 τῆς
2153 5081 2267 5151 τῆς
2294 5083 2707 5151 ἐξαριθμῆσαι,
2736 5086 2833 5138 καί
2864 5084 2930 5138 τὸ
2956 5085 3192 5156 σπέρμα
3214 5080 3333 5140 σου
3360 5088 3682 5156 ἀριθμηθή-

2012 5182 2203 5221 σεται.
2235 5168 2476 5239 Ἀληθῶς
2493 5171 2636 5242 ὑπὲρ
2658 5171 2819 5239 φύσιν
2841 5173 3189 5245 ἀνθρωπίνην
3206 5169 3275 5244 ἦν
3302 5175 3333 5243 ή
3365 5175 3677 5245 ὑπόσχεσις

2011 5255 2072 5320 ,ὑ
2104 5255 2263 5324 μόνον
2289 5257 2397 5327 γὰρ
2440 5258 2650 5330 πατέρα
2689 5260 2852 5315 αὑτὸν
2888 5263 3132 5332 ποιήσειν
3172 5263 3453 5332 ὑπέσχετο,
3494 5264 3681 5316 τοσού-

2012 5360 2121 5396 των
2150 5343 2318 5396 δντων
2356 5346 2464 5397 τῶν
2493 5346 2637 5398 κωλυ
2647 5348 2850 5416 μάτων,
2874 5349 3008 5401 ἀλλά
3043 5349 3136 5401 καὶ
3164 5351 3243 5411 εἰς
3267 5348 3469 5419 πλῆθος
3488 5352 3677 5404 τοσοῦ-

2012 5446 2104 5481 τον
2138 5430 2444 5495 ἐπιδώσειν,
2472 5432 2547 5493 ώς
2577 5435 2647 5502 τῇ
2692 5434 2862 5503 ἄμμῳ
2894 5437 2991 5505 τῆς
3023 5436 3125 5504 γῆς
3154 5435 3549 5505 παρισωθῆναι,
3584 5439 3679 5490 καὶ

2012 5516 2284 5588 ἀνώτερον
2307 5517 2544 5589 ἀριθμοῦ
2572 5521 2632 5573 τὸ
2656 5519 2855 5590 πλῆθος
2887 5522 3162 5588 γενέσθαι,
3186 5522 3283 5591 τὴν
3314 5523 3562 5574 ἐπίτασιν
3580 5524 3678 5593 τῆς

2014 5605 2435 5683 ύπερϐολῆςπδιά
2468 5606 2561 5661 τοῦ
2592 5608 3029 5679 παραδείγματος
3059 5609 3297 5677 ἐμφῆναι
3334 5609 3673 5679 βουλόμενος.

2075 5755 2099 5827 ἦ
2120 5755 2353 5827 Ροειλίϐα
2373 5770 2497 5808 unus
2517 5758 2645 5810 addit
2666 5761 2743 5809 καὶ
2768 5760 2993 5816 ἀνατολὰς
3013 5762 3091 5808 καὶ
3119 5761 3444 5818 ῦάὶασσαν,εῐ
3467 5762 3531 5810 ila
3552 5760 3680 5824 legit

2020 5823 2163 5867 vetus
2182 5823 2445 5881 inlerpres.

3321 5918 3391 5971 ιο
