4092 6408
333 343 444 402 ’ΒΠ

415 461 613 515 Σκόπει
660 461 776 524 πῶς
819 460 848 512 ό
889 456 1270 529 φιλάνθρωπος
1312 455 1588 525 Δεσπότης
1639 454 1781 508 κατὰ
1821 450 2015 523 μικρὸν

343 551 613 622 γυμνάζει
640 550 735 604 τοῦ
768 548 980 603 δικαίου
1006 546 1104 617 τὴν
1133 546 1357 617 ἀρετήν.
1384 546 1569 600 Εἰπὼν
1595 544 1705 616 γὰρ
1737 542 2018 613 ἀνωτέρω,

344 642 425 694 ὅτι
474 640 559 705 Τῷ
611 637 908 706 σπέρματί
953 651 1071 689 σου
1112 633 1288 687 δώσω
1328 635 1441 701 τὴν
1474 631 1590 702 γῆν
1636 632 1887 698 ταύτην·
1925 629 2021 682 νῦν

344 728 508 781 πάλιν
532 727 716 796 φησὶν,
744 723 791 777 Κ
798 724 857 778 αὶ
879 723 958 789 τῷ
987 720 1282 791 σπέρματί
1314 739 1430 776 σου
1459 721 1630 775 δώσω
1649 720 1759 786 ἕως
1785 720 2019 783 αἰῶνος,

344 816 443 869 καί
481 813 713 881 ποιήσω
747 810 893 866 αὐτὸ
939 811 1019 877 ὡς
1058 808 1173 877 τὴν
1201 811 1398 879 ἅμμον
1426 808 1537 876 τῆς
1565 808 1699 878 γῆς.
1740 806 1849 859 Καὶ
1886 806 2021 868 τέως

350 903 511 973 μέχρι
561 900 735 969 λόγων
776 898 847 952 τά
883 897 985 967 τῆς
1029 898 1395 968 ὑποσχέσεως,
1440 897 1535 950 καὶ
1571 896 1734 958 πολὺς
1781 896 1838 948 ἐν
1873 892 2023 961 μέσῳ

348 990 714 1060 παραγίνεται
742 988 957 1059 χρόνος.
994 988 1084 1040 ἴνα
1113 986 1207 1038 καὶ
1235 985 1336 1054 τῆς
1368 984 1594 1055 γνώμης
1630 980 1723 1036 τοῦ
1755 980 2023 1051 πατριάρ-

350 1094 444 1148 κου
473 1076 735 1147 μάθωμεν
763 1076 823 1128 τὸ
853 1074 1115 1144 φιλόθεον,
1140 1075 1233 1126 καὶ
1252 1072 1347 1126 τοῦ
1372 1072 1508 1126 Θεοῦ
1535 1073 1632 1143 τὴν
1655 1068 2023 1139 ὑπερϐάλλου-

350 1183 449 1219 σαν
470 1165 719 1234 δύναμιν.
739 1162 1023 1233 Ἐπίτηδες
1054 1161 1162 1232 γάρ
1194 1160 1377 1231 μέλλει
1401 1162 1494 1213 καὶ⁵
1523 1157 1907 1219 ἀναϐάλλεται,
1935 1155 2023 1207 ἵνα

347 1258 427 1317 εἰς
470 1253 607 1325 βαθὺ
642 1253 820 1322 γῆρας
855 1251 1143 1313 ἐλάσαντες
1187 1249 1235 1301 οί
1276 1250 1374 1322 τὴν
1404 1248 1691 1318 ὑπόσχεσιν
1718 1246 2021 1317 δεξάμενοι,

346 1346 439 1398 καὶ
476 1343 827 1412 ἀπογνόντες,
856 1341 931 1403 ῶς
962 1342 1156 1405 εἰπεῖν,
1186 1340 1324 1404 τέως
1366 1339 1503 1392 κατὰ
1532 1336 1876 1409 ἀνθρωπίνην
1898 1336 2027 1389 ἀκο-

346 1432 587 1494 λουθίαν,
618 1429 738 1483 τότε
771 1429 862 1483 καὶ
888 1428 987 1497 τῆς
1023 1429 1228 1492 οίκείας
1258 1427 1541 1489 ἀσθενείας
1564 1426 1662 1497 τὴν
1690 1427 1904 1495 πεῖραν,
1931 1423 2025 1476 καὶ

346 1522 445 1591 τῆς
473 1518 682 1590 ἀφάτου
712 1518 993 1587 δυνάμεως
1016 1515 1109 1569 τοῦ
1138 1514 1272 1568 Θεοῦ
1303 1516 1399 1587 τὴν
1418 1514 1721 1585 ὑπερϐολὴν
1749 1512 1950 1567 ἴδωσιν.

417 1649 479 1703 δ’.
508 1646 777 1701 Ἐννόειδέ
801 1664 889 1718 μοι
908 1648 971 1699 ἐκ
992 1647 1089 1716 τῆς
1105 1645 1461 1717 παρατάσεως
1474 1644 1565 1698 τοῦ
1586 1646 1643 1697 ἐν
1665 1643 1814 1715 μέσῳ
1833 1641 2023 1714 χρόνου

347 1738 408 1789 τὸ
438 1736 663 1806 στερρὸν
695 1735 798 1804 τῆς
824 1733 919 1787 τοῦ
957 1733 1292 1804 πατριάρχου
1328 1732 1572 1804 γνώμης,
1608 1730 1722 1793 πῶς
1750 1730 1927 1783 πάντα
1956 1730 2025 1782 τά

346 1822 665 1896 ἀνθρώπινα
696 1822 1078 1893 παρατρέχων,
1112 1821 1249 1893 πρὸς
1278 1820 1339 1872 10
1365 1819 1587 1873 δυνατὸν
1606 1817 1701 1873 τοῦ
1723 1817 2023 1889 ὑποσχομέ-

347 1930 442 1967 νου
482 1913 664 1976 τείνας
694 1910 792 1982 την
821 1911 1079 1973 διάνοιαν,
1111 1911 1212 1963 οὐκ
1257 1908 1586 1980 ἐθορυϐεῖτο,
1633 1908 1753 1963 οὑδέ
1797 1905 2026 1978 ἐταράτ-

345 2016 487 2053 τετο.
509 1997 651 2052 Ἰστε
684 1998 793 2070 γάρ
823 1997 1103 2062 πολλάκις,
1130 1998 1209 2051 ὅτι
1234 1996 1455 2051 ἐπειδάν
1490 2012 1573 2059 τις
1605 1994 1748 2061 ἅπαξ
1781 1994 1874 2047 καὶ
1900 1994 2023 2047 δεύ-

346 2102 505 2156 τερον
528 2084 899 2154 ὑποσχόμενος
925 2084 1149 2155 μηδέπω
1178 2084 1257 2147 είς
1283 2082 1440 2154 ἔργον
1469 2082 1653 2153 ἀγάγῃ
1671 2080 1739 2133 τά
1763 2079 2027 2148 ἐπαγγελο

348 2172 529 2232 θέντα,
575 2173 692 2236 πῶς
724 2172 1074 2244 ὁκνηρὸτεροι
1112 2170 1376 2241 γινόμεθα
1417 2169 1553 2240 πρὸς
1593 2167 1654 2222 10
1688 2166 1849 2220 πάλιν
1878 2166 2026 2238 αὐτῷ

347 2261 636 2315 πιστεῦσαι
664 2249 1099 2331 ὑπισχνουμένῳ.
1142 2258 1279 2311 Ἀλλ’
1316 2258 1408 2310 ἐπὶ
1446 2257 1544 2328 μὲν
1576 2255 1861 2327 ἀνθρώπου
1889 2254 2027 2307 εἰκό-

346 2368 458 2413 τως
488 2349 555 2403 av
583 2347 745 2402 10510
773 2348 1010 2417 γένοιτο·
1049 2346 1141 2399 ἐπὶ
1173 2347 1229 2399 δέ
1261 2343 1356 2398 τοῦ
1377 2344 1509 2397 Θεοῦ
1540 2342 1631 2397 τοῦ
1661 2344 1797 2412 μετά
1825 2342 2026 2413 πολλῆς

349 2435 540 2506 σοφίας
583 2435 655 2489 τά
687 2434 931 2506 ἡμέτερα
959 2432 1387 2503 οίκονομοῦντος,
1419 2430 1636 2485 ἐπειδάν
1666 2430 1812 2495 ἅπαξ
1855 2433 2025 2498 ἐπαγ-

347 2523 620 2596 γείληται,
660 2522 766 2577 κᾶν
803 2521 970 2593 μυρία
1000 2523 1058 2575 ἐν
1089 2519 1166 2591 τῷ
1215 2518 1363 2591 μέσῳ
1403 2517 1700 2589 κωλύματα
1740 2517 2022 2588 παρεμπί-

346 2628 496 2675 πτοι,
526 2610 663 2682 πρὸς
684 2609 746 2664 10
778 2608 1007 2680 μέγεθος
1037 2608 1134 2678 τῆς
1156 2606 1250 2661 τοῦ
1285 2605 1421 2659 Θεοῦ
1461 2605 1741 2675 δυνάμεως
1782 2603 2023 2675 ὁρῶντας

349 2698 572 2771 θαρρεῖν
598 2696 727 2769 χρὴ,
764 2696 861 2751 καὶ
890 2694 1286 2767 ἐστηριγμένον
1325 2693 1468 2763 ἔχειν
1494 2695 1585 2746 τὸν
1615 2692 1891 2761 λογισμὸν,
1930 2694 2024 2745 καὶ

348 2788 545 2841 ειδέναι
575 2786 651 2850 ὡς
687 2785 903 2849 πάντως
933 2786 1012 2849 είς
1042 2784 1202 2853 ἔργον
1237 2783 1462 2853 ἐκϐῆναι
1487 2781 1568 2835 δεῖ
1601 2782 1670 2835 τὰ
1699 2782 1828 2851 παρ’
1858 2781 2023 2836 αὑτοῦ

347 2874 615 2948 εἰρημένα
635 2891 648 2904 ·
704 2873 871 2927 Οὐδὲν
915 2872 1024 2942 γάρ
1070 2875 1218 2925 ἐστιν
1245 2871 1273 2924 ὃ
1301 2870 1586 2943 δυνήσεταί
1616 2887 1744 2923 ποτε
1775 2869 2025 2939 διακόψαι

347 2964 418 3018 τά
446 2964 575 3035 παρ’
605 2961 771 3017 αὐτοῦ
797 2960 1185 3031 ἐπηγγελμένα
1204 2975 1218 2987 ·
1270 2959 1401 3023 Θεὸς
1435 2958 1544 3029 γάρ
1574 2960 1743 3019 ἐστιν,
1774 2951 1818 3025 ᾧ
1848 2960 2025 3013 πάντα

347 3052 578 3107 δυνατά·
621 3051 717 3103 καὶ
751 3048 840 3102 διὰ
876 3047 1036 3101 τοῦτο
1082 3047 1218 3118 πρὸς
1254 3046 1283 3099 ὃ
1327 3045 1595 3117 βούλεται.
1643 3045 1927 3117 μεθίστησι
1957 3046 2025 3099 τά

348 3140 675 3213 πράγματα,
710 3137 805 3191 καὶ
831 3137 1035 3207 πόρους
1060 3133 1121 3200 ἐξ
1144 3134 1363 3204 ἀπόρων
1384 3134 1562 3204 εὑρεῖν
1584 3133 1900 3202 δυνάμενος,
1930 3134 2025 3186 καὶ

355 3230 496 3298 μετά
524 3227 622 3298 τὴν
652 3225 965 3293 ἀπόγνωσιν
997 3223 1097 3294 τὴν
1124 3223 1398 3293 ἡμετέραν
1428 3223 1507 3284 είς
1534 3221 1776 3292 χρηστὰς
1805 3222 2024 3286 ἐλπίδας

348 3318 522 3385 ἄγων,
549 3316 615 3368 ἶν’
648 3311 792 3367 οὑτω
817 3311 1147 3382 σαφέστερον
1172 3310 1338 3364 αὐτοῦ
1372 3309 1730 3380 μανθάνωμεν
1754 3308 1903 3381 [545]
1926 3310 2026 3380 τῆς

349 3401 658 3473 εὐμηχάνου
690 3398 882 3465 σοφίας
906 3397 1005 3466 τὴν
1033 3394 1359 3467 ὑπερϐολήν.
1398 3393 1684 3460 Ἀναστὰς
1711 3395 1840 3467 γὰρ,
1871 3396 2025 3465 φησὶ,

349 3489 670 3543 διόδευσον
700 3486 815 3551 τὴν
845 3484 984 3555 γῆν,
1017 3483 1108 3549 εἷς
1150 3500 1215 3536 τε
1251 3483 1317 3536 τὸ
1362 3481 1557 3552 μῆκος
1591 3481 1782 3550 αὐτῆς
1816 3483 1914 3536 καί
1939 3485 2026 3549 είς

350 3577 417 3629 τὸ
449 3576 700 3640 πλάτος,
725 3573 814 3627 ὅτι
843 3588 940 3626 σοι
964 3570 1137 3625 δώσω
1153 3569 1367 3638 αὑτήν.
1384 3571 1526 3641 Ὅρα
1561 3568 1674 3633 πῶς
1700 3569 1791 3623 διὰ
1808 3570 2026 3625 πάντων

350 3664 459 3719 τῶν
483 3662 823 3735 πραγμάτων
854 3660 1053 3731 πολλὴν
1089 3657 1334 3729 βούλεται
1375 3657 1749 3729 πληροφορίαν
1796 3658 2026 3711 ἐνθεῖναι

350 3751 428 3822 τῷ
476 3751 690 3821 δικαίῳ.
730 3747 1017 3810 ’Δναστὰς,
1066 3747 1222 3817 φησὶ,
1278 3744 1555 3816 περίελθε,
1599 3747 1694 3800 καὶ
1741 3745 2025 3816 κατάμαθε

348 3841 446 3893 καὶ
487 3840 549 3893 10
584 3837 760 3909 μῆκος
796 3835 890 3889 καὶ
925 3835 986 3888 10
1020 3834 1242 3899 πλάτος,
1289 3834 1377 3888 ἵνα
1410 3833 1605 3887 εἰδέναι
1637 3834 1767 3906 ἔχῃς
1817 3834 1911 3888 καὶ
1966 3833 2029 3886 10

354 3924 582 3997 μέγεθος
613 3925 713 3996 τῆς
760 3923 882 3994 γῆς,
920 3917 989 3994 ἦς
1035 3921 1327 3977 ἀπολαύειν
1374 3920 1611 3991 μέλλεις,
1663 3922 1757 3975 καὶ
1792 3921 1899 3992 πρὸ
1929 3922 2028 3992 τῆς

353 4011 708 4073 ἀπολαύσεως
731 4012 798 4082 τῇ
834 4008 1008 4062 ἐλπίδι
1036 4007 1387 4080 τρεφόμενος,
1418 4006 1619 4077 πολλὴν
1653 4007 1781 4078 Exn;
1815 4006 1913 4077 τὴν
1938 4007 2027 4059 εὐ-

348 4097 574 4170 θυμίαν.
600 4097 775 4168 Ὂσην
807 4096 915 4168 γάρ
949 4094 1015 4149 ἂν
1046 4093 1338 4166 περιέλθῃς
1369 4093 1495 4163 γῆν,
1534 4095 1618 4147 σοὶ
1646 4093 1803 4146 δώσω
1834 4092 2024 4164 αὐτὴν,

348 4188 442 4242 ἵνα
488 4186 665 4257 μάθῃς
697 4186 781 4239 ὃτι
809 4184 871 4237 οὐ
908 4182 1142 4237 τοσαῦτα
1186 4182 1607 4253 παρεχώρησας,
1641 4184 1739 4236 ὅσα
1765 4179 1857 4234 νῦν
1887 4180 2027 4251 λαμ-

350 4268 536 4323 ϐάνειν
566 4268 797 4339 μέλλεις.
823 4266 916 4337 Μὴ
944 4265 1121 4317 τοίνυν
1147 4264 1376 4337 νομίσῃς
1398 4265 1496 4334 τήν
1530 4264 1787 4317 ἐλάττονα
1813 4262 2027 4333 εἰληφέ-

350 4375 459 4421 ναι,
486 4354 670 4427 ἐπειδὴ
698 4355 903 4417 ἐκεῖνος
925 4354 1037 4415 τοῖς
1072 4351 1360 4422 πρωτείοις
1388 4351 1731 4421 φαινομένοις
1755 4350 2029 4421 ἐπεπήδη-

355 4463 468 4498 σεν.
512 4444 648 4515 Εἴσῃ
676 4428 733 4495 δέ
764 4441 880 4511 μετ’
911 4440 969 4492 οὐ
1018 4438 1151 4492 πολὺ
1183 4438 1249 4492 δι’
1284 4438 1461 4494 αὐτῶν
1495 4439 1604 4493 τῶν
1650 4439 2021 4511 πραγμάτων,

350 4535 435 4585 ὅτι
466 4531 527 4584 οὐ
560 4528 843 4599 λυσιτελὴς
877 4523 946 4599 ἦν
972 4525 1119 4596 αὑτῷ
1149 4526 1257 4579 τῶν
1283 4525 1566 4597 πρωτείων
1594 4529 1625 4597 ή
1661 4527 1858 4598 ἐκλογή
1889 4539 1901 4554 '
1937 4528 2029 4580 καὶ

352 4620 517 4683 αὐτὸς
539 4619 596 4674 δέ
616 4620 819 4680 ἐκεῖνος
848 4615 1171 4687 μαθήσεται,
1195 4615 1319 4667 ὅσον
1348 4615 1463 4667 ἐστὶ
1485 4614 1653 4668 κακὸν
1668 4615 1729 4667 10
1740 4614 1849 4667 τῶν
1874 4631 2027 4684 πρω-

351 4708 512 4761 τείων
539 4708 690 4779 ἐρᾷν.
719 4703 939 4766 Τέωςδέ
960 4700 1122 4766 αὐτὸς
1150 4700 1376 4770 κομίζου
1402 4701 1498 4772 τῆς
1531 4701 2030 4773 ταπεινοφροσύνης

353 4798 449 4852 καὶ
488 4794 590 4865 τῆς
645 4791 965 4855 ἐπιεικείας,
1012 4792 1079 4861 ἢν
1126 4791 1254 4861 περὶ
1286 4790 1377 4843 τὸν
1407 4789 1721 4858 ἀδελφιδοῦν
1748 4789 2026 4856 ἐπεδείξω,

355 4883 455 4946 τὰς
490 4880 747 4953 ἀμοιϐὰς,
778 4878 871 4932 καὶ
898 4878 1053 4948 δέχου
1103 4877 1200 4946 τήν
1230 4876 1546 4946 ὑπόσχεσιν,
1593 4877 1687 4930 καὶ
1722 4877 1824 4947 ήδη
1859 4894 2029 4932 κατα-

363 4969 597 5041 μάνθανε
624 4966 723 5039 τὴν
750 4966 856 5036 γῆν
883 4964 1119 5030 ἃπασαν,
1144 4958 1213 5035 ἦς
1231 4964 1419 5035 κύριος
1451 4959 1519 5028 εἷ,
1551 4964 1644 5019 >101
1675 4964 1791 5033 μετ’
1811 4964 1872 5017 οὐ
1894 4966 2028 5018 πολὺ

361 5058 455 5111 καὶ
489 5056 649 5117 αὐτὸς
688 5055 782 5108 καὶ
809 5054 870 5107 10
901 5052 1123 5122 σπέρμα
1162 5051 1224 5103 τὸ
1262 5051 1353 5104 σὸν
1388 5052 1467 5113 εἰς
1493 5050 1554 5103 10
1587 5049 1830 5119 διηνεκὲς
1868 5052 2029 5106 καθέ-

362 5146 501 5209 ξετε.
525 5142 633 5197 Καὶ
666 5141 746 5207 τῷ
770 5140 1065 5209 σπέρματί
1100 5155 1218 5193 σου
1248 5137 1379 5209 γὰρ,
1404 5138 1588 5209 φησὶν,
1626 5138 1739 5203 ἕως
1765 5139 1874 5193 τοῦ
1898 5139 2032 5194 αἰῶ.

356 5251 483 5298 νος.
518 5231 658 5284 Πολύ
699 5229 795 5298 τῆς
821 5226 1153 5295 ἐπαγγελίας
1181 5226 1274 5279 τοῦ
1311 5225 1447 5280 Θεοῦ
1486 5226 1545 5279 τὸ
1574 5226 1825 5296 μέγεθος,
1861 5228 2030 5299 πολλὴ

355 5322 453 5391 τῆς
487 5317 798 5388 φιλοτιμίας
829 5316 921 5369 τοῦ
956 5316 1173 5368 πάντων
1198 5312 1356 5383 ήμῶν
1388 5315 1660 5368 Δεσπότου
1694 5316 1728 5384 ἠ
1758 5314 2028 5383 δαψίλεια,

356 5408 528 5479 πολλὴ
557 5406 653 5477 τῆς
679 5404 912 5476 ἀμοιϐῆς
936 5403 1028 5456 τοῦ
1051 5400 1433 5473 φιλανθρώπου
1454 5403 1549 5456 καὶ
1581 5402 2031 5473 πανοικτίρμονος

358 5497 395 5566 η
418 5493 729 5565 ὑπερϐολὴ,
777 5493 844 5563 ἠν
883 5492 1012 5562 περὶ
1046 5490 1138 5544 τὸν
1174 5488 1443 5560 μακάριον
1484 5488 1672 5543 τοῦτον
1716 5491 2028 5560 ἐποιήσατο,

360 5580 560 5651 καὶτῷ
597 5580 658 5646 ἐξ
699 5579 863 5635 αὑτοῦ
903 5578 1145 5649 μέλλοντι
1177 5576 1800 5649 τίκτεσθαινσπέρματι.
1844 5577 2029 5632 Ταῦτα

363 5666 599 5729 ἀκούσας
629 5669 657 5720 ό
687 5666 1050 5737 πατριάρχης,
1091 5664 1185 5717 καὶ
1227 5664 1523 5733 ἐκπλαγεὶς
1557 5666 1654 5734 τὴν
1700 5664 1905 5735 ἄφατον
1933 5666 2028 5720 τοῦ

362 5752 497 5806 Θεοῦ
528 5753 857 5824 ἀγαθότητα,
892 5750 1374 5821 Ἀποσκηνώσας,
1405 5752 1591 5824 φησὶν,
1615 5751 1810 5810 ἐλθὼν
1839 5752 2025 5820 κατῴ-

1129 341 1190 397 S.
1228 337 1516 396 JOANNIS
1542 330 2045 394 'CHRYSOSTOHI
2083 327 2400 389 ᾹΒΠΗΙΕΡ.
2441 325 2985 390 CONSTA’STINOP.

2125 465 2281 517 κησε
2314 450 2473 518 παρὰ
2499 450 2614 517 τὴν
2651 449 2802 519 δρῦν
2833 449 2949 515 τὴν
2977 444 3247 515 Μαμϐρὴ,
3275 444 3387 512 τὴν
3420 444 3490 498 ἐν
3530 446 3791 514 Χεϐρών.

2123 537 2277 591 Μετὰ
2303 538 2365 590 τὸ
2394 537 2667 602 δέξασθαι,
2696 538 2850 607 φησὶ,
2883 537 2982 606 τὴν
3010 533 3360 603 ἐπαγγελίαν,
3386 533 3481 587 καὶ
3504 532 3597 585 τὸν
3627 550 3798 603 χωρι-

2122 626 2259 696 σμὸν
2290 626 2544 695 γενέσθαι
2585 624 2679 679 τοῦ
2723 622 2868 688 Λὼτ,
2912 624 3012 695 τὴν
3062 624 3266 694 σκηνὴν
3300 620 3460 676 αὐτοῦ
3517 621 3797 691 μετῴκισε

2122 714 2273 784 παρά
2302 712 2402 784 τήν
2429 712 2560 786 δρῦν
2587 712 2685 784 τὴν
2727 711 2996 784 Μαμϐρή.
3023 712 3164 782 Ὅρα
3215 709 3503 779 φιλόσοφον
3545 708 3798 778 γνώμην,

2123 801 2223 872 ὅρα
2255 803 2599 873 φρονήματος
2634 801 2785 871 ὕψος,
2818 800 2935 863 πῶς
2968 800 3083 870 μετ’
3103 798 3352 861 εὐκολίας
3384 796 3803 866 μετανίσταται,

2125 889 2220 942 καὶ
2249 890 2310 942 οὐ
2339 888 2681 961 δυσχεραίνει
2711 888 2848 962 πρὸς
2889 888 2951 941 10
2982 888 3179 949 τόπους
3210 888 3274 938 ἐκ
3302 886 3484 938 τόπων
3520 883 3797 953 ἀμείϐειν.

2126 977 2236 1029 Καὶ
2265 976 2373 1047 γὰρ
2404 977 2655 1049 εὑρήσεις
2684 978 2847 1030 αὐτὸν
2872 976 2933 1029 οὐ
2966 972 3225 1046 συνηθείᾳ
3256 974 3361 1026 τινί
3389 970 3805 1042 προκατειλημ-

2129 1064 2289 1134 μένον
2317 1065 2413 1118 καὶ
2442 1064 2867 1136 προστετηκότα,
2891 1062 2920 1116 δ
2956 1062 3140 1116 πολλοὶ
3180 1061 3438 1123 πολλάκις
3462 1058 3803 1128 ὑπομένουσι

2126 1152 2347 1207 καὶτῶν
2366 1154 2665 1208 δοκούντων
2692 1154 3023 1222 φιλοσοφεῖν,
3044 1152 3138 1205 καὶ
3158 1150 3267 1204 τῶν
3293 1152 3350 1204 ἐν
3379 1146 3528 1220 μέσῳ
3550 1146 3802 1219 θορύϐων

2125 1241 2498 1314 ἀπηλλάχθαι·
2553 1243 2648 1298 καὶ
2680 1244 2885 1297 εἴποτε
2913 1240 3105 1313 καιρὸς
3139 1237 3329 1308 καλοίη
3373 1236 3801 1310 μεταναστῆναι,

2125 1329 2220 1382 καὶ
2248 1331 2325 1394 είς
2353 1331 2450 1401 τὴν
2478 1330 2761 1403 ἀλλοτρίαν
2786 1329 3064 1392 ἀπελθεῖν,
3098 1326 3359 1389 πολλάκις
3391 1324 3485 1378 καὶ
3506 1339 3804 1393 πνευματι-

2126 1416 2222 1471 κοῦ
2245 1420 2566 1491 πράγματος
2580 1419 2762 1483 ἕνεκα,
2781 1418 3251 1489 δυσχεραίνοντας,
3274 1414 3556 1475 ἀλύοντας.
3582 1410 3804 1482 βαρέως

2127 1506 2393 1578 φέροντας
2428 1507 2528 1579 τὴν
2566 1508 2894 1578 μετάστασιν
2928 1506 3109 1576 εὑροις
3143 1504 3211 1558 ἀν
3247 1500 3466 1565 αὐτοὺς,
3514 1500 3604 1553 διά
3634 1498 3697 1551 τὸ
3726 1499 3802 1565 τῇ

2128 1594 2382 1665 συνηθείᾳ
2415 1594 2796 1665 προειλῆφθαι.
2828 1593 2967 1646 Ἀλλ’
2992 1593 3092 1662 οὐχ
3121 1593 3151 1644 ό
3192 1590 3398 1651 δίκαιος
3444 1582 3638 1651 οὑτως,
3679 1582 3804 1637 ἀλλ’

2125 1680 2333 1735 ἀνωθεν
2354 1683 2447 1735 καὶ
2483 1684 2546 1735 ἐκ
2570 1681 2871 1753 προοιμίων
2899 1680 3240 1750 ἐφιλοσόφει·
3282 1676 3376 1729 καὶ
3422 1671 3675 1742 καθάπερ
3703 1670 3807 1753 βέ-

2125 1785 2213 1832 νος
2233 1770 2327 1823 καὶ
2351 1750 2749 1841 παρεπίδημος,
2778 1768 2953 1831 οὑτως
2981 1765 3231 1820 ἐντεῦθεν
3259 1765 3397 1827 ἐκεῖ,
3424 1760 3674 1817 κάκεῖθεν
3693 1750 3803 1841 ὦδε

2129 1840 2611 1923 μετανιστάμενος,
2643 1853 2737 1905 καὶ
2771 1850 3050 1922 πανταχοῦ
3078 1850 3178 1920 τὴν
3204 1847 3450 1917 φιλόθεον
3472 1841 3635 1899 αὐτοῦ
3657 1840 3806 1909 γνώ-

2129 1956 2237 2009 μην
2268 1939 2357 1993 διά
2395 1939 2504 1993 τῶν
2537 1938 2714 2012 ἔργων
2751 1937 3082 2001 ἐσπούδαζεν
3120 1932 3541 1990 ἐπιδείκνυσθαι.
3579 1928 3804 1999 Ἐπειδὴ

2125 2026 2236 2099 γάρ
2264 2029 2647 2099 κατεσκήνωσε
2683 2027 2836 2099 παρὰ
2861 2029 2961 2098 τὴν
2998 2025 3130 2097 δρῦν
3162 2023 3259 2095 τὴν
3295 2021 3563 2091 Μαμϐρὴ,
3597 2018 3803 2079 εὐθέως

2127 2117 2243 2170 ἐκεῖ
2271 2115 2656 2188 θυσιαστήριον
2682 2115 3001 2187 ᾠκοδόμησε
3039 2113 3116 2185 τῷ
3146 2112 3357 2183 Κυρίῳ.
3392 2106 3546 2172 Εἶδες
3576 2105 3809 2176 εὐχάρι-

2129 2219 2251 2257 στον
2278 2202 2531 2274 γνώμην;
2569 2204 2788 2275 Ἐπειδὴ
2818 2204 2926 2273 γάρ
2958 2202 3057 2274 τὴν
3090 2200 3293 2272 σκηνὴν
3317 2198 3575 2270 ἐπήξατο,
3597 2195 3806 2255 εὐθέως

2126 2290 2266 2361 ὑπὲρ
2281 2291 2378 2361 τῆς
2402 2291 2773 2362 γεγενημένης
2794 2290 2942 2361 αὑτῷ
2971 2288 3303 2357 ἐπαγγελίας
3329 2288 3425 2350 τάς
3448 2281 3807 2356 εὐχαριστίας

2126 2378 2359 2451 ἀνέφερε
2384 2378 2462 2450 τῷ
2483 2380 2747 2453 Δεσπότῃ.
2775 2380 2885 2434 K01
2911 2378 3031 2433 καθ’
3059 2379 3288 2432 ἐκαστον
3311 2376 3495 2436 τόπον,
3520 2371 3647 2425 ἔνθα
3669 2387 3809 2423 κατ-

2125 2466 2377 2537 εσκήνου,
2418 2468 2671 2539 εὑρήσεις
2712 2467 2875 2521 αὐτὸν
2902 2466 3091 2519 τούτου
3125 2464 3231 2536 πρὸ
3261 2464 3478 2518 πάντων
3508 2456 3805 2528 ἐπιμελού-

2129 2571 2310 2624 μενον,
2349 2557 2443 2608 3101
2493 2555 2876 2628 θυσιαστήριον
2918 2553 3321 2625 οίκοδομοῦντα,
3358 2551 3452 2604 καὶ
3493 2548 3591 2612 τὰς
3636 2545 3807 2615 εὐχὰς

2127 2643 2487 2714 ἀναφέροντα,
2520 2644 2612 2697 καὶ
2642 2644 2998 2697 ἀποστολικὸν
3028 2643 3190 2713 νόμον
3221 2639 3551 2712 πληροῦντα,
3578 2636 3669 2689 τὸν
3703 2649 3807 2710 κε-

2125 2730 2346 2785 λεύοντα
2380 2732 2436 2784 ἐν
2465 2732 2625 2787 παντὶ
2646 2733 2797 2803 τόπῳ
2819 2731 3069 2802 εὔχεσθαι
3102 2729 3426 2802 ἐπαίροντας
3447 2719 3806 2800 ὁσίους

2128 2823 2336 2891 χεῖρας.
2379 2817 2532 2885 Εἶδες
2578 2820 2755 2892 ψυχὴν
2801 2820 3188 2892 ἐπτερωμένην
3231 2816 3367 2891 πρὸς
3410 2817 3501 2871 τδν
3540 2814 3632 2870 τοῦ
3663 2815 3806 2868 Θεοῦ

2127 2907 2311 2970 πόθον,
2352 2909 2445 2962 καὶ
2475 2909 2613 2981 ὑπὲρ
2643 2908 2894 2962 ἁπάντων
2924 2908 3244 2979 εὐχάριστον
3291 2904 3614 2977 γινομένηνς
3663 2902 3807 2956 Οὐδὲ

2126 2994 2235 3065 γὰρ
2256 2994 2512 3064 ἀνέμενεν
2530 2997 2609 3058 είς
2634 2995 2792 3066 ἔργον
2816 2994 2990 3047 ἐλθεῖν
3013 2994 3079 3046 τὰ
3097 2986 3523 3062 ἐπαγγελθέντα,
3548 2989 3682 3043 ἀλλά
3705 2990 3807 3042 καὶ

2130 3083 2269 3153 ὑπὲρ
2295 3082 2393 3152 τῆς
2436 3081 2783 3155 ὑποσχέσεως
2830 3083 3162 3153 εὐχαριστεῖ,
3204 3079 3298 3134 καὶ
3346 3080 3415 3132 τά
3448 3081 3578 3151 παρ’
3605 3077 3806 3133 ἐαυτοῦ

2126 3170 2514 3233 ἐπιδείκνυται,
2550 3172 2638 3224 ἵνα
2665 3168 2765 3242 τὴν
2798 3172 2892 3223 ἐπὶ
2921 3173 3033 3232 τοῖς
3067 3169 3427 3239 προλαϐοῦσιν
3460 3166 3806 3237 εὐγνωμοσύο

2128 3274 2225 3326 νην
2252 3259 2680 3330 ἐπιδειξάμενος,
2704 3260 2798 3313 καὶ
2819 3276 2885 3312 πε
2897 3259 2949 3330 91
2980 3258 3078 3330 τὴν
3102 3258 3449 3330 ἐκπλήρωσιν
3475 3257 3584 3310 τῶν
3622 3258 3806 3324 ἐπαγ·

2129 3344 2322 3414 γελιῶν
2353 3347 2715 3419 ἐκκαλέσηται
2736 3347 2826 3399 τὸν
2850 3345 3044 3400 ἐαυτοῦ
3078 3346 3375 3417 Δεσπότην.

2198 3490 2258 3545 ε’.
2306 3490 2507 3545 Τοῦτον
2531 3491 2595 3562 δὴ
2617 3493 2709 3545 καὶ
2727 3494 2888 3562 ἡμεῖς
2910 3489 3228 3562 μιμώμεθα,
3251 3491 3346 3544 καὶ
3368 3488 3659 3561 θαρρῶμεν
3679 3485 3810 3549 ταῖς

2126 3575 2221 3630 τοῦ
2256 3576 2391 3631 Θεοῦ
2421 3575 2769 3648 ὑποσχέσεσι,
2810 3578 2901 3632 καὶ
2929 3579 3068 3649 μήτε
3085 3580 3114 3630 ό
3133 3573 3326 3649 χρόνος
3349 3569 3680 3646 ἀμαυρούτω
3698 3574 3810 3642 τὴν

2128 3664 2460 3735 προθυμίαν,
2480 3665 2615 3736 μήτε
2632 3662 2703 3718 τὰ
2719 3667 2776 3718 ἐν
2799 3664 2949 3737 μέσῳ
2965 3661 3284 3735 κωλύματα,
3302 3665 3366 3719 ἂν
3379 3659 3639 3733 συμϐαίη,
3665 3679 3811 3732 χαυ-

2128 3751 2299 3805 νούτω
2333 3752 2491 3823 ήμῶν
2515 3751 2605 3805 τὸν
2638 3749 2927 3825 λογισμόν·
2978 3752 3116 3807 ἀλλά
3154 3755 3220 3823 τῇ
3254 3752 3357 3806 '105
3393 3751 3529 3806 Θεοῦ
3571 3750 3811 3819 δυνάμει

2129 3838 2478 3911 θαρροῦντες,
2529 3838 2604 3903 ὼς
2642 3837 2743 3909 ήδη
2800 3836 2906 3910 πρὸ
2946 3838 3055 3893 τῶν
3091 3836 3386 3908 ὀφθαλμῶν
3422 3836 3655 3909 ὁρῶντες
3700 3834 3809 3899 τὰς

2130 3925 2449 3997 ὑποσχέσεις
2476 3926 2860 3997 ἐκϐεϐηκυίας,
2887 3926 3030 3980 οὑτω
3055 3927 3156 3998 τὴν
3180 3926 3362 3979 πίστιν
3393 3923 3658 3996 εἰλικρινῆ
3678 3925 3809 3977 ἐπι-

2128 4013 2449 4085 δειξώμεθα.
2466 4014 2575 4069 K01
2597 4014 2705 4085 γὰρ
2721 4016 2813 4068 καὶ
2837 4015 2967 4084 ἡμῖν
2988 4013 3198 4085 μεγάλα
3216 4014 3311 4067 καὶ
3334 4011 3615 4082 ὑπέρογκα
3630 4014 3812 4081 ἐπηγ-

2130 4095 2348 4166 γείλατο
2393 4099 2422 4150 ό
2470 4098 2767 4168 Δεσπότης,
2808 4097 2905 4150 καὶ
2957 4096 3356 4167 ὑπερϐαίνοντα
3404 4095 3496 4148 τὸν
3536 4094 3812 4166 ἡμέτερον

2130 4179 2407 4251 λογισμὸν,
2437 4185 2533 4251 τῆς
2563 4180 2837 4252 βασιλείας
2871 4181 3015 4250 λέγω
3035 4181 3136 4252 τὴν
3164 4180 3482 4242 ἀπόλαυσιν,
3500 4179 3607 4232 τῶν
3626 4179 3813 4251 ἀττορ-

2132 4269 2308 4339 ρήτων
2350 4268 2570 4336 ἀγαθῶν
2614 4268 2712 4340 τὴν
2748 4270 3058 4341 μετουσίαν,
3097 4269 3195 4339 τὴν
3232 4268 3370 4339 μετά
3398 4267 3645 4337 ἀγγέλων
3684 4266 3811 4319 διας

2131 4356 2339 4427 γωγὴν,
2371 4357 2471 4428 τὴν
2503 4359 2599 4428 τῆς
2631 4358 2854 4428 γεέννης
2883 4357 3225 4427 ἀπαλλαγήν.
3261 4355 3423 4409 Ἀλλά
3457 4356 3607 4426 ὅμως
3639 4353 3815 4425 μηδὲν

2131 4440 2474 4512 ἀπιστῶμεν,
2506 4442 2694 4513 ἐπειδὴ
2726 4442 2800 4514 μὴ
2835 4444 3029 4513 ὁρᾶται
3066 4445 3178 4505 τοῖς
3223 4443 3558 4512 σωματικοῖς
3600 4439 3812 4509 ὀφθαλ-

2136 4532 2283 4600 μοῖς·
2322 4529 2458 4584 ἀλλά
2489 4529 2551 4583 10
2580 4530 2810 4599 ἀψευδὲς
2841 4529 3144 4592 ἐννοοῦντες
3185 4528 3279 4583 τοῦ
3306 4527 3810 4598 ἐπαγγειλαμένου,

2133 4617 2228 4670 καὶ
2261 4619 2362 4687 τῆς
2402 4616 2687 4688 δυνάμεως
2716 4618 2881 4671 αὑτοῦ
2920 4618 2982 4671 10
3033 4617 3282 4687 μέγεθος,
3308 4617 3424 4679 τοῖς
3448 4617 3548 4686 τῆς
3573 4615 3815 4678 πίστεως

2130 4704 2427 4775 ὀφθαλμοῖς
2458 4705 2600 4759 αὐτά
2636 4705 3080 4776 κατοπτεύωμεν,
3104 4726 3107 4727 ν
3130 4707 3224 4759 καὶ
3257 4707 3323 4757 ἐκ
3350 4702 3468 4757 τῶν
3494 4702 3595 4773 ήδη
3625 4718 3813 4772 παρα-

2136 4792 2435 4863 σχεθέντων
2460 4794 2554 4847 καὶ
2584 4796 2711 4867 περὶ
2736 4795 2847 4847 τῶν
2873 4795 3175 4863 μελλόντων
3201 4791 3446 4865 χρηστὰς
3474 4793 3687 4862 ἔχωμεν
3708 4792 3815 4857 τὰς

2134 4877 2353 4940 ἐλπίδας
2371 4894 2385 4907 ·
2419 4878 2508 4931 διὰ
2529 4878 2639 4947 γάρ
2663 4878 2823 4932 τοῦτο
2855 4880 2950 4933 καὶ
2975 4877 3209 4933 ἐνταῦθα
3239 4876 3408 4930 πολλά
3432 4878 3565 4948 ⁴ήμῖν
3601 4875 3816 4948 ἐδωρή-

2135 4982 2284 5030 σατο,
2319 4968 2501 5021 ἵναέκ
2532 4967 2738 5021 τούτων
2760 4968 3115 5038 ὁδηγούμενοι
3146 4966 3239 5020 καὶ
3272 4967 3401 5037 περὶ
3422 4964 3647 5019 ἐκείνων
3674 4965 3817 5036 θαρ-

2138 5055 2249 5125 ῥεῖν
2274 5054 2504 5125 ἔχωμεν.
2533 5054 2592 5107 '0
2618 5054 2726 5125 γὰρ
2744 5056 2835 5109 τὸν
2858 5055 3051 5109 ἑαυτοῦ
3081 5056 3196 5107 υίὸν
3227 5054 3417 5117 ἐκδοὺς
3443 5053 3532 5106 διά
3552 5052 3653 5118 τὴν
3678 5069 3745 5105 πε
3755 5054 3816 5124 9‘1

2133 5144 2282 5211 ἡμᾶς
2307 5143 2550 5215 ἀγάπην,
2573 5144 2690 5205 πῶς
2712 5144 2831 5213 οὐχὶ
2862 5143 3037 5197 πάντα
3064 5146 3196 5213 ήμῖν
3219 5142 3287 5196 τά
3312 5141 3476 5195 λοιπὰ
3500 5143 3777 5212 χαριεῖται
3797 5159 3817 5206 ;

2133 5234 2400 5305 Καθάπερ
2426 5234 2519 5288 καὶ
2548 5233 2758 5297 Παῦλός
2782 5249 2973 5303 φησιν·
3002 5236 3099 5299 Ὄς
3117 5250 3184 5302 γε
3214 5233 3322 5287 τοῦ
3347 5232 3502 5286 ιδίου
3533 5230 3675 5284 Υίοῦ
3695 5232 3817 5283 οὐκ

2131 5322 2437 5389 ἐφείσατο,
2457 5323 2595 5376 ἀλλ’
2609 5321 2763 5389 ὑπὲρ
2781 5319 3210 5390 ἡμῶν-πάντων
3229 5319 3577 5389 παρέδωκεν
3594 5318 3814 5381 αὐτὸν,

2131 5404 2259 5472 πῶς
2290 5406 2425 5475 οὐχί
2466 5406 2563 5459 καὶ
2596 5406 2719 5460 σὺν
2755 5404 2915 5471 αὐτῷ
2949 5405 3024 5459 τὰ
3047 5404 3246 5458 πάντα
3270 5403 3413 5473 ἡμῖν
3453 5403 3771 5471 χαρίσεται
3793 5419 3819 5464 ς

2131 5494 2194 5546 Et
2223 5494 2313 5547 10v
2336 5494 2462 5546 Υἱὸν
2487 5493 2651 5546 αὐτοῦ
2682 5493 2942 5560 ἐξέδωκεν
2974 5493 3113 5564 ὑπὲρ
3133 5495 3164 5563 ἡ
3173 5491 3291 5563 μῶν
3313 5490 3419 5545 τῶν
3440 5488 3815 5562 ἁμαρτωλῶν,

2132 5582 2181 5634 εί
2218 5581 2312 5635 τοῦ
2349 5581 2726 5653 βαπτίσματος
2757 5580 2853 5652 τὴν
2886 5579 3094 5652 δωρεὰν
3118 5578 3431 5650 ἐχαρίσατο,
3461 5579 3510 5632 εί
3536 5578 3647 5630 τῶν
3674 5593 3815 5647 προ-

2131 5666 2402 5720 λαϐόντων
2424 5667 2833 5739 ἁμαρτημάτων
2864 5666 2963 5737 τὴν
2987 5666 3542 5738 άφεσινρέδωρήσατο,
3570 5663 3617 5717 εί
3647 5680 3819 5735 μετα-

2132 5753 2282 5827 νοίας
2309 5754 2427 5810 ὁδὸν
2460 5755 2591 5827 ἡμῖν
2618 5754 2831 5827 ἔτεμεν,
2864 5755 2914 5809 εί
2957 5753 3125 5827 μυρία
3170 5754 3332 5827 ἐτερα
3374 5752 3511 5827 πρὸς
3547 5752 3648 5826 τὴν
3696 5769 3817 5807 σω-
