4092 6408
423 384 528 447 ΞΠ

497 504 718 560 Abrahae
739 503 968 556 virtutem
1005 499 1250 558 paulatim
1275 507 1464 551 exercet
1487 493 1643 549 Deus.
1676 493 1875 561 Quanta
1918 508 2007 566 pa-

423 596 665 649 triarchae
691 595 870 647 mentis
895 594 1130 662 ﬁrmitas.
1161 619 1232 631 —
1261 587 1488 645 Attende
1511 586 1779 658 quomodo
1807 584 2013 640 miseri-

420 701 545 741 cors
596 688 736 740 Deus
783 685 1035 755 paulatim
1077 685 1323 737 virtutem
1363 681 1490 752 justi
1538 680 1694 750 hujus
1741 687 2008 734 exerceat.

421 777 555 831 Nam
602 792 724 832 cum
770 777 1015 846 superius
1052 775 1244 829 dixerit
1288 791 1301 827 :
1347 773 1647 826 Semiuituo
1669 771 1801 823 dabo
1828 779 2010 822 terram

424 876 554 922 hanc
572 885 592 923 :
618 884 758 923 nunc
782 869 971 922 iterum
1001 866 1129 921 dicit
1152 884 1165 918 :
1191 863 1258 918 Et
1283 863 1458 919 semini
1483 872 1566 916 tuo
1594 878 1749 933 usque
1767 862 1819 914 in
1847 876 2010 914 siccu-

422 960 531 1013 lmn
572 961 704 1013 dabo
724 1001 740 1025 ,
771 969 818 1013 et
849 960 1034 1030 faciam
1061 957 1190 1012 illud
1217 957 1360 1028 quasi
1388 971 1594 1009 arenam
1626 963 1789 1008 terrae.
1817 952 2009 1007 Hacte—

424 1068 528 1106 nus
551 1052 893 1105 sermonibus
922 1059 1124 1104 tantum
1157 1049 1288 1103 facta
1311 1055 1395 1102 est
1429 1047 1709 1116 promissio
1734 1087 1748 1110 ,
1779 1046 2008 1100 intercc~

420 1142 609 1211 diique
651 1143 791 1196 inter
819 1156 932 1196 rem
956 1148 1013 1196 et
1039 1139 1444 1208 promissionem
1471 1138 1694 1192 multum
1716 1135 1970 1203 temporis
1991 1175 2006 1200 ,

423 1241 484 1286 ut
512 1233 817 1303 religiosam
845 1230 1158 1302 patriarcha:
1193 1239 1424 1285 mentem
1446 1270 1460 1293 ,
1489 1237 1544 1283 et
1573 1227 1891 1283 ineffabilem
1917 1225 2008 1281 Dei

421 1327 673 1381 virtutem
699 1326 988 1381 discamus.
1029 1324 1158 1378 Data
1187 1323 1330 1378 enim
1358 1336 1521 1391 opera
1548 1320 1722 1376 differt
1746 1334 1809 1374 ac
1834 1332 2009 1373 mora-

425 1427 532 1482 tur,
559 1426 622 1472 ut
649 1431 771 1472 cum
795 1417 856 1482 ii,
882 1416 1074 1486 quibus
1106 1414 1386 1484 promissio
1412 1412 1546 1468 facta
1572 1453 1588 1478 ,
1629 1412 1683 1466 in
1710 1421 2007 1466 extremam

421 1508 769 1578 pervenerint
811 1515 1101 1572 senectam,
1131 1514 1184 1560 et
1209 1503 1499 1559 secundum
1531 1502 1815 1557 humanam
1842 1501 2007 1557 ratio-

420 1614 568 1663 nein,
599 1606 656 1651 ut
683 1597 754 1651 ita
783 1596 979 1663 dicam,
1003 1595 1220 1650 omnino
1240 1593 1670 1662 desperaveriut,
1705 1601 1828 1647 tunc
1856 1607 2006 1646 suam

420 1690 782 1760 infirmitatem
809 1729 824 1754 ,
869 1697 924 1744 et
945 1687 1314 1743 inenarrabilis
1342 1681 1592 1757 potentiae
1635 1685 1728 1740 Dei
1763 1685 2007 1740 eminen-

419 1783 550 1835 tiam
580 1789 892 1852 agnoscant.

493 1877 545 1928 ι.
579 1874 690 1928 Hoc
711 1874 830 1928 loco
859 1871 1149 1944 expendas,
1179 1886 1381 1944 quaeso,
1413 1886 1441 1924 a
1474 1868 1730 1942 temporis
1752 1879 1896 1923 tanta
1927 1868 2006 1922 in-

426 1965 808 2035 tercapedine,
854 1982 1012 2036 quam
1057 1965 1225 2020 solida
1265 1964 1421 2019 fuerit
1462 1964 1776 2035 patriarcha:
1814 1976 2003 2027 mens,

418 2055 690 2126 quomodo
711 2057 959 2111 humanis
986 2056 1235 2110 omnibus
1264 2055 1576 2125 praeteritis,
1606 2053 1671 2107 ad
1715 2052 2004 2124 potentiam

415 2149 535 2215 ejus
562 2147 648 2216 qui
677 2147 943 2216 pollicitus
970 2155 1086 2201 erat
1110 2187 1126 2211 ,
1179 2147 1468 2215 respiciens
1492 2186 1508 2212 ,
1548 2161 1652 2200 non
1685 2145 1966 2216 impatiens
1985 2183 2001 2209 ,

417 2253 526 2290 non
553 2236 798 2291 turbatus
825 2236 1004 2291 fuerit.
1031 2237 1189 2292 Scitis
1211 2238 1352 2291 enim
1375 2237 1643 2307 quomodo
1669 2237 2001 2307 plerumque,

414 2327 632 2396 quando
657 2328 779 2398 quis
803 2327 969 2382 semel
996 2338 1154 2398 atque
1196 2328 1388 2382 iterum
1431 2327 1744 2397 pollicetur,
1789 2335 1843 2381 et
1883 2340 2006 2396 pro-

415 2418 578 2471 missa
602 2417 825 2488 implere
854 2416 1048 2484 tardat,
1076 2417 1348 2488 segniores
1376 2431 1559 2471 sumus
1585 2417 1651 2470 ad
1675 2415 2000 2470 credendum

415 2510 480 2564 iis
507 2525 625 2579 qua:
652 2511 844 2564 iterum
875 2511 1140 2580 promittit
1171 2526 1185 2563 :
1217 2510 1268 2564 id
1298 2509 1438 2579 quod
1466 2509 1521 2564 in
1552 2508 1768 2564 homine
1794 2523 1901 2564 non
1923 2509 2004 2562 in-

407 2600 552 2670 juria
592 2601 768 2655 locum
810 2599 968 2656 habet
1003 2619 1017 2655 :
1064 2603 1117 2655 in
1142 2601 1251 2656 Deo
1280 2611 1455 2656 autem
1481 2643 1496 2666 ,
1536 2601 1626 2672 qui
1667 2617 1752 2656 res
1791 2610 2000 2656 nostras

414 2691 650 2744 maxima
680 2691 955 2760 dispensat
994 2691 1252 2762 sapientia
1272 2730 1288 2757 ,
1315 2691 1360 2745 si
1399 2707 1501 2762 qua
1544 2691 1710 2746 semel
1742 2692 2000 2760 promissa

413 2778 650 2845 fuerint,
704 2781 917 2837 etiamsi
969 2781 1247 2836 innumera
1301 2780 1634 2836 intercedant
1684 2781 1996 2848 obstacula,

410 2872 789 2926 confidendum
823 2882 904 2926 est
933 2873 998 2926 ad
1044 2872 1460 2942 magnitudinem
1489 2872 1738 2940 potentiae
1767 2873 1883 2940 ejus
1908 2886 1998 2926 re-

409 2966 778 3035 spicientibus,
808 2965 1278 3035 confirmandaque
1306 2973 1387 3019 est
1416 2964 1553 3018 ratio
1572 3005 1587 3030 ,
1613 2973 1668 3018 et
1694 2963 1994 3028 sciendum,

409 3057 590 3110 omnia
627 3072 747 3126 qua:
772 3056 840 3109 ab
864 3057 952 3111 illo
974 3067 1098 3110 sunt
1123 3056 1264 3110 dicta
1294 3055 1509 3110 evenire
1538 3054 1710 3109 modis
1748 3054 1996 3109 omnibus

410 3161 634 3202 ecesse
659 3162 801 3202 esse.
830 3146 971 3202 Nihil
995 3148 1136 3202 enim
1165 3157 1246 3202 est
1272 3146 1412 3217 quod
1442 3146 1636 3201 morari
1678 3155 1836 3216 queat
1878 3146 1995 3215 ejus

412 3241 818 3309 promissiones,
838 3241 1088 3311 quoniam
1118 3241 1255 3295 Deus
1285 3249 1388 3304 est,
1416 3240 1499 3294 cui
1524 3239 1700 3293 omnia
1725 3248 1848 3294 sunt
1873 3256 1997 3308 pos-

407 3332 584 3386 subilia
614 3350 629 3387 :
658 3343 712 3387 et
738 3333 937 3388 idcirco
962 3347 1295 3402 quocumque
1323 3331 1456 3396 vult,
1488 3347 1574 3385 res
1611 3330 1899 3395 transfert,
1941 3341 1995 3385 et

407 3425 498 3478 ubi
527 3439 634 3479 non
664 3435 787 3479 sunt
809 3427 927 3489 viae,
962 3425 1201 3479 invenire
1225 3423 1326 3477 scit
1354 3424 1467 3477 vias
1485 3463 1500 3488 ,
1528 3437 1591 3476 ac
1617 3436 1714 3476 nos
1736 3422 1992 3492 deSpera-

407 3525 491 3570 tos
519 3518 570 3570 in
601 3517 795 3573 bonam
821 3531 971 3587 spem
1000 3516 1231 3581 adducit,
1258 3530 1365 3586 quo
1393 3515 1710 3570 excellentia
1733 3515 1992 3584 potentis-

405 3611 557 3664 sima:
607 3625 719 3664 sua:
773 3610 1047 3680 sapientia:
1095 3608 1248 3664 nobis
1299 3607 1633 3663 manifestior
1691 3606 1799 3662 ﬁat.
1857 3608 1994 3662 Dicit

403 3700 546 3754 enim
578 3716 593 3754 :
625 3701 713 3755 17.
739 3700 924 3771 Surge,
948 3709 996 3755 et
1024 3700 1316 3771 perambula
1342 3710 1527 3752 terram
1548 3699 1600 3752 in
1627 3699 1992 3771 longitudinem

404 3793 514 3862 ejus
539 3802 586 3846 et
615 3792 950 3858 latitudinem,
982 3793 1100 3862 quia
1131 3791 1218 3845 tibi
1247 3791 1378 3846 aabo
1404 3808 1536 3846 eam.
1566 3790 1702 3846 Vide
1723 3792 1989 3862 quomodo

404 3884 458 3937 in
485 3882 649 3937 rebus
676 3882 925 3937 omnibus
951 3883 1169 3937 multam
1215 3883 1554 3937 securitatem
1591 3881 1737 3952 justo
1764 3881 1878 3935 viro
1905 3883 1987 3935 in-

401 3991 592 4046 gerere
613 3975 825 4045 satagit.
864 3976 997 4030 Dicit
1026 3975 1170 4029 enim
1208 3992 1221 4029 :
1253 3974 1443 4044 Surge,
1476 3982 1530 4029 et
1553 3974 1794 4036 circumi,
1823 3983 1873 4028 et
1897 3973 1990 4027 ad-

400 4065 552 4122 disce
577 4076 681 4120 tam
710 4066 1040 4121 latitudinem
1065 4106 1080 4132 ,
1128 4082 1284 4137 quam
1323 4066 1735 4136 longitudinem,
1768 4076 1827 4120 ut
1852 4067 1990 4121 scire

402 4155 579 4225 possis
607 4164 663 4209 et
689 4155 1102 4224 magnitudinem
1137 4164 1292 4210 terra:
1312 4171 1412 4224 qua
1439 4156 1691 4210 fruiturus
1709 4170 1790 4222 es,
1816 4164 1870 4211 et
1894 4170 1991 4209 an-

407 4256 620 4317 tequam
649 4246 841 4301 fruaris
862 4287 877 4311 ,
908 4260 1005 4314 Spe
1029 4256 1242 4315 pastus,
1274 4261 1519 4316 magnam
1551 4246 1674 4301 inde
1698 4247 1859 4300 animi
1889 4263 1988 4302 vo-

403 4337 658 4408 luptatem
682 4336 916 4391 haurias.
929 4335 1062 4390 Nam
1083 4346 1566 4407 quantumcumque
1583 4346 1738 4392 terrm
1754 4339 1986 4392 circum-

403 4429 564 4496 ieris,
612 4429 706 4483 tibi
735 4428 908 4496 dabo,
959 4436 1018 4482 ut
1044 4429 1182 4484 scias
1208 4436 1260 4483 te
1297 4443 1402 4482 non
1439 4439 1643 4484 tantum
1683 4430 1985 4496 dimisisse,

401 4531 659 4591 quantum
687 4530 1004 4591 accepturus
1047 4536 1127 4576 es.
1165 4519 1243 4576 Ne
1273 4521 1430 4590 igitur
1456 4530 1610 4590 putes
1648 4530 1700 4576 te
1725 4524 1983 4577 minorem

403 4622 602 4667 terram
629 4614 880 4666 sortitum
906 4626 1047 4678 esse,
1077 4612 1324 4681 quoniam
1351 4613 1442 4666 ille
1465 4613 1706 4681 arripuit,
1735 4629 1852 4683 qua:
1880 4614 1986 4682 pri-

401 4717 487 4756 ma
510 4701 611 4757 sibi
641 4703 755 4755 visa
784 4711 866 4756 est
894 4710 950 4756 ct
974 4702 1167 4771 potior.
1194 4702 1341 4756 Scies
1371 4702 1511 4756 enim
1543 4718 1648 4756 non
1677 4703 1842 4757 multo
1868 4713 1988 4771 post

400 4809 468 4849 ex
495 4794 657 4848 rebus
686 4793 836 4864 ipsis,
866 4808 1026 4863 quam
1056 4793 1186 4848 nihil
1217 4792 1475 4863 profuerit
1501 4794 1549 4848 ei
1580 4794 1800 4864 potioris
1825 4802 1984 4849 terra:

401 4886 628 4950 electio;
657 4895 714 4940 et
771 4886 886 4955 ipse
925 4887 1134 4951 discet,
1177 4895 1432 4954 quantum
1452 4886 1651 4940 malum
1679 4895 1761 4940 est
1788 4886 1984 4955 primas

400 4992 583 5030 amare
607 4987 806 5047 partes.
838 4977 916 5032 Tu
937 4989 1114 5032 autem
1137 4994 1277 5032 nunc
1300 4978 1482 5048 accipe
1507 4978 1779 5032 modestiae
1800 4987 1854 5032 et
1879 4979 1986 5033 cle-

400 5069 638 5131 mentize,
667 5084 827 5137 quam
855 5083 978 5138 erga
1011 5070 1187 5123 fratris
1213 5070 1380 5124 illium
1415 5069 1691 5124 dcclarasti
1718 5110 1733 5133 ,
1779 5085 1986 5124 mercc-

400 5159 563 5222 dem;
599 5159 858 5226 promissa
899 5174 1051 5213 sume
1074 5200 1090 5226 ,
1118 5167 1172 5213 et
1203 5159 1314 5229 jam
1350 5175 1613 5230 cognosce
1644 5172 1840 5214 terram
1863 5176 1984 5214 om-

401 5265 525 5304 nem
549 5251 704 5318 cujus
724 5252 972 5304 dominus
999 5267 1078 5318 es,
1105 5260 1160 5306 et
1186 5266 1346 5321 quam
1373 5269 1478 5306 non
1507 5253 1676 5306 multo
1701 5262 1820 5321 post
1847 5263 1901 5306 et
1925 5264 1983 5307 tu

403 5341 536 5407 ipse.
567 5349 624 5394 et
650 5355 835 5394 semen
863 5350 1010 5394 tuum
1037 5341 1087 5395 in
1124 5351 1384 5397 aeternum
1412 5343 1771 5411 possidebitis.
1805 5342 1872 5397 Et
1899 5361 1982 5398 se-

403 5431 526 5484 mini
547 5441 657 5497 tuo,
682 5431 872 5502 inquit,
905 5449 1062 5502 usque
1081 5432 1135 5486 in
1156 5435 1414 5487 siccatum.
1441 5433 1625 5503 Magna
1651 5433 1844 5488 divina:
1871 5449 1984 5504 pro-

403 5521 672 5577 missionis
701 5522 1031 5591 magnitudo,
1062 5538 1250 5593 magna
1282 5524 1449 5579 nostri
1479 5524 1716 5579 omnium
1750 5523 1978 5588 Domini,

400 5624 560 5686 atque
587 5614 842 5668 immensa
871 5615 1176 5679 liberalitas,
1208 5629 1396 5684 magna
1425 5614 1689 5670 mercedis
1719 5623 1981 5684 praestari-

402 5702 496 5766 tia,
522 5717 692 5773 quam:
711 5703 805 5757 dat
831 5704 1134 5758 misericors
1160 5715 1214 5758 et
1241 5704 1684 5758 clementissimus
1725 5703 1981 5763 Dominus

397 5793 556 5849 beato
582 5793 678 5862 illi,
702 5805 753 5850 et
778 5810 842 5851 ex
874 5795 964 5850 illo
991 5785 1260 5852 nascituro
1288 5795 1499 5853 semini.
1543 5795 1613 5854 Ut
1639 5796 1753 5853 haac
1778 5795 1982 5855 audivit

1516 377 1580 437 I-N
1618 379 1769 438 CAP.
1799 374 1939 435 XIII.
1979 372 2224 436 GENES.
2268 373 2495 435 I-IOSIIL.
2539 376 2776 436 XXXIV.

3601 381 3702 434 3I8

2119 492 2452 561 patriarcha,
2480 491 2549 547 de
2575 492 2826 548 ineffabili
2866 492 3101 549 bonitate
3149 494 3240 550 Dei
3281 495 3699 564 obstupefactus,

2118 582 2206 637 l8.
2240 582 2392 636 Motis
2413 583 2770 648 tabernaculis,
2812 585 3001 654 inquit,
3030 588 3180 652 venit,
3208 596 3253 639 et
3285 586 3526 639 habitavit
3545 586 3702 653 juxta

2114 692 2350 745 quercum
2377 675 2605 731 Mambre
2627 717 2642 742 ,
2681 693 2796 748 qua
2816 679 2961 732 estin
2987 679 3237 734 Chebron.
3270 680 3556 750 Postquam
3576 721 3592 744 ,
3623 681 3703 733 in-

2113 768 2248 837 quit,
2295 768 2501 839 accepit
2531 769 2960 838 promissionem,
2985 780 3040 825 et
3062 774 3327 842 separavit
3347 787 3405 827 se
3433 772 3550 836 Lot,
3579 782 3703 826 tunc

2119 859 2390 913 transtulit
2435 860 2836 915 tabernaculum
2858 876 3010 915 suum
3033 862 3099 916 ad
3139 878 3395 932 quercum
3441 864 3698 918 Mamhre.

2124 947 2254 1003 Vide
2279 949 2699 1020 philosophicam
2734 962 2991 1020 mentem,
3023 952 3145 1008 vide
3161 954 3378 1024 spiritus
3399 955 3697 1010 sublimita-

2116 1049 2241 1103 tem,
2275 1042 2542 1110 quomodo
2569 1042 2721 1098 facile
2747 1043 2870 1099 inde
2897 1045 3110 1114 migrat,
3136 1061 3236 1100 nec
3263 1058 3513 1117 gravatur
3533 1048 3601 1102 de
3631 1048 3702 1102 lo-

2111 1131 2190 1184 cis
2220 1131 2272 1185 in
2319 1133 2433 1187 loca
2478 1134 2724 1188 transire.
2767 1135 3009 1190 Invenies
3043 1137 3186 1190 enim
3227 1153 3350 1190 cum
3391 1139 3534 1192 nulla
3572 1155 3700 1193 con-
3792 1162 3800 1166 ·

2113 1221 2394 1278 suetudine
2440 1233 2772 1294 praeventum
2797 1235 2850 1280 et
2873 1226 3192 1295 alligatum:
3237 1227 3289 1281 id
3330 1229 3471 1300 quod
3514 1231 3701 1285 tnultis

2111 1313 2311 1376 evenit,
2341 1314 2503 1368 etiam
2533 1313 2598 1369 iis
2622 1315 2710 1386 qui
2742 1331 2800 1370 se
2822 1315 3188 1386 philosophos,
3220 1327 3322 1373 ete
3348 1319 3538 1375 mediis
3564 1322 3699 1378 libe-

2112 1415 2256 1456 ratos
2277 1405 2586 1459 tumultibus
2604 1406 2805 1476 jactant
2831 1424 2846 1461 :
2887 1416 2943 1462 ct
2966 1408 3010 1462 si
3039 1409 3253 1479 quando
3281 1418 3490 1479 tempus
3518 1424 3696 1479 vocet,

2110 1495 2399 1561 spiritualis
2424 1511 2566 1566 sarpe
2586 1498 2780 1569 negOIii
2803 1500 2992 1570 gratia,
3027 1512 3084 1556 ut
3105 1501 3158 1556 in
3178 1502 3343 1556 alium
3370 1503 3544 1558 locum
3568 1520 3700 1559 con-

2110 1586 2301 1640 cedant
2326 1628 2340 1652 ,
2371 1603 2741 1657 smpenumcro
2771 1592 2969 1644 morosi
2997 1602 3142 1657 sunt,
3181 1593 3391 1660 tristes,
3417 1605 3470 1648 et
3499 1597 3698 1667 migra-

2110 1680 2308 1732 tionem
2347 1696 2488 1750 aegre
2531 1680 2796 1750 ferentes,
2841 1699 2906 1736 eo
2947 1683 3088 1753 quod
3130 1686 3517 1741 consuetudine
3557 1704 3697 1757 prm-

2109 1771 2350 1839 occupati
2380 1772 2511 1827 sint.
2555 1772 2753 1827 Verum
2786 1787 2893 1828 non
2933 1775 3002 1828 ita
3046 1774 3220 1843 justus
3245 1815 3260 1841 ,
3303 1777 3398 1830 sed
3436 1777 3545 1846 jam
3584 1789 3695 1834 tum

2111 1858 2485 1930 philosophum
2525 1863 2714 1933 agebat
2743 1880 2756 1917 :
2786 1873 2842 1918 et
2875 1864 3025 1934 quasi
3053 1865 3363 1936 peregrinus
3383 1877 3436 1922 et
3461 1866 3653 1937 hospes
3679 1911 3693 1933 ,

2110 1952 2178 2005 ita
2207 1968 2346 2007 nunc
2373 1954 2497 2009 hinc
2527 1955 2672 2022 illuc,
2701 1971 2843 2012 nunc
2867 1957 3011 2012 illinc
3040 1957 3142 2012 huc
3173 1961 3578 2030 transmigrabat
3597 2001 3613 2027 ,
3641 1973 3698 2017 et

2112 2060 2205 2112 per
2233 2046 2413 2099 omnia
2451 2047 2756 2116 religiosam
2795 2063 2948 2102 suam
2993 2059 3226 2104 mentem
3265 2051 3516 2120 operibus
3568 2054 3696 2121 ipsis

2108 2133 2382 2190 declarare
2407 2137 2671 2191 studebat.
2691 2136 2823 2192 Nam
2847 2147 3126 2208 postquam
3151 2140 3552 2196 tabernaculum
3581 2143 3697 2198 fixit

2108 2226 2246 2294 apud
2291 2242 2548 2296 quercum
2585 2228 2853 2295 Mambre,
2898 2232 3077 2284 statim
3107 2232 3178 2286 ibi
3227 2235 3488 2289 exstruxit
3527 2235 3696 2291 altare

2108 2315 2352 2371 Domino.
2381 2317 2568 2373 Vidisti
2598 2329 2832 2375 mentem
2851 2323 3097 2391 gratam?
3121 2323 3251 2390 Quia
3282 2341 3405 2379 mox
3439 2335 3495 2379 ut
3519 2327 3696 2381 taber-

2107 2405 2354 2460 naculum
2385 2407 2518 2474 fixit,
2555 2410 2732 2463 statim
2766 2425 2860 2479 pro
2888 2409 3026 2466 facta
3061 2413 3162 2466 sibi
3192 2416 3543 2483 promissione
3568 2434 3695 2487 gra-

2109 2498 2299 2553 tiarum
2331 2501 2572 2557 actiones
2592 2501 2787 2557 obtulit
2818 2502 3066 2558 Domino.
3109 2505 3176 2560 Et
3216 2506 3268 2560 in
3312 2508 3532 2577 singulis
3560 2509 3692 2564 locis

2107 2591 2193 2644 ubi
2225 2592 2626 2647 tabernaculum
2653 2593 2792 2656 fixit,
2825 2594 3063 2650 invenies
3095 2596 3197 2650 hoc
3229 2612 3338 2666 pra:
3364 2597 3612 2653 onmibus
3641 2602 3690 2655 ei

2104 2683 2268 2738 fuisse
2294 2699 2436 2739 cura:
2461 2724 2475 2750 ,
2524 2695 2582 2740 ut
2613 2695 2887 2741 exstructo
2925 2688 3080 2743 altari
3121 2703 3308 2758 preces
3345 2691 3562 2746 offerret
3586 2735 3601 2756 ,
3638 2704 3693 2748 et

2098 2776 2343 2846 Apostoli
2379 2785 2704 2844 prmceptum
2750 2777 3026 2846 impleret,
3070 2779 3304 2848 jubentis
3349 2791 3404 2835 ut
3449 2784 3503 2836 in
3544 2787 3688 2838 cunni

2102 2865 2220 2919 loco
2245 2876 2446 2930 oretur,
2469 2876 2523 2921 et
2551 2868 2828 2923 eleventur
2847 2881 3044 2925 sancta:
3070 2886 3258 2926 manus
3276 2874 3322 2942 (l
3337 2914 3349 2926 .
3370 2873 3503 2928 Tim.
3531 2876 3584 2930 2.
3606 2879 3687 2948 8).

2103 2954 2288 3010 Vidisti
2309 2959 2542 3012 animam
2571 2959 2752 3014 divino
2777 2977 2961 3016 amore
2987 2977 3322 3031 succensam,
3350 2974 3403 3020 et
3425 2966 3491 3020 ad
3521 2968 3685 3022 Deum

2100 3048 2406 3114 Volantem,
2458 3067 2658 3121 proque
2695 3055 2944 3109 omnibus
2990 3055 3187 3125 gratias
3231 3061 3522 3128 agentem?
3568 3061 3686 3116 Non

2099 3143 2244 3197 enim
2262 3145 2592 3213 exspectavit
2634 3145 2806 3200 donec
2846 3148 3106 3216 promissa
3131 3151 3559 3218 complerentur;
3591 3156 3684 3207 sed

2097 3234 2243 3289 etde
2269 3236 2621 3304 promissione
2653 3239 2850 3307 gratias
2876 3239 3016 3310 agit,
3051 3239 3288 3311 nihilque
3322 3258 3426 3299 non
3455 3243 3600 3313 facit,
3631 3255 3689 3302 ut

2098 3326 2164 3380 de
2189 3327 2401 3396 prmviis
2438 3326 2627 3397 dignas
2665 3329 2861 3398 gratias
2907 3345 3016 3399 pra:
3054 3345 3113 3386 se
3161 3335 3364 3398 ferens,
3402 3335 3683 3390 Dominum

2097 3433 2252 3470 suum
2277 3427 2530 3488 provocet
2555 3419 2620 3473 ad
2649 3421 3032 3488 promissiones
3054 3437 3177 3477 suas
3204 3424 3518 3494 implendas.

2167 3510 2220 3563 5.
2257 3509 2308 3560 Μ
2315 3511 2469 3563 oratis
2489 3511 2767 3564 exhortatio
2791 3513 2861 3564 ad
2888 3515 3221 3568 constantiam
3249 3516 3302 3568 in
3328 3518 3681 3584 ﬁde—Illum

2095 3616 2225 3654 sane
2253 3611 2307 3656 et
2328 3617 2424 3656 nos
2447 3603 2737 3669 imitemur,
2770 3613 2823 3658 ct
2849 3606 3287 3674 promissiouibus
3324 3607 3516 3663 divinis
3553 3611 3677 3663 tida.

2098 3709 2246 3758 nius;
2277 3709 2446 3763 neque
2470 3694 2717 3749 alacritas
2738 3703 2980 3766 tempore
2999 3697 3317 3764 obsolescat,
3341 3715 3514 3769 neque
3532 3716 3682 3755 mens

2096 3784 2370 3839 remissior
2397 3784 2489 3838 fiat
2511 3801 2576 3839 ex
2617 3786 2858 3840 obicibus
2887 3788 2974 3857 qui
3006 3789 3366 3842 interveniunt
3393 3806 3405 3842 :
3437 3793 3530 3845 sed
3572 3794 3678 3846 vir.

2097 3878 2192 3928 tuti
2223 3875 2416 3930 divina:
2438 3877 2680 3943 fidentes,
2710 3878 2858 3946 quasi
2881 3881 2992 3946 jam
3022 3887 3144 3932 ante
3171 3881 3353 3934 oculos
3380 3882 3682 3938 videremus

2099 3969 2477 4036 promissiones
2526 3971 2749 4037 impleri,
2804 3971 2873 4023 ita
2923 3987 3105 4039 puram
3151 3981 3204 4025 et
3231 3972 3493 4028 sinceram
3523 3975 3679 4030 fidem

2095 4060 2459 4116 exhibeamus.
2489 4062 2672 4132 Magna
2700 4064 2842 4118 enim
2873 4074 2927 4118 et
2967 4064 3224 4119 immensa
3255 4069 3495 4136 promisit
3527 4069 3679 4124 nobis

2098 4153 2393 4219 Dominus,
2435 4163 2489 4208 et
2532 4171 2652 4224 qua:
2700 4165 2932 4210 nostram
2975 4158 3356 4212 transcendunt
3394 4161 3676 4227 rationem,

2097 4261 2286 4314 nempe
2317 4263 2414 4300 nos
2444 4247 2727 4316 participes
2753 4248 2901 4318 regni
2933 4248 3041 4302 fore
3061 4290 3076 4314 ,
3123 4259 3178 4303 et
3205 4249 3546 4305 inell'abilium
3585 4253 3679 4306 bo-

2095 4355 2282 4394 norum
2304 4350 2599 4401 consortes,
2628 4356 2748 4394 cum
2778 4341 2980 4410 angelis
3006 4352 3329 4405 versaturos,
3358 4354 3413 4398 et
3447 4345 3676 4400 liberan-

2093 4429 2190 4484 dos
2213 4446 2242 4484 a
2264 4432 2524 4501 gehenna.
2576 4431 2838 4485 Cancrum
2866 4447 3038 4502 neque
3061 4433 3364 4487 diffldamus
3388 4434 3508 4488 ideo
3533 4437 3675 4504 quod

2092 4537 2154 4575 ea
2186 4537 2292 4575 non
2314 4521 2559 4576 videntur
2591 4522 2958 4591 corporalibus
2998 4524 3200 4590 oculis;
3249 4525 3343 4579 sed
3383 4527 3676 4596 cogitantes

2094 4613 2308 4667 mentiri
2339 4629 2443 4666 non
2471 4627 2627 4682 posse
2652 4629 2772 4667 eum
2802 4613 2892 4682 qui
2925 4615 3186 4683 promisit,
3210 4625 3264 4669 ct
3290 4615 3453 4685 ipsius
3488 4626 3678 4686 poten-

2092 4705 2179 4757 tize
2223 4704 2638 4773 magnitudinem
2689 4705 3121 4771 considerantes,
3170 4705 3285 4761 haec
3339 4709 3508 4762 oculis
3549 4709 3672 4764 tidei

2093 4803 2463 4860 contueamur,
2493 4803 2547 4849 et
2574 4809 2639 4849 ex
2671 4794 2733 4849 iis
2761 4810 2879 4864 quae
2895 4795 3003 4864 jam
3031 4809 3282 4851 concessa
3313 4807 3472 4862 sunt,
3511 4802 3670 4854 etiam

2091 4883 2160 4937 de
2189 4882 2378 4938 futuris
2408 4885 2598 4940 bonam
2623 4901 2770 4954 spem
2802 4885 3091 4940 habeamus
3121 4904 3135 4941 :
3165 4902 3228 4941 ea
3255 4891 3396 4942 enim
3427 4889 3492 4943 de
3513 4907 3671 4946 causa

2091 4982 2146 5028 et
2168 4973 2252 5028 hic
2269 4976 2432 5028 multa
2464 4976 2616 5029 nobis
2643 4977 2834 5030 donata
2861 4985 3020 5043 sunt,
3059 4987 3114 5030 ut
3141 4993 3207 5031 ex
3235 4979 3299 5030 tis
3323 4979 3638 5048 adjuvemur
3657 5025 3674 5048 ,

2094 5080 2359 5135 manuque
2387 5066 2737 5132 ducamur,ut
2757 5067 2823 5122 de
2852 5068 2954 5122 illis
2979 5083 3189 5138 quoque
3211 5069 3345 5124 bene
3372 5087 3671 5141 speremus.

2092 5156 2222 5211 Nam
2258 5161 2347 5228 qui
2378 5158 2568 5214 Filium
2598 5174 2750 5214 suum
2785 5160 2998 5216 tradidit
3030 5169 3246 5231 propter
3288 5177 3440 5218 suam
3485 5164 3539 5219 in
3577 5182 3678 5222 nos

2092 5249 2387 5313 caritatem,
2412 5252 2678 5320 quomodo
2708 5268 2814 5306 non
2844 5253 3020 5307 omnia
3047 5253 3200 5308 nobis
3222 5254 3421 5324 reliqua
3457 5255 3648 5325 largitu
3671 5288 3675 5297 -

2091 5355 2184 5396 rus
2213 5343 2332 5396 cst?
2370 5343 2515 5397 Sicut
2562 5353 2617 5398 et
2660 5344 2852 5399 Paulus
2883 5345 3050 5414 inquit
3093 5359 3106 5396 :
3157 5344 3257 5409 Qui
3299 5347 3504 5416 proprio
3537 5346 3675 5401 Filio

2090 5448 2182 5484 suo
2203 5449 2303 5485 non
2334 5435 2551 5503 pepercit
2576 5475 2590 5499 ,
2615 5433 2703 5488 sed
2726 5451 2817 5504 pro
2847 5436 2987 5490 nobis
3013 5437 3474 5492 omnibus‘tradidit
3502 5438 3668 5501 illum,

2089 5525 2338 5588 quomodo
2365 5539 2466 5576 non
2490 5533 2536 5578 et
2561 5526 2729 5578 omnia
2755 5522 2897 5580 nobis
2922 5543 3035 5580 cum
3061 5529 3151 5585 illo
3175 5530 3380 5584 donabit
3410 5531 3584 5602 (Rom.
3615 5532 3671 5586 8.

2091 5611 2222 5681 ‘52)?
2251 5611 2305 5668 Si
2336 5613 2524 5672 Filium
2548 5630 2701 5670 suum
2729 5616 2946 5672 tradidit
2971 5632 3068 5689 pro
3099 5608 3251 5675 nobis
3283 5621 3668 5692 peccatoribus,

2091 5703 2136 5758 si
2163 5704 2492 5775 baptismatis
2515 5705 2710 5761 donum
2735 5709 2950 5778 largitus
2987 5719 3086 5774 est,
3117 5711 3158 5762 si
3201 5714 3433 5779 prioru‘m
3481 5721 3668 5782 paca-

2095 5809 2268 5857 torum
2296 5797 2660 5854 remissionem
2682 5797 2882 5868 tribuit,
2909 5799 2951 5854 si
2985 5801 3312 5870 poenitentia:
3353 5804 3488 5858 viam
3516 5802 3670 5866 nobis
