  <div class='ocr_page' id='page_1' title='image "/cluster/home/n/w/nwhite01/storage/ocr_20150623/53/nnc1.0046978453/317.png"; bbox 0 0 4092 6408; ppageno 0'>
   <div class='ocr_carea' id='block_1_1' title="bbox 361 356 471 412">
    <p class='ocr_par' dir='ltr' id='par_1_1' title="bbox 361 356 471 412">
     <span class='ocr_line' id='line_1_1' title="bbox 361 356 471 412; baseline -0.009 -1"><span class='ocrx_word' id='word_1_1' title='bbox 361 356 471 412; x_wconf 72' lang='grc'><strong>319</strong></span> 
     </span>
    </p>
   </div>
   <div class='ocr_carea' id='block_1_2' title="bbox 357 460 1957 541">
    <p class='ocr_par' dir='ltr' id='par_1_2' title="bbox 357 460 1957 541">
     <span class='ocr_line' id='line_1_2' title="bbox 357 460 1957 541; baseline -0.009 -15"><span class='ocrx_word' id='word_1_2' title='bbox 357 470 588 541; x_wconf 86' lang='lat' dir='ltr'><strong>aperuit,</strong></span> <span class='ocrx_word' id='word_1_3' title='bbox 612 468 656 523; x_wconf 88' lang='lat' dir='ltr'><strong>si</strong></span> <span class='ocrx_word' id='word_1_4' title='bbox 676 467 951 521; x_wconf 87' lang='lat' dir='ltr'><strong>innumera</strong></span> <span class='ocrx_word' id='word_1_5' title='bbox 970 463 1074 518; x_wconf 74' lang='lat' dir='ltr'><strong>alia</strong></span> <span class='ocrx_word' id='word_1_6' title='bbox 1101 460 1166 517; x_wconf 90' lang='lat' dir='ltr'><strong>ad</strong></span> <span class='ocrx_word' id='word_1_7' title='bbox 1189 463 1414 518; x_wconf 79' lang='lat' dir='ltr'><strong>salutem</strong></span> <span class='ocrx_word' id='word_1_8' title='bbox 1436 469 1671 515; x_wconf 89' lang='lat' dir='ltr'><strong>nostram</strong></span> <span class='ocrx_word' id='word_1_9' title='bbox 1698 466 1957 533; x_wconf 4' lang='lat' dir='ltr'><strong>operatus,</strong></span> 
     </span>
    </p>
   </div>
   <div class='ocr_carea' id='block_1_3' title="bbox 359 548 1949 628">
    <p class='ocr_par' dir='ltr' id='par_1_3' title="bbox 359 548 1949 628">
     <span class='ocr_line' id='line_1_3' title="bbox 359 548 1949 628; baseline -0.01 -10"><span class='ocrx_word' id='word_1_10' title='bbox 359 571 464 628; x_wconf 88' lang='lat' dir='ltr'><strong>est,</strong></span> <span class='ocrx_word' id='word_1_11' title='bbox 494 559 830 617; x_wconf 88' lang='lat' dir='ltr'><strong>manifestum</strong></span> <span class='ocrx_word' id='word_1_12' title='bbox 854 564 936 611; x_wconf 87' lang='lat' dir='ltr'><strong>est</strong></span> <span class='ocrx_word' id='word_1_13' title='bbox 960 570 1081 609; x_wconf 91' lang='lat' dir='ltr'><strong>cum</strong></span> <span class='ocrx_word' id='word_1_14' title='bbox 1107 564 1161 609; x_wconf 90' lang='lat' dir='ltr'><strong>et</strong></span> <span class='ocrx_word' id='word_1_15' title='bbox 1191 553 1364 609; x_wconf 88' lang='lat' dir='ltr'><strong>futura</strong></span> <span class='ocrx_word' id='word_1_16' title='bbox 1393 551 1529 609; x_wconf 91' lang='lat' dir='ltr'><strong>bona</strong></span> <span class='ocrx_word' id='word_1_17' title='bbox 1547 550 1702 605; x_wconf 90' lang='lat' dir='ltr'><strong>nobis</strong></span> <span class='ocrx_word' id='word_1_18' title='bbox 1717 548 1949 619; x_wconf 79' lang='lat' dir='ltr'><strong>reposita</strong></span> 
     </span>
    </p>
   </div>
   <div class='ocr_carea' id='block_1_4' title="bbox 364 641 1949 721">
    <p class='ocr_par' dir='ltr' id='par_1_4' title="bbox 364 641 1949 721">
     <span class='ocr_line' id='line_1_4' title="bbox 364 641 1949 721; baseline -0.007 -19"><span class='ocrx_word' id='word_1_19' title='bbox 364 651 728 721; x_wconf 84' lang='lat' dir='ltr'><strong>pra-biturum.</strong></span> <span class='ocrx_word' id='word_1_20' title='bbox 762 646 894 703; x_wconf 83' lang='lat' dir='ltr'><strong>Nam</strong></span> <span class='ocrx_word' id='word_1_21' title='bbox 920 643 1009 715; x_wconf 87' lang='lat' dir='ltr'><strong>qui</strong></span> <span class='ocrx_word' id='word_1_22' title='bbox 1038 651 1255 713; x_wconf 76' lang='lat' dir='ltr'><strong>propter</strong></span> <span class='ocrx_word' id='word_1_23' title='bbox 1273 656 1423 697; x_wconf 90' lang='lat' dir='ltr'><strong>suam</strong></span> <span class='ocrx_word' id='word_1_24' title='bbox 1454 641 1765 707; x_wconf 77' lang='lat' dir='ltr'><strong>bonitatem,</strong></span> <span class='ocrx_word' id='word_1_25' title='bbox 1796 646 1949 692; x_wconf 83' lang='lat' dir='ltr'><strong>ante-</strong></span> 
     </span>
    </p>
   </div>
   <div class='ocr_carea' id='block_1_5' title="bbox 364 728 1963 813">
    <p class='ocr_par' dir='ltr' id='par_1_5' title="bbox 364 728 1963 813">
     <span class='ocr_line' id='line_1_5' title="bbox 364 728 1963 813; baseline -0.009 -17"><span class='ocrx_word' id='word_1_26' title='bbox 364 759 523 813; x_wconf 85' lang='lat' dir='ltr'><strong>quam</strong></span> <span class='ocrx_word' id='word_1_27' title='bbox 569 756 689 795; x_wconf 88' lang='lat' dir='ltr'><strong>esse</strong></span> <span class='ocrx_word' id='word_1_28' title='bbox 733 738 1110 806; x_wconf 84' lang='lat' dir='ltr'><strong>inciperemus,</strong></span> <span class='ocrx_word' id='word_1_29' title='bbox 1155 733 1271 788; x_wconf 70' lang='lat' dir='ltr'><strong>bmc</strong></span> <span class='ocrx_word' id='word_1_30' title='bbox 1301 731 1637 803; x_wconf 72' lang='lat' dir='ltr'><strong>praeparavit,</strong></span> <span class='ocrx_word' id='word_1_31' title='bbox 1684 728 1963 801; x_wconf 90' lang='lat' dir='ltr'><strong>quomodo.</strong></span> 
     </span>
    </p>
   </div>
   <div class='ocr_carea' id='block_1_6' title="bbox 361 819 1950 893">
    <p class='ocr_par' dir='ltr' id='par_1_6' title="bbox 361 819 1950 893">
     <span class='ocr_line' id='line_1_6' title="bbox 361 819 1950 893; baseline -0.008 -5"><span class='ocrx_word' id='word_1_32' title='bbox 361 850 467 887; x_wconf 86' lang='lat' dir='ltr'><strong>non</strong></span> <span class='ocrx_word' id='word_1_33' title='bbox 517 842 571 887; x_wconf 89' lang='lat' dir='ltr'><strong>et</strong></span> <span class='ocrx_word' id='word_1_34' title='bbox 616 830 715 884; x_wconf 82' lang='lat' dir='ltr'><strong>frui</strong></span> <span class='ocrx_word' id='word_1_35' title='bbox 745 826 1043 883; x_wconf 75' lang='lat' dir='ltr'><strong>concedet?</strong></span> <span class='ocrx_word' id='word_1_36' title='bbox 1073 825 1224 893; x_wconf 82' lang='lat' dir='ltr'><strong>Quod</strong></span> <span class='ocrx_word' id='word_1_37' title='bbox 1266 833 1444 877; x_wconf 88' lang='lat' dir='ltr'><strong>autem</strong></span> <span class='ocrx_word' id='word_1_38' title='bbox 1491 822 1641 892; x_wconf 86' lang='lat' dir='ltr'><strong>prius</strong></span> <span class='ocrx_word' id='word_1_39' title='bbox 1668 819 1785 875; x_wconf 75' lang='lat' dir='ltr'><strong>lucc</strong></span> <span class='ocrx_word' id='word_1_40' title='bbox 1812 820 1950 876; x_wconf 88' lang='lat' dir='ltr'><strong>bona</strong></span> 
     </span>
    </p>
   </div>
   <div class='ocr_carea' id='block_1_7' title="bbox 364 908 1950 990">
    <p class='ocr_par' dir='ltr' id='par_1_7' title="bbox 364 908 1950 990">
     <span class='ocr_line' id='line_1_7' title="bbox 364 908 1950 990; baseline -0.008 -13"><span class='ocrx_word' id='word_1_41' title='bbox 364 924 518 978; x_wconf 88' lang='lat' dir='ltr'><strong>nobis</strong></span> <span class='ocrx_word' id='word_1_42' title='bbox 546 920 929 990; x_wconf 69' lang='lat' dir='ltr'><strong>prwparaverit</strong></span> <span class='ocrx_word' id='word_1_43' title='bbox 953 959 967 982; x_wconf 96' lang='lat'><strong>,</strong></span> <span class='ocrx_word' id='word_1_44' title='bbox 1002 916 1123 970; x_wconf 88' lang='lat' dir='ltr'><strong>audi</strong></span> <span class='ocrx_word' id='word_1_45' title='bbox 1150 913 1277 985; x_wconf 90' lang='lat' dir='ltr'><strong>quid</strong></span> <span class='ocrx_word' id='word_1_46' title='bbox 1303 912 1446 968; x_wconf 90' lang='lat' dir='ltr'><strong>dicat</strong></span> <span class='ocrx_word' id='word_1_47' title='bbox 1470 910 1732 966; x_wconf 72' lang='lat' dir='ltr'><strong>stantibus</strong></span> <span class='ocrx_word' id='word_1_48' title='bbox 1758 918 1788 963; x_wconf 86' lang='lat' dir='ltr'><strong>a</strong></span> <span class='ocrx_word' id='word_1_49' title='bbox 1818 908 1950 964; x_wconf 83' lang='lat' dir='ltr'><strong>dex-</strong></span> 
     </span>
    </p>
   </div>
   <div class='ocr_carea' id='block_1_8' title="bbox 364 1000 1953 1080">
    <p class='ocr_par' dir='ltr' id='par_1_8' title="bbox 364 1000 1953 1080">
     <span class='ocr_line' id='line_1_8' title="bbox 364 1000 1953 1080; baseline -0.009 -10"><span class='ocrx_word' id='word_1_50' title='bbox 364 1017 459 1073; x_wconf 83' lang='lat' dir='ltr'><strong>tris</strong></span> <span class='ocrx_word' id='word_1_51' title='bbox 491 1034 503 1070; x_wconf 94' lang='lat'><strong>:</strong></span> <span class='ocrx_word' id='word_1_52' title='bbox 532 1014 726 1080; x_wconf 80' lang='lat' dir='ltr'><strong>Venite,</strong></span> <span class='ocrx_word' id='word_1_53' title='bbox 750 1009 993 1065; x_wconf 81' lang='lat' dir='ltr'><strong>benedicti</strong></span> <span class='ocrx_word' id='word_1_54' title='bbox 1042 1006 1218 1062; x_wconf 88' lang='lat' dir='ltr'><strong>Patris</strong></span> <span class='ocrx_word' id='word_1_55' title='bbox 1252 1005 1389 1071; x_wconf 88' lang='lat' dir='ltr'><strong>mei,</strong></span> <span class='ocrx_word' id='word_1_56' title='bbox 1433 1003 1706 1057; x_wconf 78' lang='lat' dir='ltr'><strong>hereditate</strong></span> <span class='ocrx_word' id='word_1_57' title='bbox 1741 1000 1953 1071; x_wconf 78' lang='lat' dir='ltr'><strong>accipite</strong></span> 
     </span>
    </p>
   </div>
   <div class='ocr_carea' id='block_1_9' title="bbox 362 1091 1949 1177">
    <p class='ocr_par' dir='ltr' id='par_1_9' title="bbox 362 1091 1949 1177">
     <span class='ocr_line' id='line_1_9' title="bbox 362 1091 1949 1177; baseline -0.009 -16"><span class='ocrx_word' id='word_1_58' title='bbox 362 1122 574 1177; x_wconf 83' lang='lat' dir='ltr'><strong>regnum</strong></span> <span class='ocrx_word' id='word_1_59' title='bbox 596 1115 830 1175; x_wconf 81' lang='lat' dir='ltr'><strong>paratum</strong></span> <span class='ocrx_word' id='word_1_60' title='bbox 847 1101 984 1156; x_wconf 83' lang='lat' dir='ltr'><strong>vobis</strong></span> <span class='ocrx_word' id='word_1_61' title='bbox 994 1109 1111 1153; x_wconf 85' lang='lat' dir='ltr'><strong>ante</strong></span> <span class='ocrx_word' id='word_1_62' title='bbox 1126 1097 1529 1155; x_wconf 72' lang='lat' dir='ltr'><strong>constitutionem</strong></span> <span class='ocrx_word' id='word_1_63' title='bbox 1547 1093 1723 1148; x_wconf 86' lang='lat' dir='ltr'><strong>mundi</strong></span> <span class='ocrx_word' id='word_1_64' title='bbox 1735 1091 1949 1162; x_wconf 79' lang='lat' dir='ltr'><strong>(Matth.</strong></span> 
     </span>
    </p>
   </div>
   <div class='ocr_carea' id='block_1_10' title="bbox 361 1187 1952 1266">
    <p class='ocr_par' dir='ltr' id='par_1_10' title="bbox 361 1187 1952 1266">
     <span class='ocr_line' id='line_1_10' title="bbox 361 1187 1952 1266; baseline -0.009 -12"><span class='ocrx_word' id='word_1_65' title='bbox 361 1199 450 1254; x_wconf 75' lang='lat'><strong>25.</strong></span> <span class='ocrx_word' id='word_1_66' title='bbox 480 1199 599 1266; x_wconf 67' lang='lat' dir='ltr'><strong>3i).</strong></span> <span class='ocrx_word' id='word_1_67' title='bbox 649 1195 838 1251; x_wconf 80' lang='lat' dir='ltr'><strong>Vidisti</strong></span> <span class='ocrx_word' id='word_1_68' title='bbox 891 1192 1142 1250; x_wconf 86' lang='lat' dir='ltr'><strong>bonitatis</strong></span> <span class='ocrx_word' id='word_1_69' title='bbox 1184 1187 1579 1253; x_wconf 85' lang='lat' dir='ltr'><strong>excellentiam,</strong></span> <span class='ocrx_word' id='word_1_70' title='bbox 1598 1194 1795 1257; x_wconf 86' lang='lat' dir='ltr'><strong>quanta</strong></span> <span class='ocrx_word' id='word_1_71' title='bbox 1822 1198 1952 1257; x_wconf 85' lang='lat' dir='ltr'><strong>erga</strong></span> 
     </span>
    </p>
   </div>
   <div class='ocr_carea' id='block_1_11' title="bbox 363 1274 1952 1356">
    <p class='ocr_par' dir='ltr' id='par_1_11' title="bbox 363 1274 1952 1356">
     <span class='ocr_line' id='line_1_11' title="bbox 363 1274 1952 1356; baseline -0.01 -12"><span class='ocrx_word' id='word_1_72' title='bbox 363 1299 602 1344; x_wconf 85' lang='lat' dir='ltr'><strong>nostrum</strong></span> <span class='ocrx_word' id='word_1_73' title='bbox 632 1299 800 1356; x_wconf 86' lang='lat' dir='ltr'><strong>genus</strong></span> <span class='ocrx_word' id='word_1_74' title='bbox 830 1282 1154 1353; x_wconf 78' lang='lat' dir='ltr'><strong>benignitate</strong></span> <span class='ocrx_word' id='word_1_75' title='bbox 1179 1294 1306 1334; x_wconf 88' lang='lat' dir='ltr'><strong>usus</strong></span> <span class='ocrx_word' id='word_1_76' title='bbox 1331 1278 1423 1342; x_wconf 88' lang='lat' dir='ltr'><strong>sit,</strong></span> <span class='ocrx_word' id='word_1_77' title='bbox 1450 1286 1509 1331; x_wconf 92' lang='lat' dir='ltr'><strong>ut</strong></span> <span class='ocrx_word' id='word_1_78' title='bbox 1554 1283 1610 1331; x_wconf 90' lang='lat' dir='ltr'><strong>et</strong></span> <span class='ocrx_word' id='word_1_79' title='bbox 1649 1285 1774 1335; x_wconf 87' lang='lat' dir='ltr'><strong>ante</strong></span> <span class='ocrx_word' id='word_1_80' title='bbox 1809 1274 1952 1344; x_wconf 87' lang='lat' dir='ltr'><strong>jacta</strong></span> 
     </span>
    </p>
   </div>
   <div class='ocr_carea' id='block_1_12' title="bbox 367 1366 1952 1441">
    <p class='ocr_par' dir='ltr' id='par_1_12' title="bbox 367 1366 1952 1441">
     <span class='ocr_line' id='line_1_12' title="bbox 367 1366 1952 1441; baseline -0.009 -7"><span class='ocrx_word' id='word_1_81' title='bbox 367 1379 705 1434; x_wconf 88' lang='lat' dir='ltr'><strong>fundamenta</strong></span> <span class='ocrx_word' id='word_1_82' title='bbox 747 1374 932 1431; x_wconf 89' lang='lat' dir='ltr'><strong>mundi</strong></span> <span class='ocrx_word' id='word_1_83' title='bbox 978 1373 1131 1428; x_wconf 90' lang='lat' dir='ltr'><strong>nobis</strong></span> <span class='ocrx_word' id='word_1_84' title='bbox 1174 1371 1326 1441; x_wconf 90' lang='lat' dir='ltr'><strong>regni</strong></span> <span class='ocrx_word' id='word_1_85' title='bbox 1366 1370 1616 1425; x_wconf 59' lang='lat' dir='ltr'><strong>caelorum</strong></span> <span class='ocrx_word' id='word_1_86' title='bbox 1647 1366 1952 1421; x_wconf 88' lang='lat' dir='ltr'><strong>fruitionem</strong></span> 
     </span>
    </p>
   </div>
   <div class='ocr_carea' id='block_1_13' title="bbox 364 1456 1956 1540">
    <p class='ocr_par' dir='ltr' id='par_1_13' title="bbox 364 1456 1956 1540">
     <span class='ocr_line' id='line_1_13' title="bbox 364 1456 1956 1540; baseline -0.008 -16"><span class='ocrx_word' id='word_1_87' title='bbox 364 1483 666 1540; x_wconf 71' lang='lat' dir='ltr'><strong>prteparare</strong></span> <span class='ocrx_word' id='word_1_88' title='bbox 697 1467 943 1537; x_wconf 88' lang='lat' dir='ltr'><strong>dignatus</strong></span> <span class='ocrx_word' id='word_1_89' title='bbox 971 1462 1079 1519; x_wconf 81' lang='lat' dir='ltr'><strong>sit?</strong></span> <span class='ocrx_word' id='word_1_90' title='bbox 1108 1463 1268 1534; x_wconf 91' lang='lat' dir='ltr'><strong>Igitur</strong></span> <span class='ocrx_word' id='word_1_91' title='bbox 1294 1476 1362 1517; x_wconf 92' lang='lat' dir='ltr'><strong>ne</strong></span> <span class='ocrx_word' id='word_1_92' title='bbox 1404 1460 1571 1516; x_wconf 89' lang='lat' dir='ltr'><strong>simus</strong></span> <span class='ocrx_word' id='word_1_93' title='bbox 1603 1458 1828 1528; x_wconf 88' lang='lat' dir='ltr'><strong>ingrati,</strong></span> <span class='ocrx_word' id='word_1_94' title='bbox 1858 1456 1956 1512; x_wconf 87' lang='lat' dir='ltr'><strong>ob-</strong></span> 
     </span>
    </p>
   </div>
   <div class='ocr_carea' id='block_1_14' title="bbox 368 1550 1951 1628">
    <p class='ocr_par' dir='ltr' id='par_1_14' title="bbox 368 1550 1951 1628">
     <span class='ocr_line' id='line_1_14' title="bbox 368 1550 1951 1628; baseline -0.01 -12"><span class='ocrx_word' id='word_1_95' title='bbox 368 1575 545 1626; x_wconf 86' lang='lat' dir='ltr'><strong>secro,</strong></span> <span class='ocrx_word' id='word_1_96' title='bbox 562 1573 737 1628; x_wconf 89' lang='lat' dir='ltr'><strong>neque</strong></span> <span class='ocrx_word' id='word_1_97' title='bbox 753 1556 997 1627; x_wconf 89' lang='lat' dir='ltr'><strong>indignos</strong></span> <span class='ocrx_word' id='word_1_98' title='bbox 1018 1554 1209 1609; x_wconf 81' lang='lat' dir='ltr'><strong>talibus</strong></span> <span class='ocrx_word' id='word_1_99' title='bbox 1226 1567 1323 1607; x_wconf 84' lang='lat' dir='ltr'><strong>nos</strong></span> <span class='ocrx_word' id='word_1_100' title='bbox 1353 1551 1509 1606; x_wconf 89' lang='lat' dir='ltr'><strong>donis</strong></span> <span class='ocrx_word' id='word_1_101' title='bbox 1533 1550 1951 1604; x_wconf 88' lang='lat' dir='ltr'><strong>constituamus:</strong></span> 
     </span>
    </p>
   </div>
   <div class='ocr_carea' id='block_1_15' title="bbox 364 1640 1955 1720">
    <p class='ocr_par' dir='ltr' id='par_1_15' title="bbox 364 1640 1955 1720">
     <span class='ocr_line' id='line_1_15' title="bbox 364 1640 1955 1720; baseline -0.008 -12"><span class='ocrx_word' id='word_1_102' title='bbox 364 1651 459 1708; x_wconf 86' lang='lat' dir='ltr'><strong>sed</strong></span> <span class='ocrx_word' id='word_1_103' title='bbox 480 1651 783 1720; x_wconf 76' lang='lat' dir='ltr'><strong>diligamus,</strong></span> <span class='ocrx_word' id='word_1_104' title='bbox 813 1659 873 1703; x_wconf 94' lang='lat' dir='ltr'><strong>ut</strong></span> <span class='ocrx_word' id='word_1_105' title='bbox 895 1648 1071 1713; x_wconf 83' lang='lat' dir='ltr'><strong>decet,</strong></span> <span class='ocrx_word' id='word_1_106' title='bbox 1100 1646 1382 1700; x_wconf 90' lang='lat' dir='ltr'><strong>Dominum</strong></span> <span class='ocrx_word' id='word_1_107' title='bbox 1412 1652 1650 1697; x_wconf 90' lang='lat' dir='ltr'><strong>nostrum</strong></span> <span class='ocrx_word' id='word_1_108' title='bbox 1669 1683 1684 1706; x_wconf 92' lang='lat'><strong>,</strong></span> <span class='ocrx_word' id='word_1_109' title='bbox 1717 1640 1955 1710; x_wconf 81' lang='lat' dir='ltr'><strong>nihilque</strong></span> 
     </span>
    </p>
   </div>
   <div class='ocr_carea' id='block_1_16' title="bbox 366 1731 1967 1811">
    <p class='ocr_par' dir='ltr' id='par_1_16' title="bbox 366 1731 1967 1811">
     <span class='ocr_line' id='line_1_16' title="bbox 366 1731 1967 1811; baseline -0.009 -14"><span class='ocrx_word' id='word_1_110' title='bbox 366 1743 621 1799; x_wconf 82' lang='lat' dir='ltr'><strong>faciamus</strong></span> <span class='ocrx_word' id='word_1_111' title='bbox 646 1739 786 1811; x_wconf 90' lang='lat' dir='ltr'><strong>quod</strong></span> <span class='ocrx_word' id='word_1_112' title='bbox 812 1740 932 1809; x_wconf 86' lang='lat' dir='ltr'><strong>ejus</strong></span> <span class='ocrx_word' id='word_1_113' title='bbox 955 1752 1078 1809; x_wconf 88' lang='lat' dir='ltr'><strong>erga</strong></span> <span class='ocrx_word' id='word_1_114' title='bbox 1102 1751 1199 1791; x_wconf 93' lang='lat' dir='ltr'><strong>nos</strong></span> <span class='ocrx_word' id='word_1_115' title='bbox 1221 1734 1648 1790; x_wconf 81' lang='lat' dir='ltr'><strong>benevolentiam</strong></span> <span class='ocrx_word' id='word_1_116' title='bbox 1678 1731 1967 1801; x_wconf 70' lang='lat' dir='ltr'><strong>impediat.</strong></span> 
     </span>
    </p>
   </div>
   <div class='ocr_carea' id='block_1_17' title="bbox 369 1823 1959 1901">
    <p class='ocr_par' dir='ltr' id='par_1_17' title="bbox 369 1823 1959 1901">
     <span class='ocr_line' id='line_1_17' title="bbox 369 1823 1959 1901; baseline -0.006 -12"><span class='ocrx_word' id='word_1_117' title='bbox 369 1833 507 1890; x_wconf 85' lang='lat' dir='ltr'><strong>Num</strong></span> <span class='ocrx_word' id='word_1_118' title='bbox 536 1833 678 1888; x_wconf 90' lang='lat' dir='ltr'><strong>enim</strong></span> <span class='ocrx_word' id='word_1_119' title='bbox 709 1846 805 1887; x_wconf 86' lang='lat' dir='ltr'><strong>nos</strong></span> <span class='ocrx_word' id='word_1_120' title='bbox 836 1830 1041 1901; x_wconf 83' lang='lat' dir='ltr'><strong>priores</strong></span> <span class='ocrx_word' id='word_1_121' title='bbox 1072 1843 1184 1884; x_wconf 89' lang='lat' dir='ltr'><strong>rem</strong></span> <span class='ocrx_word' id='word_1_122' title='bbox 1214 1828 1354 1883; x_wconf 91' lang='lat' dir='ltr'><strong>illam</strong></span> <span class='ocrx_word' id='word_1_123' title='bbox 1381 1824 1681 1895; x_wconf 65' lang='lat' dir='ltr'><strong>capimus?</strong></span> <span class='ocrx_word' id='word_1_124' title='bbox 1711 1823 1821 1879; x_wconf 87' lang='lat' dir='ltr'><strong>lmo</strong></span> <span class='ocrx_word' id='word_1_125' title='bbox 1843 1823 1959 1892; x_wconf 89' lang='lat' dir='ltr'><strong>ipse</strong></span> 
     </span>
    </p>
   </div>
   <div class='ocr_carea' id='block_1_18' title="bbox 370 1918 1958 1998">
    <p class='ocr_par' dir='ltr' id='par_1_18' title="bbox 370 1918 1958 1998">
     <span class='ocr_line' id='line_1_18' title="bbox 370 1918 1958 1998; baseline -0.009 -15"><span class='ocrx_word' id='word_1_126' title='bbox 370 1928 517 1998; x_wconf 85' lang='lat' dir='ltr'><strong>prior</strong></span> <span class='ocrx_word' id='word_1_127' title='bbox 559 1938 803 1995; x_wconf 80' lang='lat' dir='ltr'><strong>magnam</strong></span> <span class='ocrx_word' id='word_1_128' title='bbox 833 1932 889 1985; x_wconf 86' lang='lat' dir='ltr'><strong>et</strong></span> <span class='ocrx_word' id='word_1_129' title='bbox 932 1919 1340 1977; x_wconf 87' lang='lat' dir='ltr'><strong>inenarrabilem</strong></span> <span class='ocrx_word' id='word_1_130' title='bbox 1369 1918 1643 1974; x_wconf 83' lang='lat' dir='ltr'><strong>caritatem</strong></span> <span class='ocrx_word' id='word_1_131' title='bbox 1690 1930 1815 1986; x_wconf 88' lang='lat' dir='ltr'><strong>erga</strong></span> <span class='ocrx_word' id='word_1_132' title='bbox 1858 1927 1958 1969; x_wconf 87' lang='lat' dir='ltr'><strong>nos</strong></span> 
     </span>
    </p>
   </div>
   <div class='ocr_carea' id='block_1_19' title="bbox 369 2006 1959 2083">
    <p class='ocr_par' dir='ltr' id='par_1_19' title="bbox 369 2006 1959 2083">
     <span class='ocr_line' id='line_1_19' title="bbox 369 2006 1959 2083; baseline -0.008 -11"><span class='ocrx_word' id='word_1_133' title='bbox 369 2017 682 2073; x_wconf 79' lang='lat' dir='ltr'><strong>declaravit.</strong></span> <span class='ocrx_word' id='word_1_134' title='bbox 727 2012 1007 2082; x_wconf 81' lang='lat' dir='ltr'><strong>Quomodo</strong></span> <span class='ocrx_word' id='word_1_135' title='bbox 1033 2013 1191 2083; x_wconf 89' lang='lat' dir='ltr'><strong>igitur</strong></span> <span class='ocrx_word' id='word_1_136' title='bbox 1219 2025 1324 2066; x_wconf 91' lang='lat' dir='ltr'><strong>non</strong></span> <span class='ocrx_word' id='word_1_137' title='bbox 1368 2008 1658 2066; x_wconf 84' lang='lat' dir='ltr'><strong>absurdum</strong></span> <span class='ocrx_word' id='word_1_138' title='bbox 1690 2007 1867 2071; x_wconf 86' lang='lat' dir='ltr'><strong>fuerit,</strong></span> <span class='ocrx_word' id='word_1_139' title='bbox 1910 2006 1959 2061; x_wconf 87' lang='lat' dir='ltr'><strong>si</strong></span> 
     </span>
    </p>
   </div>
   <div class='ocr_carea' id='block_1_20' title="bbox 377 2096 1960 2176">
    <p class='ocr_par' dir='ltr' id='par_1_20' title="bbox 377 2096 1960 2176">
     <span class='ocr_line' id='line_1_20' title="bbox 377 2096 1960 2176; baseline -0.007 -12"><span class='ocrx_word' id='word_1_140' title='bbox 377 2122 503 2164; x_wconf 88' lang='lat' dir='ltr'><strong>eum</strong></span> <span class='ocrx_word' id='word_1_141' title='bbox 543 2107 633 2176; x_wconf 88' lang='lat' dir='ltr'><strong>qui</strong></span> <span class='ocrx_word' id='word_1_142' title='bbox 680 2121 779 2161; x_wconf 89' lang='lat' dir='ltr'><strong>nos</strong></span> <span class='ocrx_word' id='word_1_143' title='bbox 803 2106 880 2161; x_wconf 89' lang='lat' dir='ltr'><strong>sic</strong></span> <span class='ocrx_word' id='word_1_144' title='bbox 904 2104 1091 2160; x_wconf 80' lang='lat' dir='ltr'><strong>dilexit</strong></span> <span class='ocrx_word' id='word_1_145' title='bbox 1135 2118 1241 2157; x_wconf 90' lang='lat' dir='ltr'><strong>non</strong></span> <span class='ocrx_word' id='word_1_146' title='bbox 1284 2101 1565 2171; x_wconf 84' lang='lat' dir='ltr'><strong>diligamus</strong></span> <span class='ocrx_word' id='word_1_147' title='bbox 1605 2098 1731 2155; x_wconf 91' lang='lat' dir='ltr'><strong>totis</strong></span> <span class='ocrx_word' id='word_1_148' title='bbox 1758 2096 1960 2153; x_wconf 84' lang='lat' dir='ltr'><strong>viribus</strong></span> 
     </span>
    </p>
   </div>
   <div class='ocr_carea' id='block_1_21' title="bbox 376 2191 1959 2267">
    <p class='ocr_par' dir='ltr' id='par_1_21' title="bbox 376 2191 1959 2267">
     <span class='ocr_line' id='line_1_21' title="bbox 376 2191 1959 2267; baseline -0.005 -14"><span class='ocrx_word' id='word_1_149' title='bbox 376 2196 616 2253; x_wconf 81' lang='lat' dir='ltr'><strong>nostris?</strong></span> <span class='ocrx_word' id='word_1_150' title='bbox 645 2195 763 2266; x_wconf 87' lang='lat' dir='ltr'><strong>ipse</strong></span> <span class='ocrx_word' id='word_1_151' title='bbox 789 2206 1007 2267; x_wconf 81' lang='lat' dir='ltr'><strong>propter</strong></span> <span class='ocrx_word' id='word_1_152' title='bbox 1031 2210 1181 2250; x_wconf 89' lang='lat' dir='ltr'><strong>suam</strong></span> <span class='ocrx_word' id='word_1_153' title='bbox 1205 2208 1331 2264; x_wconf 87' lang='lat' dir='ltr'><strong>erga</strong></span> <span class='ocrx_word' id='word_1_154' title='bbox 1361 2207 1459 2248; x_wconf 86' lang='lat' dir='ltr'><strong>nos</strong></span> <span class='ocrx_word' id='word_1_155' title='bbox 1485 2192 1760 2247; x_wconf 81' lang='lat' dir='ltr'><strong>caritatem</strong></span> <span class='ocrx_word' id='word_1_156' title='bbox 1780 2191 1959 2245; x_wconf 87' lang='lat' dir='ltr'><strong>omnia</strong></span> 
     </span>
    </p>
   </div>
   <div class='ocr_carea' id='block_1_22' title="bbox 373 2282 1961 2355">
    <p class='ocr_par' dir='ltr' id='par_1_22' title="bbox 373 2282 1961 2355">
     <span class='ocr_line' id='line_1_22' title="bbox 373 2282 1961 2355; baseline -0.004 -13"><span class='ocrx_word' id='word_1_157' title='bbox 373 2302 495 2342; x_wconf 90' lang='lat' dir='ltr'><strong>cum</strong></span> <span class='ocrx_word' id='word_1_158' title='bbox 521 2286 793 2355; x_wconf 82' lang='lat' dir='ltr'><strong>voluptate</strong></span> <span class='ocrx_word' id='word_1_159' title='bbox 830 2285 1118 2341; x_wconf 86' lang='lat' dir='ltr'><strong>sustinuit:</strong></span> <span class='ocrx_word' id='word_1_160' title='bbox 1155 2292 1211 2338; x_wconf 90' lang='lat' dir='ltr'><strong>et</strong></span> <span class='ocrx_word' id='word_1_161' title='bbox 1238 2299 1304 2338; x_wconf 89' lang='lat' dir='ltr'><strong>ex</strong></span> <span class='ocrx_word' id='word_1_162' title='bbox 1332 2282 1447 2353; x_wconf 87' lang='lat' dir='ltr'><strong>ipso</strong></span> <span class='ocrx_word' id='word_1_163' title='bbox 1471 2292 1694 2352; x_wconf 88' lang='lat' dir='ltr'><strong>paterno</strong></span> <span class='ocrx_word' id='word_1_164' title='bbox 1717 2283 1838 2337; x_wconf 86' lang='lat' dir='ltr'><strong>sinu</strong></span> <span class='ocrx_word' id='word_1_165' title='bbox 1866 2295 1961 2336; x_wconf 86' lang='lat' dir='ltr'><strong>ex-</strong></span> 
     </span>
    </p>
   </div>
   <div class='ocr_carea' id='block_1_23' title="bbox 372 2374 1957 2445">
    <p class='ocr_par' dir='ltr' id='par_1_23' title="bbox 372 2374 1957 2445">
     <span class='ocr_line' id='line_1_23' title="bbox 372 2374 1957 2445; baseline -0.005 -10"><span class='ocrx_word' id='word_1_166' title='bbox 372 2379 578 2444; x_wconf 82' lang='lat' dir='ltr'><strong>siliens,</strong></span> <span class='ocrx_word' id='word_1_167' title='bbox 607 2389 664 2433; x_wconf 93' lang='lat' dir='ltr'><strong>ut</strong></span> <span class='ocrx_word' id='word_1_168' title='bbox 693 2379 763 2433; x_wconf 88' lang='lat' dir='ltr'><strong>ita</strong></span> <span class='ocrx_word' id='word_1_169' title='bbox 791 2377 987 2445; x_wconf 89' lang='lat' dir='ltr'><strong>dicam,</strong></span> <span class='ocrx_word' id='word_1_170' title='bbox 1033 2377 1172 2433; x_wconf 83' lang='lat' dir='ltr'><strong>servi</strong></span> <span class='ocrx_word' id='word_1_171' title='bbox 1213 2377 1435 2432; x_wconf 85' lang='lat' dir='ltr'><strong>formam</strong></span> <span class='ocrx_word' id='word_1_172' title='bbox 1476 2389 1747 2432; x_wconf 77' lang='lat' dir='ltr'><strong>assumere</strong></span> <span class='ocrx_word' id='word_1_173' title='bbox 1772 2374 1957 2441; x_wconf 89' lang='lat' dir='ltr'><strong>voluit,</strong></span> 
     </span>
    </p>
   </div>
   <div class='ocr_carea' id='block_1_24' title="bbox 374 2466 1960 2540">
    <p class='ocr_par' dir='ltr' id='par_1_24' title="bbox 374 2466 1960 2540">
     <span class='ocr_line' id='line_1_24' title="bbox 374 2466 1960 2540; baseline -0.004 -14"><span class='ocrx_word' id='word_1_174' title='bbox 374 2484 470 2540; x_wconf 87' lang='lat' dir='ltr'><strong>per</strong></span> <span class='ocrx_word' id='word_1_175' title='bbox 498 2469 727 2526; x_wconf 88' lang='lat' dir='ltr'><strong>humana</strong></span> <span class='ocrx_word' id='word_1_176' title='bbox 749 2469 926 2524; x_wconf 86' lang='lat' dir='ltr'><strong>omnia</strong></span> <span class='ocrx_word' id='word_1_177' title='bbox 954 2468 1182 2524; x_wconf 89' lang='lat' dir='ltr'><strong>transire</strong></span> <span class='ocrx_word' id='word_1_178' title='bbox 1205 2510 1219 2535; x_wconf 91' lang='lat'><strong>,</strong></span> <span class='ocrx_word' id='word_1_179' title='bbox 1251 2477 1306 2523; x_wconf 91' lang='lat' dir='ltr'><strong>et</strong></span> <span class='ocrx_word' id='word_1_180' title='bbox 1330 2466 1473 2524; x_wconf 82' lang='lat' dir='ltr'><strong>ferre</strong></span> <span class='ocrx_word' id='word_1_181' title='bbox 1495 2483 1525 2521; x_wconf 92' lang='lat' dir='ltr'><strong>a</strong></span> <span class='ocrx_word' id='word_1_182' title='bbox 1552 2466 1749 2523; x_wconf 70' lang='lat' dir='ltr'><strong>Judasis</strong></span> <span class='ocrx_word' id='word_1_183' title='bbox 1769 2475 1960 2523; x_wconf 89' lang='lat' dir='ltr'><strong>contuâ€”</strong></span> 
     </span>
    </p>
   </div>
   <div class='ocr_carea' id='block_1_25' title="bbox 372 2561 1957 2633">
    <p class='ocr_par' dir='ltr' id='par_1_25' title="bbox 372 2561 1957 2633">
     <span class='ocr_line' id='line_1_25' title="bbox 372 2561 1957 2633; baseline -0.003 -15"><span class='ocrx_word' id='word_1_184' title='bbox 372 2563 559 2619; x_wconf 84' lang='lat' dir='ltr'><strong>melias</strong></span> <span class='ocrx_word' id='word_1_185' title='bbox 588 2572 643 2619; x_wconf 90' lang='lat' dir='ltr'><strong>et</strong></span> <span class='ocrx_word' id='word_1_186' title='bbox 663 2562 970 2633; x_wconf 87' lang='lat' dir='ltr'><strong>opprobria,</strong></span> <span class='ocrx_word' id='word_1_187' title='bbox 1001 2561 1232 2632; x_wconf 88' lang='lat' dir='ltr'><strong>denique</strong></span> <span class='ocrx_word' id='word_1_188' title='bbox 1266 2568 1323 2616; x_wconf 89' lang='lat' dir='ltr'><strong>et</strong></span> <span class='ocrx_word' id='word_1_189' title='bbox 1359 2574 1594 2624; x_wconf 89' lang='lat' dir='ltr'><strong>crucem,</strong></span> <span class='ocrx_word' id='word_1_190' title='bbox 1630 2574 1693 2615; x_wconf 90' lang='lat' dir='ltr'><strong>ac</strong></span> <span class='ocrx_word' id='word_1_191' title='bbox 1727 2569 1957 2614; x_wconf 89' lang='lat' dir='ltr'><strong>mortem</strong></span> 
     </span>
    </p>
   </div>
   <div class='ocr_carea' id='block_1_26' title="bbox 380 2650 1964 2727">
    <p class='ocr_par' dir='ltr' id='par_1_26' title="bbox 380 2650 1964 2727">
     <span class='ocr_line' id='line_1_26' title="bbox 380 2650 1964 2727; baseline -0.003 -18"><span class='ocrx_word' id='word_1_192' title='bbox 380 2655 964 2727; x_wconf 89' lang='lat' dir='ltr'><strong>ignominiosissimam,</strong></span> <span class='ocrx_word' id='word_1_193' title='bbox 998 2662 1057 2708; x_wconf 91' lang='lat' dir='ltr'><strong>ut</strong></span> <span class='ocrx_word' id='word_1_194' title='bbox 1079 2668 1178 2709; x_wconf 91' lang='lat' dir='ltr'><strong>nos</strong></span> <span class='ocrx_word' id='word_1_195' title='bbox 1206 2652 1296 2723; x_wconf 89' lang='lat' dir='ltr'><strong>qui</strong></span> <span class='ocrx_word' id='word_1_196' title='bbox 1336 2650 1483 2705; x_wconf 86' lang='lat' dir='ltr'><strong>humi</strong></span> <span class='ocrx_word' id='word_1_197' title='bbox 1512 2651 1881 2718; x_wconf 78' lang='lat' dir='ltr'><strong>trahebamur,</strong></span> <span class='ocrx_word' id='word_1_198' title='bbox 1908 2660 1964 2706; x_wconf 88' lang='lat' dir='ltr'><strong>et</strong></span> 
     </span>
    </p>
   </div>
   <div class='ocr_carea' id='block_1_27' title="bbox 373 2745 1960 2818">
    <p class='ocr_par' dir='ltr' id='par_1_27' title="bbox 373 2745 1960 2818">
     <span class='ocr_line' id='line_1_27' title="bbox 373 2745 1960 2818; baseline -0.004 -15"><span class='ocrx_word' id='word_1_199' title='bbox 373 2747 595 2805; x_wconf 91' lang='lat' dir='ltr'><strong>infinitis</strong></span> <span class='ocrx_word' id='word_1_200' title='bbox 616 2754 958 2818; x_wconf 86' lang='lat' dir='ltr'><strong>peccatorum</strong></span> <span class='ocrx_word' id='word_1_201' title='bbox 984 2746 1206 2801; x_wconf 84' lang='lat' dir='ltr'><strong>sarcinis</strong></span> <span class='ocrx_word' id='word_1_202' title='bbox 1231 2745 1471 2815; x_wconf 88' lang='lat' dir='ltr'><strong>oppressi</strong></span> <span class='ocrx_word' id='word_1_203' title='bbox 1500 2758 1735 2810; x_wconf 83' lang='lat' dir='ltr'><strong>eramus,</strong></span> <span class='ocrx_word' id='word_1_204' title='bbox 1779 2752 1960 2798; x_wconf 90' lang='lat' dir='ltr'><strong>nostra</strong></span> 
     </span>
    </p>
   </div>
   <div class='ocr_carea' id='block_1_28' title="bbox 374 2835 1961 2907">
    <p class='ocr_par' dir='ltr' id='par_1_28' title="bbox 374 2835 1961 2907">
     <span class='ocr_line' id='line_1_28' title="bbox 374 2835 1961 2907; baseline -0.004 -12"><span class='ocrx_word' id='word_1_205' title='bbox 374 2841 428 2907; x_wconf 89' lang='lat' dir='ltr'><strong>in</strong></span> <span class='ocrx_word' id='word_1_206' title='bbox 453 2856 513 2901; x_wconf 86' lang='lat' dir='ltr'><strong>se</strong></span> <span class='ocrx_word' id='word_1_207' title='bbox 539 2839 644 2896; x_wconf 89' lang='lat' dir='ltr'><strong>fide</strong></span> <span class='ocrx_word' id='word_1_208' title='bbox 662 2838 861 2895; x_wconf 88' lang='lat' dir='ltr'><strong>liberos</strong></span> <span class='ocrx_word' id='word_1_209' title='bbox 885 2837 1105 2893; x_wconf 88' lang='lat' dir='ltr'><strong>faceret.</strong></span> <span class='ocrx_word' id='word_1_210' title='bbox 1138 2836 1263 2892; x_wconf 81' lang='lat' dir='ltr'><strong>llaec</strong></span> <span class='ocrx_word' id='word_1_211' title='bbox 1291 2836 1432 2891; x_wconf 91' lang='lat' dir='ltr'><strong>enim</strong></span> <span class='ocrx_word' id='word_1_212' title='bbox 1455 2835 1632 2889; x_wconf 86' lang='lat' dir='ltr'><strong>omnia</strong></span> <span class='ocrx_word' id='word_1_213' title='bbox 1664 2843 1846 2890; x_wconf 88' lang='lat' dir='ltr'><strong>mente</strong></span> <span class='ocrx_word' id='word_1_214' title='bbox 1871 2848 1961 2889; x_wconf 85' lang='lat' dir='ltr'><strong>re-</strong></span> 
     </span>
    </p>
   </div>
   <div class='ocr_carea' id='block_1_29' title="bbox 372 2926 1965 3001">
    <p class='ocr_par' dir='ltr' id='par_1_29' title="bbox 372 2926 1965 3001">
     <span class='ocr_line' id='line_1_29' title="bbox 372 2926 1965 3001; baseline -0.003 -18"><span class='ocrx_word' id='word_1_215' title='bbox 372 2929 613 3001; x_wconf 78' lang='lat' dir='ltr'><strong>cogitans</strong></span> <span class='ocrx_word' id='word_1_216' title='bbox 639 2928 825 2983; x_wconf 87' lang='lat' dir='ltr'><strong>beatus</strong></span> <span class='ocrx_word' id='word_1_217' title='bbox 865 2926 1060 2983; x_wconf 80' lang='lat' dir='ltr'><strong>Paulus</strong></span> <span class='ocrx_word' id='word_1_218' title='bbox 1082 2967 1098 2993; x_wconf 90' lang='lat'><strong>,</strong></span> <span class='ocrx_word' id='word_1_219' title='bbox 1129 2926 1364 2982; x_wconf 85' lang='lat' dir='ltr'><strong>fervidus</strong></span> <span class='ocrx_word' id='word_1_220' title='bbox 1387 2926 1586 2981; x_wconf 88' lang='lat' dir='ltr'><strong>Christi</strong></span> <span class='ocrx_word' id='word_1_221' title='bbox 1619 2933 1827 2980; x_wconf 86' lang='lat' dir='ltr'><strong>amator</strong></span> <span class='ocrx_word' id='word_1_222' title='bbox 1848 2964 1866 2991; x_wconf 94' lang='lat'><strong>,</strong></span> <span class='ocrx_word' id='word_1_223' title='bbox 1908 2934 1965 2979; x_wconf 89' lang='lat' dir='ltr'><strong>et</strong></span> 
     </span>
    </p>
   </div>
   <div class='ocr_carea' id='block_1_30' title="bbox 373 3016 1969 3091">
    <p class='ocr_par' dir='ltr' id='par_1_30' title="bbox 373 3016 1969 3091">
     <span class='ocr_line' id='line_1_30' title="bbox 373 3016 1969 3091; baseline -0.001 -15"><span class='ocrx_word' id='word_1_224' title='bbox 373 3019 526 3091; x_wconf 79' lang='lat' dir='ltr'><strong>quasi</strong></span> <span class='ocrx_word' id='word_1_225' title='bbox 539 3020 710 3074; x_wconf 83' lang='lat' dir='ltr'><strong>alatus</strong></span> <span class='ocrx_word' id='word_1_226' title='bbox 725 3020 1031 3074; x_wconf 86' lang='lat' dir='ltr'><strong>universum</strong></span> <span class='ocrx_word' id='word_1_227' title='bbox 1053 3019 1236 3075; x_wconf 88' lang='lat' dir='ltr'><strong>orbem</strong></span> <span class='ocrx_word' id='word_1_228' title='bbox 1250 3016 1653 3088; x_wconf 83' lang='lat' dir='ltr'><strong>peragrans,qui</strong></span> <span class='ocrx_word' id='word_1_229' title='bbox 1670 3017 1721 3071; x_wconf 90' lang='lat' dir='ltr'><strong>in</strong></span> <span class='ocrx_word' id='word_1_230' title='bbox 1738 3030 1969 3087; x_wconf 69' lang='lat' dir='ltr'><strong>corpore</strong></span> 
     </span>
    </p>
   </div>
   <div class='ocr_carea' id='block_1_31' title="bbox 373 3108 1966 3183">
    <p class='ocr_par' dir='ltr' id='par_1_31' title="bbox 373 3108 1966 3183">
     <span class='ocr_line' id='line_1_31' title="bbox 373 3108 1966 3183; baseline -0.006 -14"><span class='ocrx_word' id='word_1_231' title='bbox 373 3129 493 3183; x_wconf 74' lang='lat' dir='ltr'><strong>qua:</strong></span> <span class='ocrx_word' id='word_1_232' title='bbox 511 3112 942 3182; x_wconf 86' lang='lat' dir='ltr'><strong>incorporearum</strong></span> <span class='ocrx_word' id='word_1_233' title='bbox 961 3120 1265 3165; x_wconf 86' lang='lat' dir='ltr'><strong>naturarum</strong></span> <span class='ocrx_word' id='word_1_234' title='bbox 1291 3111 1499 3179; x_wconf 86' lang='lat' dir='ltr'><strong>prepria</strong></span> <span class='ocrx_word' id='word_1_235' title='bbox 1520 3118 1646 3164; x_wconf 90' lang='lat' dir='ltr'><strong>sunt</strong></span> <span class='ocrx_word' id='word_1_236' title='bbox 1659 3108 1832 3165; x_wconf 87' lang='lat' dir='ltr'><strong>facere</strong></span> <span class='ocrx_word' id='word_1_237' title='bbox 1847 3117 1966 3163; x_wconf 76' lang='lat' dir='ltr'><strong>stu.</strong></span> 
     </span>
    </p>
   </div>
   <div class='ocr_carea' id='block_1_32' title="bbox 374 3199 1966 3268">
    <p class='ocr_par' dir='ltr' id='par_1_32' title="bbox 374 3199 1966 3268">
     <span class='ocr_line' id='line_1_32' title="bbox 374 3199 1966 3268; baseline -0.002 -11"><span class='ocrx_word' id='word_1_238' title='bbox 374 3202 556 3268; x_wconf 84' lang='lat' dir='ltr'><strong>debat,</strong></span> <span class='ocrx_word' id='word_1_239' title='bbox 579 3202 843 3257; x_wconf 86' lang='lat' dir='ltr'><strong>clamabat</strong></span> <span class='ocrx_word' id='word_1_240' title='bbox 861 3201 1075 3257; x_wconf 88' lang='lat' dir='ltr'><strong>dicens:</strong></span> <span class='ocrx_word' id='word_1_241' title='bbox 1091 3199 1294 3257; x_wconf 79' lang='lat' dir='ltr'><strong>Caritas</strong></span> <span class='ocrx_word' id='word_1_242' title='bbox 1317 3202 1449 3254; x_wconf 75' lang='lat' dir='ltr'><strong>enim</strong></span> <span class='ocrx_word' id='word_1_243' title='bbox 1469 3199 1655 3255; x_wconf 78' lang='lat' dir='ltr'><strong>Christi</strong></span> <span class='ocrx_word' id='word_1_244' title='bbox 1670 3200 1855 3254; x_wconf 82' lang='lat' dir='ltr'><strong>detinet</strong></span> <span class='ocrx_word' id='word_1_245' title='bbox 1873 3216 1966 3254; x_wconf 85' lang='lat' dir='ltr'><strong>nos</strong></span> 
     </span>
    </p>
   </div>
   <div class='ocr_carea' id='block_1_33' title="bbox 379 3291 1965 3367">
    <p class='ocr_par' dir='ltr' id='par_1_33' title="bbox 379 3291 1965 3367">
     <span class='ocr_line' id='line_1_33' title="bbox 379 3291 1965 3367; baseline -0.003 -19"><span class='ocrx_word' id='word_1_246' title='bbox 379 3293 454 3367; x_wconf 73' lang='grc'><strong>(2.</strong></span> <span class='ocrx_word' id='word_1_247' title='bbox 483 3293 599 3348; x_wconf 90' lang='lat' dir='ltr'><strong>Cor.</strong></span> <span class='ocrx_word' id='word_1_248' title='bbox 620 3294 673 3348; x_wconf 85' lang='lat'><strong>5.</strong></span> <span class='ocrx_word' id='word_1_249' title='bbox 697 3292 810 3363; x_wconf 74' lang='grc'><strong>11).</strong></span> <span class='ocrx_word' id='word_1_250' title='bbox 834 3292 966 3348; x_wconf 90' lang='lat' dir='ltr'><strong>Vide</strong></span> <span class='ocrx_word' id='word_1_251' title='bbox 982 3292 1320 3363; x_wconf 86' lang='lat' dir='ltr'><strong>probitatem,</strong></span> <span class='ocrx_word' id='word_1_252' title='bbox 1343 3291 1462 3346; x_wconf 89' lang='lat' dir='ltr'><strong>vide</strong></span> <span class='ocrx_word' id='word_1_253' title='bbox 1473 3292 1681 3347; x_wconf 85' lang='lat' dir='ltr'><strong>virtutis</strong></span> <span class='ocrx_word' id='word_1_254' title='bbox 1695 3291 1965 3346; x_wconf 83' lang='lat' dir='ltr'><strong>excelien-</strong></span> 
     </span>
    </p>
   </div>
   <div class='ocr_carea' id='block_1_34' title="bbox 378 3382 1966 3452">
    <p class='ocr_par' dir='ltr' id='par_1_34' title="bbox 378 3382 1966 3452">
     <span class='ocr_line' id='line_1_34' title="bbox 378 3382 1966 3452; baseline -0.003 -11"><span class='ocrx_word' id='word_1_255' title='bbox 378 3385 654 3452; x_wconf 88' lang='lat' dir='ltr'><strong>tiam,vide</strong></span> <span class='ocrx_word' id='word_1_256' title='bbox 668 3385 958 3442; x_wconf 90' lang='lat' dir='ltr'><strong>ferventem</strong></span> <span class='ocrx_word' id='word_1_257' title='bbox 972 3400 1232 3440; x_wconf 91' lang='lat' dir='ltr'><strong>amorem.</strong></span> <span class='ocrx_word' id='word_1_258' title='bbox 1247 3383 1444 3438; x_wconf 89' lang='lat' dir='ltr'><strong>Caritas</strong></span> <span class='ocrx_word' id='word_1_259' title='bbox 1459 3382 1643 3439; x_wconf 86' lang='lat' dir='ltr'><strong>Cltristi</strong></span> <span class='ocrx_word' id='word_1_260' title='bbox 1657 3383 1840 3437; x_wconf 78' lang='lat' dir='ltr'><strong>detinet</strong></span> <span class='ocrx_word' id='word_1_261' title='bbox 1851 3397 1966 3437; x_wconf 85' lang='lat' dir='ltr'><strong>nos:</strong></span> 
     </span>
    </p>
   </div>
   <div class='ocr_carea' id='block_1_35' title="bbox 378 3474 1967 3547">
    <p class='ocr_par' dir='ltr' id='par_1_35' title="bbox 378 3474 1967 3547">
     <span class='ocr_line' id='line_1_35' title="bbox 378 3474 1967 3547; baseline -0.003 -15"><span class='ocrx_word' id='word_1_262' title='bbox 378 3478 482 3532; x_wconf 87' lang='lat' dir='ltr'><strong>hoc</strong></span> <span class='ocrx_word' id='word_1_263' title='bbox 494 3486 596 3543; x_wconf 91' lang='lat' dir='ltr'><strong>est,</strong></span> <span class='ocrx_word' id='word_1_264' title='bbox 618 3477 908 3547; x_wconf 88' lang='lat' dir='ltr'><strong>compellit,</strong></span> <span class='ocrx_word' id='word_1_265' title='bbox 930 3476 1092 3546; x_wconf 88' lang='lat' dir='ltr'><strong>cogit,</strong></span> <span class='ocrx_word' id='word_1_266' title='bbox 1114 3476 1367 3531; x_wconf 83' lang='lat' dir='ltr'><strong>concitat.</strong></span> <span class='ocrx_word' id='word_1_267' title='bbox 1384 3474 1583 3530; x_wconf 89' lang='lat' dir='ltr'><strong>Deinde</strong></span> <span class='ocrx_word' id='word_1_268' title='bbox 1598 3476 1783 3531; x_wconf 90' lang='lat' dir='ltr'><strong>volens</strong></span> <span class='ocrx_word' id='word_1_269' title='bbox 1801 3475 1967 3530; x_wconf 83' lang='lat' dir='ltr'><strong>inter-</strong></span> 
     </span>
    </p>
   </div>
   <div class='ocr_carea' id='block_1_36' title="bbox 385 3564 1965 3640">
    <p class='ocr_par' dir='ltr' id='par_1_36' title="bbox 385 3564 1965 3640">
     <span class='ocr_line' id='line_1_36' title="bbox 385 3564 1965 3640; baseline 0 -21"><span class='ocrx_word' id='word_1_270' title='bbox 385 3570 582 3640; x_wconf 78' lang='lat' dir='ltr'><strong>pretari</strong></span> <span class='ocrx_word' id='word_1_271' title='bbox 606 3567 751 3640; x_wconf 89' lang='lat' dir='ltr'><strong>quod</strong></span> <span class='ocrx_word' id='word_1_272' title='bbox 771 3583 799 3621; x_wconf 86' lang='lat' dir='ltr'><strong>a</strong></span> <span class='ocrx_word' id='word_1_273' title='bbox 822 3583 881 3623; x_wconf 89' lang='lat' dir='ltr'><strong>se</strong></span> <span class='ocrx_word' id='word_1_274' title='bbox 905 3568 1105 3622; x_wconf 90' lang='lat' dir='ltr'><strong>dictum</strong></span> <span class='ocrx_word' id='word_1_275' title='bbox 1136 3576 1273 3636; x_wconf 89' lang='lat' dir='ltr'><strong>erat,</strong></span> <span class='ocrx_word' id='word_1_276' title='bbox 1296 3566 1502 3637; x_wconf 88' lang='lat' dir='ltr'><strong>inquit:</strong></span> <span class='ocrx_word' id='word_1_277' title='bbox 1527 3564 1827 3622; x_wconf 82' lang='lat' dir='ltr'><strong>Judicantes</strong></span> <span class='ocrx_word' id='word_1_278' title='bbox 1848 3566 1965 3633; x_wconf 82' lang='lat' dir='ltr'><strong>hoc,</strong></span> 
     </span>
    </p>
   </div>
   <div class='ocr_carea' id='block_1_37' title="bbox 380 3657 1967 3733">
    <p class='ocr_par' dir='ltr' id='par_1_37' title="bbox 380 3657 1967 3733">
     <span class='ocr_line' id='line_1_37' title="bbox 380 3657 1967 3733; baseline -0.001 -19"><span class='ocrx_word' id='word_1_279' title='bbox 380 3660 618 3728; x_wconf 77' lang='lat' dir='ltr'><strong>quoniam</strong></span> <span class='ocrx_word' id='word_1_280' title='bbox 653 3659 697 3713; x_wconf 84' lang='lat' dir='ltr'><strong>si</strong></span> <span class='ocrx_word' id='word_1_281' title='bbox 726 3675 859 3713; x_wconf 88' lang='lat' dir='ltr'><strong>unus</strong></span> <span class='ocrx_word' id='word_1_282' title='bbox 886 3674 977 3730; x_wconf 89' lang='lat' dir='ltr'><strong>pro</strong></span> <span class='ocrx_word' id='word_1_283' title='bbox 1006 3657 1237 3713; x_wconf 79' lang='lat' dir='ltr'><strong>erunibus</strong></span> <span class='ocrx_word' id='word_1_284' title='bbox 1262 3666 1492 3713; x_wconf 81' lang='lat' dir='ltr'><strong>mortuus</strong></span> <span class='ocrx_word' id='word_1_285' title='bbox 1504 3666 1609 3725; x_wconf 89' lang='lat' dir='ltr'><strong>est,</strong></span> <span class='ocrx_word' id='word_1_286' title='bbox 1642 3674 1761 3733; x_wconf 55' lang='lat' dir='ltr'><strong>ergo</strong></span> <span class='ocrx_word' id='word_1_287' title='bbox 1795 3674 1967 3712; x_wconf 86' lang='lat' dir='ltr'><strong>omnes</strong></span> 
     </span>
    </p>
   </div>
   <div class='ocr_carea' id='block_1_38' title="bbox 378 3748 1967 3821">
    <p class='ocr_par' dir='ltr' id='par_1_38' title="bbox 378 3748 1967 3821">
     <span class='ocr_line' id='line_1_38' title="bbox 378 3748 1967 3821; baseline 0 -18"><span class='ocrx_word' id='word_1_288' title='bbox 378 3751 560 3805; x_wconf 77' lang='lat' dir='ltr'><strong>mortui</strong></span> <span class='ocrx_word' id='word_1_289' title='bbox 587 3760 721 3804; x_wconf 85' lang='lat' dir='ltr'><strong>sunt.</strong></span> <span class='ocrx_word' id='word_1_290' title='bbox 758 3748 829 3804; x_wconf 86' lang='lat' dir='ltr'><strong>Et</strong></span> <span class='ocrx_word' id='word_1_291' title='bbox 861 3765 954 3821; x_wconf 87' lang='lat' dir='ltr'><strong>pro</strong></span> <span class='ocrx_word' id='word_1_292' title='bbox 981 3749 1208 3803; x_wconf 83' lang='lat' dir='ltr'><strong>omnibus</strong></span> <span class='ocrx_word' id='word_1_293' title='bbox 1237 3759 1465 3804; x_wconf 78' lang='lat' dir='ltr'><strong>mortuus</strong></span> <span class='ocrx_word' id='word_1_294' title='bbox 1491 3758 1587 3814; x_wconf 83' lang='lat' dir='ltr'><strong>est,</strong></span> <span class='ocrx_word' id='word_1_295' title='bbox 1604 3758 1660 3802; x_wconf 90' lang='lat' dir='ltr'><strong>ut</strong></span> <span class='ocrx_word' id='word_1_296' title='bbox 1678 3759 1727 3803; x_wconf 89' lang='lat' dir='ltr'><strong>et</strong></span> <span class='ocrx_word' id='word_1_297' title='bbox 1754 3750 1967 3815; x_wconf 74' lang='lat' dir='ltr'><strong>viventes</strong></span> 
     </span>
    </p>
   </div>
   <div class='ocr_carea' id='block_1_39' title="bbox 379 3840 1967 3912">
    <p class='ocr_par' dir='ltr' id='par_1_39' title="bbox 379 3840 1967 3912">
     <span class='ocr_line' id='line_1_39' title="bbox 379 3840 1967 3912; baseline -0.002 -15"><span class='ocrx_word' id='word_1_298' title='bbox 379 3843 588 3912; x_wconf 79' lang='lat' dir='ltr'><strong>posthac</strong></span> <span class='ocrx_word' id='word_1_299' title='bbox 603 3858 704 3897; x_wconf 85' lang='lat' dir='ltr'><strong>non</strong></span> <span class='ocrx_word' id='word_1_300' title='bbox 720 3841 939 3907; x_wconf 82' lang='lat' dir='ltr'><strong>sibiipsis</strong></span> <span class='ocrx_word' id='word_1_301' title='bbox 959 3842 1123 3895; x_wconf 77' lang='lat' dir='ltr'><strong>vivant</strong></span> <span class='ocrx_word' id='word_1_302' title='bbox 1139 3880 1156 3907; x_wconf 91' lang='lat'><strong>,</strong></span> <span class='ocrx_word' id='word_1_303' title='bbox 1178 3840 1267 3895; x_wconf 89' lang='lat' dir='ltr'><strong>sed</strong></span> <span class='ocrx_word' id='word_1_304' title='bbox 1281 3840 1358 3894; x_wconf 84' lang='lat' dir='ltr'><strong>illi</strong></span> <span class='ocrx_word' id='word_1_305' title='bbox 1368 3840 1453 3910; x_wconf 86' lang='lat' dir='ltr'><strong>qui</strong></span> <span class='ocrx_word' id='word_1_306' title='bbox 1468 3856 1559 3909; x_wconf 88' lang='lat' dir='ltr'><strong>pro</strong></span> <span class='ocrx_word' id='word_1_307' title='bbox 1575 3840 1647 3895; x_wconf 88' lang='lat' dir='ltr'><strong>eis</strong></span> <span class='ocrx_word' id='word_1_308' title='bbox 1658 3852 1882 3895; x_wconf 84' lang='lat' dir='ltr'><strong>mortuus</strong></span> <span class='ocrx_word' id='word_1_309' title='bbox 1894 3849 1967 3894; x_wconf 88' lang='lat' dir='ltr'><strong>est</strong></span> 
     </span>
    </p>
   </div>
   <div class='ocr_carea' id='block_1_40' title="bbox 378 3931 1964 4005">
    <p class='ocr_par' dir='ltr' id='par_1_40' title="bbox 378 3931 1964 4005">
     <span class='ocr_line' id='line_1_40' title="bbox 378 3931 1964 4005; baseline -0.001 -18"><span class='ocrx_word' id='word_1_310' title='bbox 378 3944 424 3987; x_wconf 86' lang='lat' dir='ltr'><strong>et</strong></span> <span class='ocrx_word' id='word_1_311' title='bbox 461 3935 734 3991; x_wconf 71' lang='lat' dir='ltr'><strong>resurrexit</strong></span> <span class='ocrx_word' id='word_1_312' title='bbox 755 3933 916 4005; x_wconf 87' lang='lat' dir='ltr'><strong>(Ibid.</strong></span> <span class='ocrx_word' id='word_1_313' title='bbox 938 3949 986 3988; x_wconf 84' lang='grc' dir='ltr'><strong>Ï….</strong></span> <span class='ocrx_word' id='word_1_314' title='bbox 1012 3933 1121 4004; x_wconf 80' lang='grc'><strong>15).</strong></span> <span class='ocrx_word' id='word_1_315' title='bbox 1174 3931 1364 3988; x_wconf 81' lang='lat' dir='ltr'><strong>Vidisti</strong></span> <span class='ocrx_word' id='word_1_316' title='bbox 1382 3931 1648 4002; x_wconf 80' lang='lat' dir='ltr'><strong>quomodo</strong></span> <span class='ocrx_word' id='word_1_317' title='bbox 1666 3933 1788 4002; x_wconf 87' lang='lat' dir='ltr'><strong>jure</strong></span> <span class='ocrx_word' id='word_1_318' title='bbox 1810 3931 1964 3997; x_wconf 91' lang='lat' dir='ltr'><strong>dixit,</strong></span> 
     </span>
    </p>
   </div>
   <div class='ocr_carea' id='block_1_41' title="bbox 378 4022 1966 4094">
    <p class='ocr_par' dir='ltr' id='par_1_41' title="bbox 378 4022 1966 4094">
     <span class='ocr_line' id='line_1_41' title="bbox 378 4022 1966 4094; baseline -0.001 -16"><span class='ocrx_word' id='word_1_319' title='bbox 378 4024 577 4081; x_wconf 86' lang='lat' dir='ltr'><strong>Detinet</strong></span> <span class='ocrx_word' id='word_1_320' title='bbox 599 4042 690 4079; x_wconf 85' lang='lat' dir='ltr'><strong>nos</strong></span> <span class='ocrx_word' id='word_1_321' title='bbox 714 4026 901 4079; x_wconf 88' lang='lat' dir='ltr'><strong>caritas</strong></span> <span class='ocrx_word' id='word_1_322' title='bbox 926 4023 1153 4079; x_wconf 76' lang='lat' dir='ltr'><strong>Christi?</strong></span> <span class='ocrx_word' id='word_1_323' title='bbox 1176 4024 1234 4079; x_wconf 90' lang='lat' dir='ltr'><strong>Si</strong></span> <span class='ocrx_word' id='word_1_324' title='bbox 1264 4024 1406 4079; x_wconf 91' lang='lat' dir='ltr'><strong>enim</strong></span> <span class='ocrx_word' id='word_1_325' title='bbox 1443 4038 1539 4094; x_wconf 92' lang='lat' dir='ltr'><strong>pro</strong></span> <span class='ocrx_word' id='word_1_326' title='bbox 1571 4022 1747 4086; x_wconf 85' lang='lat' dir='ltr'><strong>nobis,</strong></span> <span class='ocrx_word' id='word_1_327' title='bbox 1774 4022 1966 4094; x_wconf 87' lang='lat' dir='ltr'><strong>inquit,</strong></span> 
     </span>
    </p>
   </div>
   <div class='ocr_carea' id='block_1_42' title="bbox 376 4116 1967 4187">
    <p class='ocr_par' dir='ltr' id='par_1_42' title="bbox 376 4116 1967 4187">
     <span class='ocr_line' id='line_1_42' title="bbox 376 4116 1967 4187; baseline 0.001 -20"><span class='ocrx_word' id='word_1_328' title='bbox 376 4119 623 4174; x_wconf 78' lang='lat' dir='ltr'><strong>omnibus</strong></span> <span class='ocrx_word' id='word_1_329' title='bbox 648 4127 889 4173; x_wconf 88' lang='lat' dir='ltr'><strong>mortuus</strong></span> <span class='ocrx_word' id='word_1_330' title='bbox 909 4126 1014 4184; x_wconf 88' lang='lat' dir='ltr'><strong>est,</strong></span> <span class='ocrx_word' id='word_1_331' title='bbox 1040 4126 1258 4187; x_wconf 89' lang='lat' dir='ltr'><strong>propter</strong></span> <span class='ocrx_word' id='word_1_332' title='bbox 1276 4116 1377 4171; x_wconf 91' lang='lat' dir='ltr'><strong>hoc</strong></span> <span class='ocrx_word' id='word_1_333' title='bbox 1392 4125 1633 4170; x_wconf 90' lang='lat' dir='ltr'><strong>mortuus</strong></span> <span class='ocrx_word' id='word_1_334' title='bbox 1649 4124 1753 4182; x_wconf 90' lang='lat' dir='ltr'><strong>est,</strong></span> <span class='ocrx_word' id='word_1_335' title='bbox 1779 4124 1838 4170; x_wconf 89' lang='lat' dir='ltr'><strong>ut</strong></span> <span class='ocrx_word' id='word_1_336' title='bbox 1867 4129 1967 4169; x_wconf 90' lang='lat' dir='ltr'><strong>nos</strong></span> 
     </span>
    </p>
   </div>
   <div class='ocr_carea' id='block_1_43' title="bbox 381 4206 1967 4279">
    <p class='ocr_par' dir='ltr' id='par_1_43' title="bbox 381 4206 1967 4279">
     <span class='ocr_line' id='line_1_43' title="bbox 381 4206 1967 4279; baseline 0.001 -18"><span class='ocrx_word' id='word_1_337' title='bbox 381 4210 619 4264; x_wconf 77' lang='lat' dir='ltr'><strong>viventes</strong></span> <span class='ocrx_word' id='word_1_338' title='bbox 647 4208 869 4279; x_wconf 85' lang='lat' dir='ltr'><strong>posthac</strong></span> <span class='ocrx_word' id='word_1_339' title='bbox 894 4223 999 4265; x_wconf 87' lang='lat' dir='ltr'><strong>non</strong></span> <span class='ocrx_word' id='word_1_340' title='bbox 1026 4208 1179 4263; x_wconf 90' lang='lat' dir='ltr'><strong>nobis</strong></span> <span class='ocrx_word' id='word_1_341' title='bbox 1205 4208 1334 4278; x_wconf 89' lang='lat' dir='ltr'><strong>ipsis</strong></span> <span class='ocrx_word' id='word_1_342' title='bbox 1360 4209 1601 4263; x_wconf 86' lang='lat' dir='ltr'><strong>vivamus</strong></span> <span class='ocrx_word' id='word_1_343' title='bbox 1621 4248 1636 4273; x_wconf 96' lang='lat'><strong>,</strong></span> <span class='ocrx_word' id='word_1_344' title='bbox 1666 4208 1759 4262; x_wconf 90' lang='lat' dir='ltr'><strong>sed</strong></span> <span class='ocrx_word' id='word_1_345' title='bbox 1797 4208 1845 4262; x_wconf 91' lang='lat' dir='ltr'><strong>ei</strong></span> <span class='ocrx_word' id='word_1_346' title='bbox 1875 4206 1967 4278; x_wconf 89' lang='lat' dir='ltr'><strong>qui</strong></span> 
     </span>
    </p>
   </div>
   <div class='ocr_carea' id='block_1_44' title="bbox 381 4299 1969 4369">
    <p class='ocr_par' dir='ltr' id='par_1_44' title="bbox 381 4299 1969 4369">
     <span class='ocr_line' id='line_1_44' title="bbox 381 4299 1969 4369; baseline 0.001 -17"><span class='ocrx_word' id='word_1_347' title='bbox 381 4315 480 4367; x_wconf 85' lang='lat' dir='ltr'><strong>pro</strong></span> <span class='ocrx_word' id='word_1_348' title='bbox 505 4301 659 4356; x_wconf 91' lang='lat' dir='ltr'><strong>nobis</strong></span> <span class='ocrx_word' id='word_1_349' title='bbox 686 4310 927 4355; x_wconf 89' lang='lat' dir='ltr'><strong>mortuus</strong></span> <span class='ocrx_word' id='word_1_350' title='bbox 969 4309 1052 4355; x_wconf 90' lang='lat' dir='ltr'><strong>est</strong></span> <span class='ocrx_word' id='word_1_351' title='bbox 1078 4308 1133 4355; x_wconf 91' lang='lat' dir='ltr'><strong>et</strong></span> <span class='ocrx_word' id='word_1_352' title='bbox 1157 4300 1464 4355; x_wconf 82' lang='lat' dir='ltr'><strong>resurrexit.</strong></span> <span class='ocrx_word' id='word_1_353' title='bbox 1516 4299 1853 4369; x_wconf 87' lang='lat' dir='ltr'><strong>Accipiamus</strong></span> <span class='ocrx_word' id='word_1_354' title='bbox 1879 4300 1969 4369; x_wconf 86' lang='lat' dir='ltr'><strong>igi-</strong></span> 
     </span>
    </p>
   </div>
   <div class='ocr_carea' id='block_1_45' title="bbox 386 4388 1967 4459">
    <p class='ocr_par' dir='ltr' id='par_1_45' title="bbox 386 4388 1967 4459">
     <span class='ocr_line' id='line_1_45' title="bbox 386 4388 1967 4459; baseline 0.003 -17"><span class='ocrx_word' id='word_1_355' title='bbox 386 4400 472 4445; x_wconf 91' lang='lat' dir='ltr'><strong>tur</strong></span> <span class='ocrx_word' id='word_1_356' title='bbox 516 4390 862 4459; x_wconf 85' lang='lat' dir='ltr'><strong>apostolicam</strong></span> <span class='ocrx_word' id='word_1_357' title='bbox 906 4388 1363 4458; x_wconf 88' lang='lat' dir='ltr'><strong>admonitionem,</strong></span> <span class='ocrx_word' id='word_1_358' title='bbox 1394 4399 1450 4445; x_wconf 90' lang='lat' dir='ltr'><strong>et</strong></span> <span class='ocrx_word' id='word_1_359' title='bbox 1496 4406 1601 4445; x_wconf 91' lang='lat' dir='ltr'><strong>nou</strong></span> <span class='ocrx_word' id='word_1_360' title='bbox 1642 4390 1797 4445; x_wconf 89' lang='lat' dir='ltr'><strong>nobis</strong></span> <span class='ocrx_word' id='word_1_361' title='bbox 1838 4391 1967 4459; x_wconf 72' lang='lat' dir='ltr'><strong>ipsis</strong></span> 
     </span>
    </p>
   </div>
   <div class='ocr_carea' id='block_1_46' title="bbox 380 4481 1966 4555">
    <p class='ocr_par' dir='ltr' id='par_1_46' title="bbox 380 4481 1966 4555">
     <span class='ocr_line' id='line_1_46' title="bbox 380 4481 1966 4555; baseline 0.001 -20"><span class='ocrx_word' id='word_1_362' title='bbox 380 4482 641 4549; x_wconf 80' lang='lat' dir='ltr'><strong>vivamus,</strong></span> <span class='ocrx_word' id='word_1_363' title='bbox 672 4481 766 4538; x_wconf 84' lang='lat' dir='ltr'><strong>sed</strong></span> <span class='ocrx_word' id='word_1_364' title='bbox 791 4483 839 4539; x_wconf 87' lang='lat' dir='ltr'><strong>ei</strong></span> <span class='ocrx_word' id='word_1_365' title='bbox 867 4481 959 4555; x_wconf 86' lang='lat' dir='ltr'><strong>qui</strong></span> <span class='ocrx_word' id='word_1_366' title='bbox 986 4497 1082 4553; x_wconf 93' lang='lat' dir='ltr'><strong>pro</strong></span> <span class='ocrx_word' id='word_1_367' title='bbox 1106 4483 1260 4538; x_wconf 85' lang='lat' dir='ltr'><strong>nobis</strong></span> <span class='ocrx_word' id='word_1_368' title='bbox 1278 4493 1519 4538; x_wconf 88' lang='lat' dir='ltr'><strong>mortuus</strong></span> <span class='ocrx_word' id='word_1_369' title='bbox 1541 4490 1623 4537; x_wconf 90' lang='lat' dir='ltr'><strong>est</strong></span> <span class='ocrx_word' id='word_1_370' title='bbox 1642 4493 1696 4538; x_wconf 91' lang='lat' dir='ltr'><strong>et</strong></span> <span class='ocrx_word' id='word_1_371' title='bbox 1721 4498 1966 4551; x_wconf 84' lang='lat' dir='ltr'><strong>resurre-</strong></span> 
     </span>
    </p>
   </div>
   <div class='ocr_carea' id='block_1_47' title="bbox 384 4571 1966 4645">
    <p class='ocr_par' dir='ltr' id='par_1_47' title="bbox 384 4571 1966 4645">
     <span class='ocr_line' id='line_1_47' title="bbox 384 4571 1966 4645; baseline 0.001 -17"><span class='ocrx_word' id='word_1_372' title='bbox 384 4573 482 4629; x_wconf 82' lang='lat' dir='ltr'><strong>xit.</strong></span> <span class='ocrx_word' id='word_1_373' title='bbox 505 4574 571 4630; x_wconf 86' lang='lat' dir='ltr'><strong>Et</strong></span> <span class='ocrx_word' id='word_1_374' title='bbox 593 4573 883 4644; x_wconf 89' lang='lat' dir='ltr'><strong>quomodo,</strong></span> <span class='ocrx_word' id='word_1_375' title='bbox 904 4571 1045 4629; x_wconf 82' lang='lat' dir='ltr'><strong>dicet</strong></span> <span class='ocrx_word' id='word_1_376' title='bbox 1064 4573 1347 4644; x_wconf 86' lang='lat' dir='ltr'><strong>quispiam,</strong></span> <span class='ocrx_word' id='word_1_377' title='bbox 1380 4572 1667 4644; x_wconf 89' lang='lat' dir='ltr'><strong>poterimus</strong></span> <span class='ocrx_word' id='word_1_378' title='bbox 1687 4572 1966 4645; x_wconf 85' lang='lat' dir='ltr'><strong>nonnobis</strong></span> 
     </span>
    </p>
   </div>
   <div class='ocr_carea' id='block_1_48' title="bbox 384 4666 1962 4738">
    <p class='ocr_par' dir='ltr' id='par_1_48' title="bbox 384 4666 1962 4738">
     <span class='ocr_line' id='line_1_48' title="bbox 384 4666 1962 4738; baseline -0.001 -16"><span class='ocrx_word' id='word_1_379' title='bbox 384 4669 514 4738; x_wconf 87' lang='lat' dir='ltr'><strong>ipsis</strong></span> <span class='ocrx_word' id='word_1_380' title='bbox 536 4666 753 4725; x_wconf 78' lang='lat' dir='ltr'><strong>vivere?</strong></span> <span class='ocrx_word' id='word_1_381' title='bbox 781 4667 915 4722; x_wconf 77' lang='lat' dir='ltr'><strong>Audi</strong></span> <span class='ocrx_word' id='word_1_382' title='bbox 944 4667 1159 4723; x_wconf 89' lang='lat' dir='ltr'><strong>beatum</strong></span> <span class='ocrx_word' id='word_1_383' title='bbox 1206 4667 1377 4721; x_wconf 89' lang='lat' dir='ltr'><strong>virum</strong></span> <span class='ocrx_word' id='word_1_384' title='bbox 1421 4667 1613 4721; x_wconf 87' lang='lat' dir='ltr'><strong>iterum</strong></span> <span class='ocrx_word' id='word_1_385' title='bbox 1650 4666 1914 4721; x_wconf 91' lang='lat' dir='ltr'><strong>dicentem</strong></span> <span class='ocrx_word' id='word_1_386' title='bbox 1947 4683 1962 4720; x_wconf 90' lang='lat'><strong>:</strong></span> 
     </span>
    </p>
   </div>
   <div class='ocr_carea' id='block_1_49' title="bbox 391 4756 1979 4830">
    <p class='ocr_par' dir='ltr' id='par_1_49' title="bbox 391 4756 1979 4830">
     <span class='ocr_line' id='line_1_49' title="bbox 391 4756 1979 4830; baseline -0.004 -19"><span class='ocrx_word' id='word_1_387' title='bbox 391 4758 515 4814; x_wconf 75' lang='lat' dir='ltr'><strong>Viuo</strong></span> <span class='ocrx_word' id='word_1_388' title='bbox 541 4769 707 4813; x_wconf 87' lang='lat' dir='ltr'><strong>autem</strong></span> <span class='ocrx_word' id='word_1_389' title='bbox 745 4774 844 4814; x_wconf 88' lang='lat' dir='ltr'><strong>non</strong></span> <span class='ocrx_word' id='word_1_390' title='bbox 879 4760 994 4828; x_wconf 85' lang='lat' dir='ltr'><strong>jam</strong></span> <span class='ocrx_word' id='word_1_391' title='bbox 1022 4774 1114 4830; x_wconf 81' lang='lat' dir='ltr'><strong>ego</strong></span> <span class='ocrx_word' id='word_1_392' title='bbox 1140 4774 1158 4813; x_wconf 91' lang='lat'><strong>:</strong></span> <span class='ocrx_word' id='word_1_393' title='bbox 1196 4757 1313 4811; x_wconf 71' lang='lat' dir='ltr'><strong>vivit</strong></span> <span class='ocrx_word' id='word_1_394' title='bbox 1337 4767 1506 4811; x_wconf 85' lang='lat' dir='ltr'><strong>autem</strong></span> <span class='ocrx_word' id='word_1_395' title='bbox 1534 4757 1587 4817; x_wconf 84' lang='lat' dir='ltr'><strong>in</strong></span> <span class='ocrx_word' id='word_1_396' title='bbox 1615 4773 1693 4811; x_wconf 86' lang='lat' dir='ltr'><strong>me</strong></span> <span class='ocrx_word' id='word_1_397' title='bbox 1734 4756 1979 4811; x_wconf 17' lang='lat' dir='ltr'><strong>Christus.</strong></span> 
     </span>
    </p>
   </div>
   <div class='ocr_carea' id='block_1_50' title="bbox 382 4850 1965 4923">
    <p class='ocr_par' dir='ltr' id='par_1_50' title="bbox 382 4850 1965 4923">
     <span class='ocr_line' id='line_1_50' title="bbox 382 4850 1965 4923; baseline 0.001 -18"><span class='ocrx_word' id='word_1_398' title='bbox 382 4851 581 4919; x_wconf 72' lang='lat' dir='ltr'><strong>(Colat.</strong></span> <span class='ocrx_word' id='word_1_399' title='bbox 607 4850 663 4905; x_wconf 74' lang='lat'><strong>2.</strong></span> <span class='ocrx_word' id='word_1_400' title='bbox 694 4850 811 4923; x_wconf 71' lang='lat'><strong>20).</strong></span> <span class='ocrx_word' id='word_1_401' title='bbox 838 4850 969 4905; x_wconf 83' lang='lat' dir='ltr'><strong>Vide</strong></span> <span class='ocrx_word' id='word_1_402' title='bbox 994 4850 1261 4921; x_wconf 89' lang='lat' dir='ltr'><strong>quomodo</strong></span> <span class='ocrx_word' id='word_1_403' title='bbox 1287 4864 1449 4920; x_wconf 84' lang='lat' dir='ltr'><strong>super</strong></span> <span class='ocrx_word' id='word_1_404' title='bbox 1475 4857 1672 4906; x_wconf 84' lang='lat' dir='ltr'><strong>terram</strong></span> <span class='ocrx_word' id='word_1_405' title='bbox 1689 4850 1965 4907; x_wconf 83' lang='lat' dir='ltr'><strong>ambulans</strong></span> 
     </span>
    </p>
   </div>
   <div class='ocr_carea' id='block_1_51' title="bbox 388 4941 1967 5011">
    <p class='ocr_par' dir='ltr' id='par_1_51' title="bbox 388 4941 1967 5011">
     <span class='ocr_line' id='line_1_51' title="bbox 388 4941 1967 5011; baseline -0.001 -14"><span class='ocrx_word' id='word_1_406' title='bbox 388 4952 443 4997; x_wconf 87' lang='lat' dir='ltr'><strong>et</strong></span> <span class='ocrx_word' id='word_1_407' title='bbox 460 4957 621 4997; x_wconf 89' lang='lat' dir='ltr'><strong>carne</strong></span> <span class='ocrx_word' id='word_1_408' title='bbox 642 4942 1020 5009; x_wconf 86' lang='lat' dir='ltr'><strong>circumdatus,</strong></span> <span class='ocrx_word' id='word_1_409' title='bbox 1037 4942 1187 5011; x_wconf 90' lang='lat' dir='ltr'><strong>quasi</strong></span> <span class='ocrx_word' id='word_1_410' title='bbox 1207 4942 1396 4997; x_wconf 61' lang='lat' dir='ltr'><strong>calum</strong></span> <span class='ocrx_word' id='word_1_411' title='bbox 1419 4941 1719 4997; x_wconf 86' lang='lat' dir='ltr'><strong>inhabitans</strong></span> <span class='ocrx_word' id='word_1_412' title='bbox 1745 4950 1800 4997; x_wconf 89' lang='lat' dir='ltr'><strong>et</strong></span> <span class='ocrx_word' id='word_1_413' title='bbox 1827 4942 1967 4996; x_wconf 88' lang='lat' dir='ltr'><strong>inter</strong></span> 
     </span>
    </p>
   </div>
   <div class='ocr_carea' id='block_1_52' title="bbox 385 5034 1965 5104">
    <p class='ocr_par' dir='ltr' id='par_1_52' title="bbox 385 5034 1965 5104">
     <span class='ocr_line' id='line_1_52' title="bbox 385 5034 1965 5104; baseline 0.001 -15"><span class='ocrx_word' id='word_1_414' title='bbox 385 5037 726 5104; x_wconf 89' lang='lat' dir='ltr'><strong>incorporeas</strong></span> <span class='ocrx_word' id='word_1_415' title='bbox 748 5037 970 5091; x_wconf 89' lang='lat' dir='ltr'><strong>virtutes</strong></span> <span class='ocrx_word' id='word_1_416' title='bbox 1003 5049 1221 5090; x_wconf 90' lang='lat' dir='ltr'><strong>versans</strong></span> <span class='ocrx_word' id='word_1_417' title='bbox 1252 5034 1532 5096; x_wconf 67' lang='lat' dir='ltr'><strong>afficiatur.</strong></span> <span class='ocrx_word' id='word_1_418' title='bbox 1576 5034 1804 5091; x_wconf 85' lang='lat' dir='ltr'><strong>Proinde</strong></span> <span class='ocrx_word' id='word_1_419' title='bbox 1841 5034 1965 5090; x_wconf 88' lang='lat' dir='ltr'><strong>alibi</strong></span> 
     </span>
    </p>
   </div>
   <div class='ocr_carea' id='block_1_53' title="bbox 384 5124 1966 5203">
    <p class='ocr_par' dir='ltr' id='par_1_53' title="bbox 384 5124 1966 5203">
     <span class='ocr_line' id='line_1_53' title="bbox 384 5124 1966 5203; baseline -0.001 -23"><span class='ocrx_word' id='word_1_420' title='bbox 384 5127 577 5193; x_wconf 84' lang='lat' dir='ltr'><strong>iterum</strong></span> <span class='ocrx_word' id='word_1_421' title='bbox 611 5127 858 5182; x_wconf 85' lang='lat' dir='ltr'><strong>dicebat:</strong></span> <span class='ocrx_word' id='word_1_422' title='bbox 892 5126 991 5192; x_wconf 87' lang='lat' dir='ltr'><strong>Qui</strong></span> <span class='ocrx_word' id='word_1_423' title='bbox 1007 5136 1173 5203; x_wconf 83' lang='lat' dir='ltr'><strong>autem</strong></span> <span class='ocrx_word' id='word_1_424' title='bbox 1196 5124 1381 5181; x_wconf 75' lang='lat' dir='ltr'><strong>Christi</strong></span> <span class='ocrx_word' id='word_1_425' title='bbox 1421 5136 1570 5192; x_wconf 83' lang='lat' dir='ltr'><strong>sunt,</strong></span> <span class='ocrx_word' id='word_1_426' title='bbox 1594 5142 1796 5180; x_wconf 86' lang='lat' dir='ltr'><strong>carnem</strong></span> <span class='ocrx_word' id='word_1_427' title='bbox 1818 5142 1966 5179; x_wconf 84' lang='lat' dir='ltr'><strong>suam</strong></span> 
     </span>
    </p>
   </div>
   <div class='ocr_carea' id='block_1_54' title="bbox 387 5216 1981 5290">
    <p class='ocr_par' dir='ltr' id='par_1_54' title="bbox 387 5216 1981 5290">
     <span class='ocr_line' id='line_1_54' title="bbox 387 5216 1981 5290; baseline -0.001 -17"><span class='ocrx_word' id='word_1_428' title='bbox 387 5221 746 5290; x_wconf 75' lang='lat' dir='ltr'><strong>cruciï¬xerunt</strong></span> <span class='ocrx_word' id='word_1_429' title='bbox 778 5234 892 5281; x_wconf 83' lang='lat' dir='ltr'><strong>cum</strong></span> <span class='ocrx_word' id='word_1_430' title='bbox 912 5217 1260 5284; x_wconf 77' lang='lat' dir='ltr'><strong>aï¬‚&#39;ectionibus</strong></span> <span class='ocrx_word' id='word_1_431' title='bbox 1289 5228 1336 5272; x_wconf 86' lang='lat' dir='ltr'><strong>et</strong></span> <span class='ocrx_word' id='word_1_432' title='bbox 1377 5219 1791 5287; x_wconf 82' lang='lat' dir='ltr'><strong>concupiscentiis</strong></span> <span class='ocrx_word' id='word_1_433' title='bbox 1815 5216 1981 5289; x_wconf 55' lang='grc' dir='ltr'><strong>(Î¸Î±Î¹-</strong></span> 
     </span>
    </p>
   </div>
   <div class='ocr_carea' id='block_1_55' title="bbox 382 5308 1965 5380">
    <p class='ocr_par' dir='ltr' id='par_1_55' title="bbox 382 5308 1965 5380">
     <span class='ocr_line' id='line_1_55' title="bbox 382 5308 1965 5380; baseline -0.001 -16"><span class='ocrx_word' id='word_1_434' title='bbox 382 5312 437 5364; x_wconf 85' lang='lat'><strong>5.</strong></span> <span class='ocrx_word' id='word_1_435' title='bbox 466 5310 582 5380; x_wconf 62' lang='lat' dir='ltr'><strong>ï¬t).</strong></span> <span class='ocrx_word' id='word_1_436' title='bbox 616 5308 728 5367; x_wconf 83' lang='lat' dir='ltr'><strong>[loc</strong></span> <span class='ocrx_word' id='word_1_437' title='bbox 752 5309 911 5379; x_wconf 78' lang='lat' dir='ltr'><strong>igitur</strong></span> <span class='ocrx_word' id='word_1_438' title='bbox 938 5319 1143 5363; x_wconf 90' lang='lat' dir='ltr'><strong>estnon</strong></span> <span class='ocrx_word' id='word_1_439' title='bbox 1178 5309 1412 5378; x_wconf 89' lang='lat' dir='ltr'><strong>sibiipsis</strong></span> <span class='ocrx_word' id='word_1_440' title='bbox 1455 5310 1653 5375; x_wconf 87' lang='lat' dir='ltr'><strong>vivere,</strong></span> <span class='ocrx_word' id='word_1_441' title='bbox 1676 5309 1769 5365; x_wconf 83' lang='lat' dir='ltr'><strong>sed</strong></span> <span class='ocrx_word' id='word_1_442' title='bbox 1798 5310 1847 5364; x_wconf 90' lang='lat' dir='ltr'><strong>ei</strong></span> <span class='ocrx_word' id='word_1_443' title='bbox 1875 5310 1965 5380; x_wconf 92' lang='lat' dir='ltr'><strong>qui</strong></span> 
     </span>
    </p>
   </div>
   <div class='ocr_carea' id='block_1_56' title="bbox 386 5399 1985 5470">
    <p class='ocr_par' dir='ltr' id='par_1_56' title="bbox 386 5399 1985 5470">
     <span class='ocr_line' id='line_1_56' title="bbox 386 5399 1985 5470; baseline -0.001 -16"><span class='ocrx_word' id='word_1_444' title='bbox 386 5417 484 5470; x_wconf 90' lang='lat' dir='ltr'><strong>pro</strong></span> <span class='ocrx_word' id='word_1_445' title='bbox 528 5401 682 5455; x_wconf 86' lang='lat' dir='ltr'><strong>nobis</strong></span> <span class='ocrx_word' id='word_1_446' title='bbox 711 5408 954 5455; x_wconf 89' lang='lat' dir='ltr'><strong>mortuus</strong></span> <span class='ocrx_word' id='word_1_447' title='bbox 987 5408 1071 5454; x_wconf 88' lang='lat' dir='ltr'><strong>est</strong></span> <span class='ocrx_word' id='word_1_448' title='bbox 1096 5407 1151 5453; x_wconf 84' lang='lat' dir='ltr'><strong>et</strong></span> <span class='ocrx_word' id='word_1_449' title='bbox 1175 5401 1468 5453; x_wconf 89' lang='lat' dir='ltr'><strong>resurrexit</strong></span> <span class='ocrx_word' id='word_1_450' title='bbox 1512 5416 1525 5451; x_wconf 90' lang='lat'><strong>:</strong></span> <span class='ocrx_word' id='word_1_451' title='bbox 1573 5399 1785 5469; x_wconf 90' lang='lat' dir='ltr'><strong>quando</strong></span> <span class='ocrx_word' id='word_1_452' title='bbox 1815 5399 1985 5470; x_wconf 79' lang='lat' dir='ltr'><strong>quasi</strong></span> 
     </span>
    </p>
   </div>
   <div class='ocr_carea' id='block_1_57' title="bbox 387 5488 1965 5560">
    <p class='ocr_par' dir='ltr' id='par_1_57' title="bbox 387 5488 1965 5560">
     <span class='ocr_line' id='line_1_57' title="bbox 387 5488 1965 5560; baseline 0.001 -17"><span class='ocrx_word' id='word_1_453' title='bbox 387 5490 580 5550; x_wconf 85' lang='lat' dir='ltr'><strong>mortui</strong></span> <span class='ocrx_word' id='word_1_454' title='bbox 604 5504 791 5545; x_wconf 86' lang='lat' dir='ltr'><strong>sumus</strong></span> <span class='ocrx_word' id='word_1_455' title='bbox 821 5489 1068 5559; x_wconf 66' lang='lat' dir='ltr'><strong>praesenti</strong></span> <span class='ocrx_word' id='word_1_456' title='bbox 1096 5489 1238 5558; x_wconf 83' lang='lat' dir='ltr'><strong>vitae,</strong></span> <span class='ocrx_word' id='word_1_457' title='bbox 1270 5498 1324 5543; x_wconf 91' lang='lat' dir='ltr'><strong>et</strong></span> <span class='ocrx_word' id='word_1_458' title='bbox 1352 5488 1480 5543; x_wconf 90' lang='lat' dir='ltr'><strong>nihil</strong></span> <span class='ocrx_word' id='word_1_459' title='bbox 1509 5504 1694 5547; x_wconf 84' lang='lat' dir='ltr'><strong>eorum</strong></span> <span class='ocrx_word' id='word_1_460' title='bbox 1721 5505 1840 5560; x_wconf 62' lang='lat' dir='ltr'><strong>quae</strong></span> <span class='ocrx_word' id='word_1_461' title='bbox 1885 5491 1965 5545; x_wconf 89' lang='lat' dir='ltr'><strong>vi-</strong></span> 
     </span>
    </p>
   </div>
   <div class='ocr_carea' id='block_1_58' title="bbox 386 5578 1979 5661">
    <p class='ocr_par' dir='ltr' id='par_1_58' title="bbox 386 5578 1979 5661">
     <span class='ocr_line' id='line_1_58' title="bbox 386 5578 1979 5661; baseline 0.004 -27"><span class='ocrx_word' id='word_1_462' title='bbox 386 5583 579 5636; x_wconf 84' lang='lat' dir='ltr'><strong>dentur</strong></span> <span class='ocrx_word' id='word_1_463' title='bbox 608 5622 625 5646; x_wconf 93' lang='lat'><strong>,</strong></span> <span class='ocrx_word' id='word_1_464' title='bbox 676 5581 1013 5661; x_wconf 72' lang='lat' dir='ltr'><strong>suspicimus.</strong></span> <span class='ocrx_word' id='word_1_465' title='bbox 1067 5578 1199 5634; x_wconf 84' lang='lat' dir='ltr'><strong>Nam</strong></span> <span class='ocrx_word' id='word_1_466' title='bbox 1238 5578 1436 5634; x_wconf 88' lang='lat' dir='ltr'><strong>idcirco</strong></span> <span class='ocrx_word' id='word_1_467' title='bbox 1483 5579 1738 5648; x_wconf 79' lang='lat' dir='ltr'><strong>Dominus</strong></span> <span class='ocrx_word' id='word_1_468' title='bbox 1783 5591 1979 5641; x_wconf 89' lang='lat' dir='ltr'><strong>noster.</strong></span> 
     </span>
    </p>
   </div>
   <div class='ocr_carea' id='block_1_59' title="bbox 385 5671 1985 5741">
    <p class='ocr_par' dir='ltr' id='par_1_59' title="bbox 385 5671 1985 5741">
     <span class='ocr_line' id='line_1_59' title="bbox 385 5671 1985 5741; baseline 0.001 -16"><span class='ocrx_word' id='word_1_469' title='bbox 385 5674 669 5737; x_wconf 78' lang='lat' dir='ltr'><strong>crucifixus</strong></span> <span class='ocrx_word' id='word_1_470' title='bbox 694 5682 800 5738; x_wconf 88' lang='lat' dir='ltr'><strong>est,</strong></span> <span class='ocrx_word' id='word_1_471' title='bbox 832 5682 890 5726; x_wconf 89' lang='lat' dir='ltr'><strong>ut</strong></span> <span class='ocrx_word' id='word_1_472' title='bbox 929 5671 1065 5726; x_wconf 91' lang='lat' dir='ltr'><strong>hanc</strong></span> <span class='ocrx_word' id='word_1_473' title='bbox 1095 5673 1257 5727; x_wconf 62' lang='lat' dir='ltr'><strong>vitam</strong></span> <span class='ocrx_word' id='word_1_474' title='bbox 1282 5686 1379 5741; x_wconf 83' lang='lat' dir='ltr'><strong>pro</strong></span> <span class='ocrx_word' id='word_1_475' title='bbox 1404 5671 1493 5727; x_wconf 90' lang='lat' dir='ltr'><strong>illa</strong></span> <span class='ocrx_word' id='word_1_476' title='bbox 1537 5681 1925 5738; x_wconf 83' lang='lat' dir='ltr'><strong>commutemus</strong></span> <span class='ocrx_word' id='word_1_477' title='bbox 1948 5690 1985 5739; x_wconf 56' lang='grc'><strong>Í¾,,</strong></span> 
     </span>
    </p>
   </div>
   <div class='ocr_carea' id='block_1_60' title="bbox 302 5746 1966 5843">
    <p class='ocr_par' dir='ltr' id='par_1_60' title="bbox 302 5746 1966 5843">
     <span class='ocr_line' id='line_1_60' title="bbox 302 5746 1966 5843; baseline 0.004 -28"><span class='ocrx_word' id='word_1_478' title='bbox 302 5746 309 5753; x_wconf 65' lang='grc'><em>â€™</em></span> <span class='ocrx_word' id='word_1_479' title='bbox 392 5763 499 5816; x_wconf 84' lang='lat' dir='ltr'><strong>imo</strong></span> <span class='ocrx_word' id='word_1_480' title='bbox 520 5777 617 5833; x_wconf 83' lang='lat' dir='ltr'><strong>per</strong></span> <span class='ocrx_word' id='word_1_481' title='bbox 637 5762 774 5820; x_wconf 86' lang='lat' dir='ltr'><strong>hanc</strong></span> <span class='ocrx_word' id='word_1_482' title='bbox 805 5764 947 5829; x_wconf 82' lang='lat' dir='ltr'><strong>illam</strong></span> <span class='ocrx_word' id='word_1_483' title='bbox 981 5763 1519 5843; x_wconf 74' lang='lat' dir='ltr'><strong>nobis_negotieinur,</strong></span> <span class='ocrx_word' id='word_1_484' title='bbox 1552 5764 1793 5821; x_wconf 69' lang='lat' dir='ltr'><strong>Praesens</strong></span> <span class='ocrx_word' id='word_1_485' title='bbox 1820 5766 1966 5822; x_wconf 85' lang='lat' dir='ltr'><strong>enim</strong></span> 
     </span>
    </p>
   </div>
   <div class='ocr_carea' id='block_1_61' title="bbox 1062 341 2883 409">
    <p class='ocr_par' dir='ltr' id='par_1_61' title="bbox 1062 341 2883 409">
     <span class='ocr_line' id='line_1_61' title="bbox 1062 341 2883 409; baseline -0.002 -4"><span class='ocrx_word' id='word_1_486' title='bbox 1062 349 1121 405; x_wconf 84' lang='lat' dir='ltr'><strong>S.</strong></span> <span class='ocrx_word' id='word_1_487' title='bbox 1166 345 1441 405; x_wconf 66' lang='lat' dir='ltr'><strong>JOANNiS</strong></span> <span class='ocrx_word' id='word_1_488' title='bbox 1477 342 1953 405; x_wconf 72' lang='lat' dir='ltr'><strong>CIIRYSOSTOMI</strong></span> <span class='ocrx_word' id='word_1_489' title='bbox 1992 341 2307 403; x_wconf 76' lang='lat' dir='ltr'><strong>ARCï¬‚lEP.</strong></span> <span class='ocrx_word' id='word_1_490' title='bbox 2347 343 2883 409; x_wconf 78' lang='lat' dir='ltr'><strong>CONSTANTINOP.</strong></span> 
     </span>
    </p>
   </div>
   <div class='ocr_carea' id='block_1_62' title="bbox 3529 349 3635 409">
    <p class='ocr_par' dir='ltr' id='par_1_62' title="bbox 3529 349 3635 409">
     <span class='ocr_line' id='line_1_62' title="bbox 3529 349 3635 409; baseline 0 -4"><span class='ocrx_word' id='word_1_491' title='bbox 3529 349 3635 409; x_wconf 68' lang='lat' dir='ltr'><strong>suo</strong></span> 
     </span>
    </p>
   </div>
   <div class='ocr_carea' id='block_1_63' title="bbox 2060 456 3637 530">
    <p class='ocr_par' dir='ltr' id='par_1_63' title="bbox 2060 456 3637 530">
     <span class='ocr_line' id='line_1_63' title="bbox 2060 456 3637 530; baseline 0.004 -19"><span class='ocrx_word' id='word_1_492' title='bbox 2060 456 2183 523; x_wconf 88' lang='lat' dir='ltr'><strong>vita,</strong></span> <span class='ocrx_word' id='word_1_493' title='bbox 2220 458 2264 512; x_wconf 91' lang='lat' dir='ltr'><strong>si</strong></span> <span class='ocrx_word' id='word_1_494' title='bbox 2296 457 2543 514; x_wconf 86' lang='lat' dir='ltr'><strong>volumus</strong></span> <span class='ocrx_word' id='word_1_495' title='bbox 2571 473 2690 514; x_wconf 89' lang='lat' dir='ltr'><strong>esse</strong></span> <span class='ocrx_word' id='word_1_496' title='bbox 2716 459 2879 514; x_wconf 88' lang='lat' dir='ltr'><strong>sobrii</strong></span> <span class='ocrx_word' id='word_1_497' title='bbox 2907 466 2962 514; x_wconf 92' lang='lat' dir='ltr'><strong>et</strong></span> <span class='ocrx_word' id='word_1_498' title='bbox 2986 457 3171 530; x_wconf 86' lang='lat' dir='ltr'><strong>vigiles</strong></span> <span class='ocrx_word' id='word_1_499' title='bbox 3191 499 3208 527; x_wconf 92' lang='lat'><strong>,</strong></span> <span class='ocrx_word' id='word_1_500' title='bbox 3253 458 3399 516; x_wconf 89' lang='lat' dir='ltr'><strong>ducit</strong></span> <span class='ocrx_word' id='word_1_501' title='bbox 3442 476 3543 518; x_wconf 80' lang='lat' dir='ltr'><strong>nos</strong></span> <span class='ocrx_word' id='word_1_502' title='bbox 3570 465 3637 517; x_wconf 87' lang='lat' dir='ltr'><strong>ad</strong></span> 
     </span>
    </p>
   </div>
   <div class='ocr_carea' id='block_1_64' title="bbox 2057 548 3640 623">
    <p class='ocr_par' dir='ltr' id='par_1_64' title="bbox 2057 548 3640 623">
     <span class='ocr_line' id='line_1_64' title="bbox 2057 548 3640 623; baseline 0.004 -22"><span class='ocrx_word' id='word_1_503' title='bbox 2057 548 2360 603; x_wconf 87' lang='lat' dir='ltr'><strong>fruitionem</strong></span> <span class='ocrx_word' id='word_1_504' title='bbox 2390 549 2510 605; x_wconf 62' lang='lat' dir='ltr'><strong>vitae</strong></span> <span class='ocrx_word' id='word_1_505' title='bbox 2540 559 2755 606; x_wconf 68' lang='lat' dir='ltr'><strong>aeterna:</strong></span> <span class='ocrx_word' id='word_1_506' title='bbox 2787 566 2802 604; x_wconf 95' lang='lat'><strong>:</strong></span> <span class='ocrx_word' id='word_1_507' title='bbox 2834 558 2995 620; x_wconf 88' lang='lat' dir='ltr'><strong>atque</strong></span> <span class='ocrx_word' id='word_1_508' title='bbox 3020 551 3331 620; x_wconf 89' lang='lat' dir='ltr'><strong>poterimus,</strong></span> <span class='ocrx_word' id='word_1_509' title='bbox 3348 568 3395 608; x_wconf 72' lang='lat' dir='ltr'><strong>sn</strong></span> <span class='ocrx_word' id='word_1_510' title='bbox 3424 568 3640 623; x_wconf 80' lang='lat' dir='ltr'><strong>parumâ€”</strong></span> 
     </span>
    </p>
   </div>
   <div class='ocr_carea' id='block_1_65' title="bbox 2057 639 3639 712">
    <p class='ocr_par' dir='ltr' id='par_1_65' title="bbox 2057 639 3639 712">
     <span class='ocr_line' id='line_1_65' title="bbox 2057 639 3639 712; baseline 0.003 -19"><span class='ocrx_word' id='word_1_511' title='bbox 2057 654 2155 708; x_wconf 88' lang='lat' dir='ltr'><strong>per</strong></span> <span class='ocrx_word' id='word_1_512' title='bbox 2183 639 2511 695; x_wconf 86' lang='lat' dir='ltr'><strong>voluerimus</strong></span> <span class='ocrx_word' id='word_1_513' title='bbox 2554 640 2773 710; x_wconf 82' lang='lat' dir='ltr'><strong>vigilare</strong></span> <span class='ocrx_word' id='word_1_514' title='bbox 2818 649 2873 695; x_wconf 90' lang='lat' dir='ltr'><strong>et</strong></span> <span class='ocrx_word' id='word_1_515' title='bbox 2909 641 3118 710; x_wconf 90' lang='lat' dir='ltr'><strong>aperire</strong></span> <span class='ocrx_word' id='word_1_516' title='bbox 3157 643 3351 696; x_wconf 90' lang='lat' dir='ltr'><strong>mentis</strong></span> <span class='ocrx_word' id='word_1_517' title='bbox 3385 644 3639 712; x_wconf 90' lang='lat' dir='ltr'><strong>oculum,</strong></span> 
     </span>
    </p>
   </div>
   <div class='ocr_carea' id='block_1_66' title="bbox 2055 728 3643 801">
    <p class='ocr_par' dir='ltr' id='par_1_66' title="bbox 2055 728 3643 801">
     <span class='ocr_line' id='line_1_66' title="bbox 2055 728 3643 801; baseline 0.003 -17"><span class='ocrx_word' id='word_1_518' title='bbox 2055 729 2250 800; x_wconf 91' lang='lat' dir='ltr'><strong>quietis</strong></span> <span class='ocrx_word' id='word_1_519' title='bbox 2292 728 2435 784; x_wconf 86' lang='lat' dir='ltr'><strong>illius</strong></span> <span class='ocrx_word' id='word_1_520' title='bbox 2482 744 2697 798; x_wconf 87' lang='lat' dir='ltr'><strong>semper</strong></span> <span class='ocrx_word' id='word_1_521' title='bbox 2744 729 2884 801; x_wconf 90' lang='lat' dir='ltr'><strong>apud</strong></span> <span class='ocrx_word' id='word_1_522' title='bbox 2937 745 3034 785; x_wconf 86' lang='lat' dir='ltr'><strong>nos</strong></span> <span class='ocrx_word' id='word_1_523' title='bbox 3076 731 3421 798; x_wconf 86' lang='lat' dir='ltr'><strong>meminisse;</strong></span> <span class='ocrx_word' id='word_1_524' title='bbox 3471 743 3526 788; x_wconf 89' lang='lat' dir='ltr'><strong>et</strong></span> <span class='ocrx_word' id='word_1_525' title='bbox 3573 735 3643 788; x_wconf 86' lang='lat' dir='ltr'><strong>ita</strong></span> 
     </span>
    </p>
   </div>
   <div class='ocr_carea' id='block_1_67' title="bbox 2057 821 3645 892">
    <p class='ocr_par' dir='ltr' id='par_1_67' title="bbox 2057 821 3645 892">
     <span class='ocr_line' id='line_1_67' title="bbox 2057 821 3645 892; baseline 0.005 -19"><span class='ocrx_word' id='word_1_526' title='bbox 2057 821 2341 890; x_wconf 67' lang='lat' dir='ltr'><strong>praesentia</strong></span> <span class='ocrx_word' id='word_1_527' title='bbox 2368 822 2645 890; x_wconf 63' lang='lat' dir='ltr'><strong>praeterire</strong></span> <span class='ocrx_word' id='word_1_528' title='bbox 2673 836 2736 877; x_wconf 88' lang='lat' dir='ltr'><strong>ac</strong></span> <span class='ocrx_word' id='word_1_529' title='bbox 2752 822 3153 892; x_wconf 70' lang='lat' dir='ltr'><strong>praetervolare,</strong></span> <span class='ocrx_word' id='word_1_530' title='bbox 3179 822 3247 877; x_wconf 88' lang='lat' dir='ltr'><strong>ad</strong></span> <span class='ocrx_word' id='word_1_531' title='bbox 3267 822 3445 879; x_wconf 86' lang='lat' dir='ltr'><strong>futura</strong></span> <span class='ocrx_word' id='word_1_532' title='bbox 3465 836 3645 881; x_wconf 86' lang='lat' dir='ltr'><strong>autem</strong></span> 
     </span>
    </p>
   </div>
   <div class='ocr_carea' id='block_1_68' title="bbox 2056 912 3647 991">
    <p class='ocr_par' dir='ltr' id='par_1_68' title="bbox 2056 912 3647 991">
     <span class='ocr_line' id='line_1_68' title="bbox 2056 912 3647 991; baseline 0.004 -24"><span class='ocrx_word' id='word_1_533' title='bbox 2056 921 2113 967; x_wconf 91' lang='lat' dir='ltr'><strong>et</strong></span> <span class='ocrx_word' id='word_1_534' title='bbox 2141 926 2354 982; x_wconf 91' lang='lat' dir='ltr'><strong>semper</strong></span> <span class='ocrx_word' id='word_1_535' title='bbox 2378 912 2623 968; x_wconf 90' lang='lat' dir='ltr'><strong>durantia</strong></span> <span class='ocrx_word' id='word_1_536' title='bbox 2662 924 2894 971; x_wconf 88' lang='lat' dir='ltr'><strong>mentem</strong></span> <span class='ocrx_word' id='word_1_537' title='bbox 2927 914 3241 980; x_wconf 89' lang='lat' dir='ltr'><strong>intendere;</strong></span> <span class='ocrx_word' id='word_1_538' title='bbox 3282 917 3422 991; x_wconf 86' lang='lat' dir='ltr'><strong>sicut</strong></span> <span class='ocrx_word' id='word_1_539' title='bbox 3458 916 3647 974; x_wconf 86' lang='lat' dir='ltr'><strong>beatus</strong></span> 
     </span>
    </p>
   </div>
   <div class='ocr_carea' id='block_1_69' title="bbox 2059 1003 3648 1074">
    <p class='ocr_par' dir='ltr' id='par_1_69' title="bbox 2059 1003 3648 1074">
     <span class='ocr_line' id='line_1_69' title="bbox 2059 1003 3648 1074; baseline 0.005 -16"><span class='ocrx_word' id='word_1_540' title='bbox 2059 1003 2152 1059; x_wconf 79' lang='lat' dir='ltr'><strong>ille</strong></span> <span class='ocrx_word' id='word_1_541' title='bbox 2192 1019 2292 1059; x_wconf 92' lang='lat' dir='ltr'><strong>nos</strong></span> <span class='ocrx_word' id='word_1_542' title='bbox 2338 1005 2569 1061; x_wconf 87' lang='lat' dir='ltr'><strong>erudivit</strong></span> <span class='ocrx_word' id='word_1_543' title='bbox 2611 1005 2832 1062; x_wconf 89' lang='lat' dir='ltr'><strong>dicens:</strong></span> <span class='ocrx_word' id='word_1_544' title='bbox 2869 1006 3020 1074; x_wconf 85' lang='lat' dir='ltr'><strong>Quod</strong></span> <span class='ocrx_word' id='word_1_545' title='bbox 3060 1018 3228 1062; x_wconf 85' lang='lat' dir='ltr'><strong>autem</strong></span> <span class='ocrx_word' id='word_1_546' title='bbox 3269 1026 3405 1064; x_wconf 83' lang='lat' dir='ltr'><strong>nunc</strong></span> <span class='ocrx_word' id='word_1_547' title='bbox 3440 1012 3551 1065; x_wconf 77' lang='lat' dir='ltr'><strong>rivo</strong></span> <span class='ocrx_word' id='word_1_548' title='bbox 3590 1013 3648 1067; x_wconf 80' lang='lat' dir='ltr'><strong>in</strong></span> 
     </span>
    </p>
   </div>
   <div class='ocr_carea' id='block_1_70' title="bbox 2057 1095 3647 1169">
    <p class='ocr_par' dir='ltr' id='par_1_70' title="bbox 2057 1095 3647 1169">
     <span class='ocr_line' id='line_1_70' title="bbox 2057 1095 3647 1169; baseline 0.005 -22"><span class='ocrx_word' id='word_1_549' title='bbox 2057 1110 2229 1160; x_wconf 84' lang='lat' dir='ltr'><strong>carne,</strong></span> <span class='ocrx_word' id='word_1_550' title='bbox 2261 1095 2315 1149; x_wconf 82' lang='lat' dir='ltr'><strong>in</strong></span> <span class='ocrx_word' id='word_1_551' title='bbox 2341 1096 2445 1163; x_wconf 80' lang='lat' dir='ltr'><strong>ï¬de</strong></span> <span class='ocrx_word' id='word_1_552' title='bbox 2468 1097 2577 1151; x_wconf 74' lang='lat' dir='ltr'><strong>uitio</strong></span> <span class='ocrx_word' id='word_1_553' title='bbox 2607 1095 2735 1151; x_wconf 84' lang='lat' dir='ltr'><strong>Filii</strong></span> <span class='ocrx_word' id='word_1_554' title='bbox 2754 1096 2872 1162; x_wconf 86' lang='lat' dir='ltr'><strong>Dei,</strong></span> <span class='ocrx_word' id='word_1_555' title='bbox 2904 1098 2990 1169; x_wconf 78' lang='lat' dir='ltr'><strong>qui</strong></span> <span class='ocrx_word' id='word_1_556' title='bbox 3017 1099 3193 1154; x_wconf 72' lang='lat' dir='ltr'><strong>dilexit</strong></span> <span class='ocrx_word' id='word_1_557' title='bbox 3220 1115 3318 1169; x_wconf 86' lang='lat' dir='ltr'><strong>me,</strong></span> <span class='ocrx_word' id='word_1_558' title='bbox 3345 1110 3395 1155; x_wconf 77' lang='lat' dir='ltr'><strong>et</strong></span> <span class='ocrx_word' id='word_1_559' title='bbox 3434 1102 3647 1155; x_wconf 80' lang='lat' dir='ltr'><strong>tradidit</strong></span> 
     </span>
    </p>
   </div>
   <div class='ocr_carea' id='block_1_71' title="bbox 2058 1185 3057 1256">
    <p class='ocr_par' dir='ltr' id='par_1_71' title="bbox 2058 1185 3057 1256">
     <span class='ocr_line' id='line_1_71' title="bbox 2058 1185 3057 1256; baseline 0.005 -18"><span class='ocrx_word' id='word_1_560' title='bbox 2058 1186 2380 1254; x_wconf 83' lang='lat' dir='ltr'><strong>semetipsum</strong></span> <span class='ocrx_word' id='word_1_561' title='bbox 2405 1202 2499 1256; x_wconf 88' lang='lat' dir='ltr'><strong>pro</strong></span> <span class='ocrx_word' id='word_1_562' title='bbox 2523 1202 2603 1241; x_wconf 87' lang='lat' dir='ltr'><strong>me</strong></span> <span class='ocrx_word' id='word_1_563' title='bbox 2627 1185 2822 1256; x_wconf 86' lang='lat' dir='ltr'><strong>(Galat.</strong></span> <span class='ocrx_word' id='word_1_564' title='bbox 2852 1188 2908 1243; x_wconf 76' lang='grc'><strong>2.</strong></span> <span class='ocrx_word' id='word_1_565' title='bbox 2939 1186 3057 1255; x_wconf 76' lang='grc'><strong>21)).</strong></span> 
     </span>
    </p>
   </div>
   <div class='ocr_carea' id='block_1_72' title="bbox 2129 1273 3643 1353">
    <p class='ocr_par' dir='ltr' id='par_1_72' title="bbox 2129 1273 3643 1353">
     <span class='ocr_line' id='line_1_72' title="bbox 2129 1273 3643 1353; baseline 0.005 -22"><span class='ocrx_word' id='word_1_566' title='bbox 2129 1273 2184 1331; x_wconf 89' lang='grc'><strong>6.</strong></span> <span class='ocrx_word' id='word_1_567' title='bbox 2228 1274 2360 1330; x_wconf 89' lang='lat' dir='ltr'><strong>Vide</strong></span> <span class='ocrx_word' id='word_1_568' title='bbox 2407 1277 2643 1331; x_wconf 88' lang='lat' dir='ltr'><strong>animam</strong></span> <span class='ocrx_word' id='word_1_569' title='bbox 2690 1278 2812 1348; x_wconf 87' lang='lat' dir='ltr'><strong>igne</strong></span> <span class='ocrx_word' id='word_1_570' title='bbox 2857 1292 3190 1353; x_wconf 85' lang='lat' dir='ltr'><strong>succensam,</strong></span> <span class='ocrx_word' id='word_1_571' title='bbox 3237 1280 3359 1337; x_wconf 88' lang='lat' dir='ltr'><strong>vide</strong></span> <span class='ocrx_word' id='word_1_572' title='bbox 3406 1293 3643 1339; x_wconf 88' lang='lat' dir='ltr'><strong>mentem</strong></span> 
     </span>
    </p>
   </div>
   <div class='ocr_carea' id='block_1_73' title="bbox 2058 1366 3649 1449">
    <p class='ocr_par' dir='ltr' id='par_1_73' title="bbox 2058 1366 3649 1449">
     <span class='ocr_line' id='line_1_73' title="bbox 2058 1366 3649 1449; baseline 0.004 -26"><span class='ocrx_word' id='word_1_573' title='bbox 2058 1366 2274 1436; x_wconf 87' lang='lat' dir='ltr'><strong>alatam,</strong></span> <span class='ocrx_word' id='word_1_574' title='bbox 2300 1368 2421 1424; x_wconf 89' lang='lat' dir='ltr'><strong>vide</strong></span> <span class='ocrx_word' id='word_1_575' title='bbox 2451 1369 2711 1443; x_wconf 81' lang='lat' dir='ltr'><strong>rationem</strong></span> <span class='ocrx_word' id='word_1_576' title='bbox 2757 1370 3028 1429; x_wconf 89' lang='lat' dir='ltr'><strong>incensam</strong></span> <span class='ocrx_word' id='word_1_577' title='bbox 3068 1372 3162 1428; x_wconf 85' lang='lat' dir='ltr'><strong>Dei</strong></span> <span class='ocrx_word' id='word_1_578' title='bbox 3201 1388 3402 1449; x_wconf 82' lang='lat' dir='ltr'><strong>amore.</strong></span> <span class='ocrx_word' id='word_1_579' title='bbox 3450 1375 3600 1441; x_wconf 83' lang='lat' dir='ltr'><strong>Quod</strong></span> <span class='ocrx_word' id='word_1_580' title='bbox 3623 1417 3649 1445; x_wconf 72' lang='grc'><em>,</em></span> 
     </span>
    </p>
   </div>
   <div class='ocr_carea' id='block_1_74' title="bbox 2059 1457 3647 1539">
    <p class='ocr_par' dir='ltr' id='par_1_74' title="bbox 2059 1457 3647 1539">
     <span class='ocr_line' id='line_1_74' title="bbox 2059 1457 3647 1539; baseline 0.006 -26"><span class='ocrx_word' id='word_1_581' title='bbox 2059 1457 2250 1529; x_wconf 89' lang='lat' dir='ltr'><strong>inquit,</strong></span> <span class='ocrx_word' id='word_1_582' title='bbox 2277 1476 2412 1512; x_wconf 84' lang='lat' dir='ltr'><strong>nunc</strong></span> <span class='ocrx_word' id='word_1_583' title='bbox 2436 1463 2566 1527; x_wconf 76' lang='lat' dir='ltr'><strong>rivo,</strong></span> <span class='ocrx_word' id='word_1_584' title='bbox 2588 1460 2640 1513; x_wconf 85' lang='lat' dir='ltr'><strong>in</strong></span> <span class='ocrx_word' id='word_1_585' title='bbox 2669 1461 2771 1529; x_wconf 81' lang='lat' dir='ltr'><strong>ï¬de</strong></span> <span class='ocrx_word' id='word_1_586' title='bbox 2797 1462 2926 1519; x_wconf 81' lang='lat' dir='ltr'><strong>vivo.</strong></span> <span class='ocrx_word' id='word_1_587' title='bbox 2968 1462 3047 1539; x_wconf 64' lang='lat' dir='ltr'><strong>Ne</strong></span> <span class='ocrx_word' id='word_1_588' title='bbox 3072 1464 3238 1530; x_wconf 91' lang='lat' dir='ltr'><strong>enim,</strong></span> <span class='ocrx_word' id='word_1_589' title='bbox 3266 1465 3460 1539; x_wconf 81' lang='lat' dir='ltr'><strong>inquit,</strong></span> <span class='ocrx_word' id='word_1_590' title='bbox 3487 1477 3647 1537; x_wconf 83' lang='lat' dir='ltr'><strong>pute-</strong></span> 
     </span>
    </p>
   </div>
   <div class='ocr_carea' id='block_1_75' title="bbox 2062 1549 3649 1625">
    <p class='ocr_par' dir='ltr' id='par_1_75' title="bbox 2062 1549 3649 1625">
     <span class='ocr_line' id='line_1_75' title="bbox 2062 1549 3649 1625; baseline 0.009 -22"><span class='ocrx_word' id='word_1_591' title='bbox 2062 1550 2131 1604; x_wconf 89' lang='lat' dir='ltr'><strong>tis</strong></span> <span class='ocrx_word' id='word_1_592' title='bbox 2158 1565 2243 1605; x_wconf 89' lang='lat' dir='ltr'><strong>me</strong></span> <span class='ocrx_word' id='word_1_593' title='bbox 2273 1549 2448 1606; x_wconf 86' lang='lat' dir='ltr'><strong>facere</strong></span> <span class='ocrx_word' id='word_1_594' title='bbox 2485 1552 2683 1623; x_wconf 89' lang='lat' dir='ltr'><strong>aliquid</strong></span> <span class='ocrx_word' id='word_1_595' title='bbox 2713 1569 2893 1609; x_wconf 89' lang='lat' dir='ltr'><strong>rerum</strong></span> <span class='ocrx_word' id='word_1_596' title='bbox 2923 1553 3081 1625; x_wconf 87' lang='lat' dir='ltr'><strong>hujus</strong></span> <span class='ocrx_word' id='word_1_597' title='bbox 3109 1556 3231 1611; x_wconf 65' lang='lat' dir='ltr'><strong>vitae</strong></span> <span class='ocrx_word' id='word_1_598' title='bbox 3273 1572 3456 1621; x_wconf 85' lang='lat' dir='ltr'><strong>causa.</strong></span> <span class='ocrx_word' id='word_1_599' title='bbox 3512 1558 3649 1617; x_wconf 83' lang='lat' dir='ltr'><strong>Nam</strong></span> 
     </span>
    </p>
   </div>
   <div class='ocr_carea' id='block_1_76' title="bbox 2064 1641 3651 1720">
    <p class='ocr_par' dir='ltr' id='par_1_76' title="bbox 2064 1641 3651 1720">
     <span class='ocr_line' id='line_1_76' title="bbox 2064 1641 3651 1720; baseline 0.008 -25"><span class='ocrx_word' id='word_1_600' title='bbox 2064 1641 2186 1696; x_wconf 93' lang='lat' dir='ltr'><strong>licet</strong></span> <span class='ocrx_word' id='word_1_601' title='bbox 2206 1658 2365 1697; x_wconf 89' lang='lat' dir='ltr'><strong>carne</strong></span> <span class='ocrx_word' id='word_1_602' title='bbox 2386 1643 2741 1701; x_wconf 89' lang='lat' dir='ltr'><strong>circumdatus</strong></span> <span class='ocrx_word' id='word_1_603' title='bbox 2763 1646 2885 1711; x_wconf 88' lang='lat' dir='ltr'><strong>sim,</strong></span> <span class='ocrx_word' id='word_1_604' title='bbox 2910 1648 3421 1720; x_wconf 85' lang='lat' dir='ltr'><strong>necessitatibusque</strong></span> <span class='ocrx_word' id='word_1_605' title='bbox 3445 1660 3651 1719; x_wconf 54' lang='lat' dir='ltr'><strong>naturae,</strong></span> 
     </span>
    </p>
   </div>
   <div class='ocr_carea' id='block_1_77' title="bbox 2062 1732 3647 1807">
    <p class='ocr_par' dir='ltr' id='par_1_77' title="bbox 2062 1732 3647 1807">
     <span class='ocr_line' id='line_1_77' title="bbox 2062 1732 3647 1807; baseline 0.008 -23"><span class='ocrx_word' id='word_1_606' title='bbox 2062 1732 2308 1803; x_wconf 89' lang='lat' dir='ltr'><strong>alligatus</strong></span> <span class='ocrx_word' id='word_1_607' title='bbox 2336 1750 2349 1786; x_wconf 92' lang='lat'><strong>:</strong></span> <span class='ocrx_word' id='word_1_608' title='bbox 2378 1733 2430 1788; x_wconf 90' lang='lat' dir='ltr'><strong>in</strong></span> <span class='ocrx_word' id='word_1_609' title='bbox 2465 1734 2569 1790; x_wconf 89' lang='lat' dir='ltr'><strong>fide</strong></span> <span class='ocrx_word' id='word_1_610' title='bbox 2611 1744 2788 1791; x_wconf 88' lang='lat' dir='ltr'><strong>tamen</strong></span> <span class='ocrx_word' id='word_1_611' title='bbox 2819 1737 2959 1802; x_wconf 87' lang='lat' dir='ltr'><strong>vivo,</strong></span> <span class='ocrx_word' id='word_1_612' title='bbox 2988 1752 3108 1807; x_wconf 67' lang='lat' dir='ltr'><strong>qua:</strong></span> <span class='ocrx_word' id='word_1_613' title='bbox 3132 1747 3217 1793; x_wconf 89' lang='lat' dir='ltr'><strong>est</strong></span> <span class='ocrx_word' id='word_1_614' title='bbox 3253 1739 3307 1795; x_wconf 92' lang='lat' dir='ltr'><strong>in</strong></span> <span class='ocrx_word' id='word_1_615' title='bbox 3334 1736 3604 1796; x_wconf 82' lang='lat' dir='ltr'><strong>Christum</strong></span> <span class='ocrx_word' id='word_1_616' title='bbox 3625 1784 3647 1807; x_wconf 91' lang='lat'><strong>,</strong></span> 
     </span>
    </p>
   </div>
   <div class='ocr_carea' id='block_1_78' title="bbox 2062 1824 3651 1901">
    <p class='ocr_par' dir='ltr' id='par_1_78' title="bbox 2062 1824 3651 1901">
     <span class='ocr_line' id='line_1_78' title="bbox 2062 1824 3651 1901; baseline 0.005 -20"><span class='ocrx_word' id='word_1_617' title='bbox 2062 1824 2364 1895; x_wconf 85' lang='lat' dir='ltr'><strong>despiciens</strong></span> <span class='ocrx_word' id='word_1_618' title='bbox 2388 1827 2566 1882; x_wconf 85' lang='lat' dir='ltr'><strong>omnia</strong></span> <span class='ocrx_word' id='word_1_619' title='bbox 2593 1830 2891 1898; x_wconf 67' lang='lat' dir='ltr'><strong>praesentia,</strong></span> <span class='ocrx_word' id='word_1_620' title='bbox 2917 1838 2975 1885; x_wconf 91' lang='lat' dir='ltr'><strong>et</strong></span> <span class='ocrx_word' id='word_1_621' title='bbox 3001 1844 3098 1900; x_wconf 89' lang='lat' dir='ltr'><strong>spe</strong></span> <span class='ocrx_word' id='word_1_622' title='bbox 3142 1846 3263 1901; x_wconf 77' lang='lat' dir='ltr'><strong>qua:</strong></span> <span class='ocrx_word' id='word_1_623' title='bbox 3292 1832 3346 1887; x_wconf 91' lang='lat' dir='ltr'><strong>in</strong></span> <span class='ocrx_word' id='word_1_624' title='bbox 3394 1832 3538 1888; x_wconf 88' lang='lat' dir='ltr'><strong>illum</strong></span> <span class='ocrx_word' id='word_1_625' title='bbox 3566 1844 3651 1889; x_wconf 84' lang='lat' dir='ltr'><strong>est</strong></span> 
     </span>
    </p>
   </div>
   <div class='ocr_carea' id='block_1_79' title="bbox 2062 1915 3653 1986">
    <p class='ocr_par' dir='ltr' id='par_1_79' title="bbox 2062 1915 3653 1986">
     <span class='ocr_line' id='line_1_79' title="bbox 2062 1915 3653 1986; baseline 0.006 -17"><span class='ocrx_word' id='word_1_626' title='bbox 2062 1915 2243 1971; x_wconf 86' lang='lat' dir='ltr'><strong>omnia</strong></span> <span class='ocrx_word' id='word_1_627' title='bbox 2272 1925 2686 1986; x_wconf 66' lang='lat' dir='ltr'><strong>praetercurrens</strong></span> <span class='ocrx_word' id='word_1_628' title='bbox 2704 1958 2724 1985; x_wconf 94' lang='lat'><strong>,</strong></span> <span class='ocrx_word' id='word_1_629' title='bbox 2745 1918 3004 1979; x_wconf 86' lang='lat' dir='ltr'><strong>intentam</strong></span> <span class='ocrx_word' id='word_1_630' title='bbox 3034 1920 3087 1974; x_wconf 90' lang='lat' dir='ltr'><strong>in</strong></span> <span class='ocrx_word' id='word_1_631' title='bbox 3119 1921 3263 1977; x_wconf 90' lang='lat' dir='ltr'><strong>illum</strong></span> <span class='ocrx_word' id='word_1_632' title='bbox 3291 1932 3525 1978; x_wconf 89' lang='lat' dir='ltr'><strong>mentem</strong></span> <span class='ocrx_word' id='word_1_633' title='bbox 3556 1924 3653 1978; x_wconf 85' lang='lat' dir='ltr'><strong>ha-</strong></span> 
     </span>
    </p>
   </div>
   <div class='ocr_carea' id='block_1_80' title="bbox 2064 2004 3651 2085">
    <p class='ocr_par' dir='ltr' id='par_1_80' title="bbox 2064 2004 3651 2085">
     <span class='ocr_line' id='line_1_80' title="bbox 2064 2004 3651 2085; baseline 0.006 -24"><span class='ocrx_word' id='word_1_634' title='bbox 2064 2004 2186 2062; x_wconf 86' lang='lat' dir='ltr'><strong>beo.</strong></span> <span class='ocrx_word' id='word_1_635' title='bbox 2243 2006 2481 2077; x_wconf 88' lang='lat' dir='ltr'><strong>Denique</strong></span> <span class='ocrx_word' id='word_1_636' title='bbox 2528 2018 2586 2063; x_wconf 90' lang='lat' dir='ltr'><strong>ut</strong></span> <span class='ocrx_word' id='word_1_637' title='bbox 2625 2008 2802 2065; x_wconf 88' lang='lat' dir='ltr'><strong>discas</strong></span> <span class='ocrx_word' id='word_1_638' title='bbox 2839 2011 3210 2069; x_wconf 79' lang='lat' dir='ltr'><strong>excellentiam</strong></span> <span class='ocrx_word' id='word_1_639' title='bbox 3257 2015 3459 2070; x_wconf 91' lang='lat' dir='ltr'><strong>amoris</strong></span> <span class='ocrx_word' id='word_1_640' title='bbox 3497 2015 3651 2085; x_wconf 85' lang='lat' dir='ltr'><strong>ejus,</strong></span> 
     </span>
    </p>
   </div>
   <div class='ocr_carea' id='block_1_81' title="bbox 2063 2096 3655 2173">
    <p class='ocr_par' dir='ltr' id='par_1_81' title="bbox 2063 2096 3655 2173">
     <span class='ocr_line' id='line_1_81' title="bbox 2063 2096 3655 2173; baseline 0.007 -22"><span class='ocrx_word' id='word_1_641' title='bbox 2063 2096 2197 2153; x_wconf 89' lang='lat' dir='ltr'><strong>dicit</strong></span> <span class='ocrx_word' id='word_1_642' title='bbox 2226 2116 2239 2153; x_wconf 93' lang='lat'><strong>:</strong></span> <span class='ocrx_word' id='word_1_643' title='bbox 2269 2097 2337 2153; x_wconf 82' lang='lat' dir='ltr'><strong>In</strong></span> <span class='ocrx_word' id='word_1_644' title='bbox 2361 2099 2466 2169; x_wconf 75' lang='lat' dir='ltr'><strong>ï¬de</strong></span> <span class='ocrx_word' id='word_1_645' title='bbox 2483 2100 2591 2154; x_wconf 76' lang='lat' dir='ltr'><strong>vivo</strong></span> <span class='ocrx_word' id='word_1_646' title='bbox 2624 2099 2751 2155; x_wconf 85' lang='lat' dir='ltr'><strong>Filii</strong></span> <span class='ocrx_word' id='word_1_647' title='bbox 2776 2098 2897 2168; x_wconf 85' lang='lat' dir='ltr'><strong>Dei,</strong></span> <span class='ocrx_word' id='word_1_648' title='bbox 2924 2104 3011 2173; x_wconf 78' lang='lat' dir='ltr'><strong>qui</strong></span> <span class='ocrx_word' id='word_1_649' title='bbox 3036 2120 3115 2158; x_wconf 88' lang='lat' dir='ltr'><strong>me</strong></span> <span class='ocrx_word' id='word_1_650' title='bbox 3138 2104 3338 2172; x_wconf 75' lang='lat' dir='ltr'><strong>dilexit,</strong></span> <span class='ocrx_word' id='word_1_651' title='bbox 3362 2115 3411 2160; x_wconf 89' lang='lat' dir='ltr'><strong>et</strong></span> <span class='ocrx_word' id='word_1_652' title='bbox 3440 2108 3655 2163; x_wconf 79' lang='lat' dir='ltr'><strong>tradidit</strong></span> 
     </span>
    </p>
   </div>
   <div class='ocr_carea' id='block_1_82' title="bbox 2065 2189 3652 2268">
    <p class='ocr_par' dir='ltr' id='par_1_82' title="bbox 2065 2189 3652 2268">
     <span class='ocr_line' id='line_1_82' title="bbox 2065 2189 3652 2268; baseline 0.008 -27"><span class='ocrx_word' id='word_1_653' title='bbox 2065 2189 2389 2258; x_wconf 75' lang='lat' dir='ltr'><strong>semetipsum</strong></span> <span class='ocrx_word' id='word_1_654' title='bbox 2436 2204 2529 2259; x_wconf 89' lang='lat' dir='ltr'><strong>pro</strong></span> <span class='ocrx_word' id='word_1_655' title='bbox 2572 2206 2670 2245; x_wconf 89' lang='lat' dir='ltr'><strong>me.</strong></span> <span class='ocrx_word' id='word_1_656' title='bbox 2723 2190 3014 2247; x_wconf 89' lang='lat' dir='ltr'><strong>Considera</strong></span> <span class='ocrx_word' id='word_1_657' title='bbox 3060 2208 3220 2266; x_wconf 89' lang='lat' dir='ltr'><strong>quam</strong></span> <span class='ocrx_word' id='word_1_658' title='bbox 3250 2194 3475 2266; x_wconf 87' lang='lat' dir='ltr'><strong>insignis</strong></span> <span class='ocrx_word' id='word_1_659' title='bbox 3514 2198 3652 2268; x_wconf 87' lang='lat' dir='ltr'><strong>grati</strong></span> 
     </span>
    </p>
   </div>
   <div class='ocr_carea' id='block_1_83' title="bbox 2065 2279 3659 2351">
    <p class='ocr_par' dir='ltr' id='par_1_83' title="bbox 2065 2279 3659 2351">
     <span class='ocr_line' id='line_1_83' title="bbox 2065 2279 3659 2351; baseline 0.007 -17"><span class='ocrx_word' id='word_1_660' title='bbox 2065 2281 2227 2334; x_wconf 88' lang='lat' dir='ltr'><strong>animi</strong></span> <span class='ocrx_word' id='word_1_661' title='bbox 2256 2279 2591 2351; x_wconf 86' lang='lat' dir='ltr'><strong>significatio.</strong></span> <span class='ocrx_word' id='word_1_662' title='bbox 2639 2281 2776 2349; x_wconf 87' lang='lat' dir='ltr'><strong>Quid</strong></span> <span class='ocrx_word' id='word_1_663' title='bbox 2805 2282 2958 2348; x_wconf 90' lang='lat' dir='ltr'><strong>dicis,</strong></span> <span class='ocrx_word' id='word_1_664' title='bbox 2990 2298 3023 2340; x_wconf 94' lang='lat' dir='ltr'><strong>o</strong></span> <span class='ocrx_word' id='word_1_665' title='bbox 3060 2284 3216 2341; x_wconf 90' lang='lat' dir='ltr'><strong>beate</strong></span> <span class='ocrx_word' id='word_1_666' title='bbox 3260 2286 3461 2343; x_wconf 80' lang='lat' dir='ltr'><strong>Paule?</strong></span> <span class='ocrx_word' id='word_1_667' title='bbox 3490 2288 3659 2350; x_wconf 80' lang='lat' dir='ltr'><strong>Paulo</strong></span> 
     </span>
    </p>
   </div>
   <div class='ocr_carea' id='block_1_84' title="bbox 2067 2370 3657 2448">
    <p class='ocr_par' dir='ltr' id='par_1_84' title="bbox 2067 2370 3657 2448">
     <span class='ocr_line' id='line_1_84' title="bbox 2067 2370 3657 2448; baseline 0.004 -23"><span class='ocrx_word' id='word_1_668' title='bbox 2067 2379 2194 2426; x_wconf 87' lang='lat' dir='ltr'><strong>ante</strong></span> <span class='ocrx_word' id='word_1_669' title='bbox 2217 2370 2471 2425; x_wconf 83' lang='lat' dir='ltr'><strong>dicebas:</strong></span> <span class='ocrx_word' id='word_1_670' title='bbox 2505 2370 2605 2437; x_wconf 88' lang='lat' dir='ltr'><strong>Qui</strong></span> <span class='ocrx_word' id='word_1_671' title='bbox 2624 2372 2832 2442; x_wconf 76' lang='lat' dir='ltr'><strong>preprio</strong></span> <span class='ocrx_word' id='word_1_672' title='bbox 2862 2371 3003 2428; x_wconf 86' lang='lat' dir='ltr'><strong>Filio</strong></span> <span class='ocrx_word' id='word_1_673' title='bbox 3044 2390 3135 2429; x_wconf 78' lang='lat' dir='ltr'><strong>suo</strong></span> <span class='ocrx_word' id='word_1_674' title='bbox 3176 2392 3279 2429; x_wconf 80' lang='lat' dir='ltr'><strong>non</strong></span> <span class='ocrx_word' id='word_1_675' title='bbox 3299 2378 3539 2448; x_wconf 85' lang='lat' dir='ltr'><strong>pepercit.</strong></span> <span class='ocrx_word' id='word_1_676' title='bbox 3565 2379 3657 2432; x_wconf 86' lang='lat' dir='ltr'><strong>sed</strong></span> 
     </span>
    </p>
   </div>
   <div class='ocr_carea' id='block_1_85' title="bbox 2067 2462 3656 2540">
    <p class='ocr_par' dir='ltr' id='par_1_85' title="bbox 2067 2462 3656 2540">
     <span class='ocr_line' id='line_1_85' title="bbox 2067 2462 3656 2540; baseline 0.004 -23"><span class='ocrx_word' id='word_1_677' title='bbox 2067 2479 2159 2532; x_wconf 76' lang='lat' dir='ltr'><strong>pro</strong></span> <span class='ocrx_word' id='word_1_678' title='bbox 2184 2462 2326 2516; x_wconf 81' lang='lat' dir='ltr'><strong>nobis</strong></span> <span class='ocrx_word' id='word_1_679' title='bbox 2352 2462 2580 2518; x_wconf 86' lang='lat' dir='ltr'><strong>omnibus</strong></span> <span class='ocrx_word' id='word_1_680' title='bbox 2608 2462 2817 2517; x_wconf 86' lang='lat' dir='ltr'><strong>tradidit</strong></span> <span class='ocrx_word' id='word_1_681' title='bbox 2844 2480 2958 2519; x_wconf 84' lang='lat' dir='ltr'><strong>eum</strong></span> <span class='ocrx_word' id='word_1_682' title='bbox 2977 2463 3152 2536; x_wconf 86' lang='lat' dir='ltr'><strong>(Rom.</strong></span> <span class='ocrx_word' id='word_1_683' title='bbox 3183 2466 3237 2525; x_wconf 89' lang='lat'><strong>8.</strong></span> <span class='ocrx_word' id='word_1_684' title='bbox 3266 2466 3358 2540; x_wconf 74' lang='lat'><strong>32)</strong></span> <span class='ocrx_word' id='word_1_685' title='bbox 3389 2485 3403 2522; x_wconf 87' lang='lat'><strong>:</strong></span> <span class='ocrx_word' id='word_1_686' title='bbox 3431 2478 3485 2523; x_wconf 92' lang='lat' dir='ltr'><strong>et</strong></span> <span class='ocrx_word' id='word_1_687' title='bbox 3513 2483 3656 2524; x_wconf 80' lang='lat' dir='ltr'><strong>nunc</strong></span> 
     </span>
    </p>
   </div>
   <div class='ocr_carea' id='block_1_86' title="bbox 2066 2555 3659 2630">
    <p class='ocr_par' dir='ltr' id='par_1_86' title="bbox 2066 2555 3659 2630">
     <span class='ocr_line' id='line_1_86' title="bbox 2066 2555 3659 2630; baseline 0.004 -20"><span class='ocrx_word' id='word_1_688' title='bbox 2066 2556 2221 2621; x_wconf 89' lang='lat' dir='ltr'><strong>dicis,</strong></span> <span class='ocrx_word' id='word_1_689' title='bbox 2269 2555 2371 2620; x_wconf 87' lang='lat' dir='ltr'><strong>Qui</strong></span> <span class='ocrx_word' id='word_1_690' title='bbox 2399 2555 2575 2611; x_wconf 66' lang='lat' dir='ltr'><strong>dilexit</strong></span> <span class='ocrx_word' id='word_1_691' title='bbox 2618 2572 2698 2610; x_wconf 86' lang='lat' dir='ltr'><strong>me</strong></span> <span class='ocrx_word' id='word_1_692' title='bbox 2728 2573 2749 2611; x_wconf 92' lang='lat'><strong>:</strong></span> <span class='ocrx_word' id='word_1_693' title='bbox 2802 2566 2962 2629; x_wconf 90' lang='lat' dir='ltr'><strong>atque</strong></span> <span class='ocrx_word' id='word_1_694' title='bbox 2991 2566 3047 2613; x_wconf 92' lang='lat' dir='ltr'><strong>ut</strong></span> <span class='ocrx_word' id='word_1_695' title='bbox 3093 2560 3366 2629; x_wconf 86' lang='lat' dir='ltr'><strong>proprium</strong></span> <span class='ocrx_word' id='word_1_696' title='bbox 3417 2562 3659 2630; x_wconf 80' lang='lat' dir='ltr'><strong>appellas</strong></span> 
     </span>
    </p>
   </div>
   <div class='ocr_carea' id='block_1_87' title="bbox 2065 2646 3661 2722">
    <p class='ocr_par' dir='ltr' id='par_1_87' title="bbox 2065 2646 3661 2722">
     <span class='ocr_line' id='line_1_87' title="bbox 2065 2646 3661 2722; baseline 0.003 -19"><span class='ocrx_word' id='word_1_697' title='bbox 2065 2662 2347 2703; x_wconf 73' lang='lat' dir='ltr'><strong>Commune</strong></span> <span class='ocrx_word' id='word_1_698' title='bbox 2381 2646 2743 2704; x_wconf 81' lang='lat' dir='ltr'><strong>beneficium?</strong></span> <span class='ocrx_word' id='word_1_699' title='bbox 2780 2648 2981 2721; x_wconf 83' lang='lat' dir='ltr'><strong>Etiam,</strong></span> <span class='ocrx_word' id='word_1_700' title='bbox 3010 2649 3180 2718; x_wconf 89' lang='lat' dir='ltr'><strong>inquit</strong></span> <span class='ocrx_word' id='word_1_701' title='bbox 3206 2668 3219 2705; x_wconf 92' lang='lat'><strong>:</strong></span> <span class='ocrx_word' id='word_1_702' title='bbox 3249 2665 3372 2706; x_wconf 87' lang='lat' dir='ltr'><strong>nam</strong></span> <span class='ocrx_word' id='word_1_703' title='bbox 3401 2651 3526 2707; x_wconf 89' lang='lat' dir='ltr'><strong>licet</strong></span> <span class='ocrx_word' id='word_1_704' title='bbox 3557 2667 3661 2722; x_wconf 77' lang='lat' dir='ltr'><strong>pro</strong></span> 
     </span>
    </p>
   </div>
   <div class='ocr_carea' id='block_1_88' title="bbox 2068 2739 3657 2811">
    <p class='ocr_par' dir='ltr' id='par_1_88' title="bbox 2068 2739 3657 2811">
     <span class='ocr_line' id='line_1_88' title="bbox 2068 2739 3657 2811; baseline 0.003 -17"><span class='ocrx_word' id='word_1_705' title='bbox 2068 2740 2215 2795; x_wconf 90' lang='lat' dir='ltr'><strong>omni</strong></span> <span class='ocrx_word' id='word_1_706' title='bbox 2243 2739 2519 2795; x_wconf 89' lang='lat' dir='ltr'><strong>hominum</strong></span> <span class='ocrx_word' id='word_1_707' title='bbox 2548 2746 2757 2811; x_wconf 87' lang='lat' dir='ltr'><strong>genere</strong></span> <span class='ocrx_word' id='word_1_708' title='bbox 2771 2741 3092 2799; x_wconf 86' lang='lat' dir='ltr'><strong>sacrificium</strong></span> <span class='ocrx_word' id='word_1_709' title='bbox 3113 2743 3183 2800; x_wconf 80' lang='lat' dir='ltr'><strong>ab</strong></span> <span class='ocrx_word' id='word_1_710' title='bbox 3208 2759 3275 2799; x_wconf 90' lang='lat' dir='ltr'><strong>eo</strong></span> <span class='ocrx_word' id='word_1_711' title='bbox 3301 2744 3374 2800; x_wconf 88' lang='lat' dir='ltr'><strong>sit</strong></span> <span class='ocrx_word' id='word_1_712' title='bbox 3393 2744 3657 2811; x_wconf 87' lang='lat' dir='ltr'><strong>oblatum,</strong></span> 
     </span>
    </p>
   </div>
   <div class='ocr_carea' id='block_1_89' title="bbox 2069 2833 3661 2905">
    <p class='ocr_par' dir='ltr' id='par_1_89' title="bbox 2069 2833 3661 2905">
     <span class='ocr_line' id='line_1_89' title="bbox 2069 2833 3661 2905; baseline 0.004 -19"><span class='ocrx_word' id='word_1_713' title='bbox 2069 2840 2242 2890; x_wconf 84' lang='lat' dir='ltr'><strong>tamen</strong></span> <span class='ocrx_word' id='word_1_714' title='bbox 2269 2840 2485 2902; x_wconf 90' lang='lat' dir='ltr'><strong>propter</strong></span> <span class='ocrx_word' id='word_1_715' title='bbox 2511 2846 2750 2888; x_wconf 88' lang='lat' dir='ltr'><strong>amorem</strong></span> <span class='ocrx_word' id='word_1_716' title='bbox 2780 2834 2835 2891; x_wconf 90' lang='lat' dir='ltr'><strong>in</strong></span> <span class='ocrx_word' id='word_1_717' title='bbox 2859 2848 2980 2889; x_wconf 88' lang='lat' dir='ltr'><strong>eum</strong></span> <span class='ocrx_word' id='word_1_718' title='bbox 3005 2875 3022 2901; x_wconf 95' lang='lat'><strong>,</strong></span> <span class='ocrx_word' id='word_1_719' title='bbox 3068 2833 3123 2889; x_wconf 82' lang='lat' dir='ltr'><strong>id</strong></span> <span class='ocrx_word' id='word_1_720' title='bbox 3164 2835 3305 2905; x_wconf 89' lang='lat' dir='ltr'><strong>quod</strong></span> <span class='ocrx_word' id='word_1_721' title='bbox 3348 2834 3542 2891; x_wconf 88' lang='lat' dir='ltr'><strong>factum</strong></span> <span class='ocrx_word' id='word_1_722' title='bbox 3571 2846 3661 2893; x_wconf 82' lang='lat' dir='ltr'><strong>est</strong></span> 
     </span>
    </p>
   </div>
   <div class='ocr_carea' id='block_1_90' title="bbox 2070 2923 3659 2997">
    <p class='ocr_par' dir='ltr' id='par_1_90' title="bbox 2070 2923 3659 2997">
     <span class='ocr_line' id='line_1_90' title="bbox 2070 2923 3659 2997; baseline 0.005 -20"><span class='ocrx_word' id='word_1_723' title='bbox 2070 2925 2339 2993; x_wconf 88' lang='lat' dir='ltr'><strong>proprium</strong></span> <span class='ocrx_word' id='word_1_724' title='bbox 2370 2923 2498 2979; x_wconf 85' lang='lat' dir='ltr'><strong>mihi</strong></span> <span class='ocrx_word' id='word_1_725' title='bbox 2525 2923 2679 2979; x_wconf 89' lang='lat' dir='ltr'><strong>facio.</strong></span> <span class='ocrx_word' id='word_1_726' title='bbox 2708 2924 2783 2980; x_wconf 82' lang='lat' dir='ltr'><strong>Ita</strong></span> <span class='ocrx_word' id='word_1_727' title='bbox 2811 2936 2867 2982; x_wconf 89' lang='lat' dir='ltr'><strong>et</strong></span> <span class='ocrx_word' id='word_1_728' title='bbox 2895 2926 3174 2997; x_wconf 86' lang='lat' dir='ltr'><strong>prophetis</strong></span> <span class='ocrx_word' id='word_1_729' title='bbox 3213 2942 3331 2983; x_wconf 91' lang='lat' dir='ltr'><strong>mos</strong></span> <span class='ocrx_word' id='word_1_730' title='bbox 3355 2938 3438 2983; x_wconf 90' lang='lat' dir='ltr'><strong>est</strong></span> <span class='ocrx_word' id='word_1_731' title='bbox 3481 2929 3659 2985; x_wconf 83' lang='lat' dir='ltr'><strong>facere</strong></span> 
     </span>
    </p>
   </div>
   <div class='ocr_carea' id='block_1_91' title="bbox 2070 3013 3657 3091">
    <p class='ocr_par' dir='ltr' id='par_1_91' title="bbox 2070 3013 3657 3091">
     <span class='ocr_line' id='line_1_91' title="bbox 2070 3013 3657 3091; baseline 0.002 -20"><span class='ocrx_word' id='word_1_732' title='bbox 2070 3023 2124 3071; x_wconf 80' lang='lat' dir='ltr'><strong>et</strong></span> <span class='ocrx_word' id='word_1_733' title='bbox 2150 3014 2331 3083; x_wconf 87' lang='lat' dir='ltr'><strong>dicere</strong></span> <span class='ocrx_word' id='word_1_734' title='bbox 2359 3032 2371 3068; x_wconf 90' lang='lat'><strong>:</strong></span> <span class='ocrx_word' id='word_1_735' title='bbox 2401 3013 2543 3071; x_wconf 75' lang='lat' dir='ltr'><strong>Dens</strong></span> <span class='ocrx_word' id='word_1_736' title='bbox 2572 3015 2715 3070; x_wconf 85' lang='lat' dir='ltr'><strong>Deus</strong></span> <span class='ocrx_word' id='word_1_737' title='bbox 2733 3033 2874 3073; x_wconf 83' lang='lat' dir='ltr'><strong>meus</strong></span> <span class='ocrx_word' id='word_1_738' title='bbox 2901 3016 3242 3091; x_wconf 74' lang='lat' dir='ltr'><strong>(Psal.2l.et</strong></span> <span class='ocrx_word' id='word_1_739' title='bbox 3275 3019 3397 3077; x_wconf 92' lang='grc'><strong>117.</strong></span> <span class='ocrx_word' id='word_1_740' title='bbox 3430 3029 3476 3074; x_wconf 80' lang='lat' dir='ltr'><strong>et</strong></span> <span class='ocrx_word' id='word_1_741' title='bbox 3506 3021 3657 3088; x_wconf 73' lang='lat'><strong>â€œ2):</strong></span> 
     </span>
    </p>
   </div>
   <div class='ocr_carea' id='block_1_92' title="bbox 2069 3106 3661 3179">
    <p class='ocr_par' dir='ltr' id='par_1_92' title="bbox 2069 3106 3661 3179">
     <span class='ocr_line' id='line_1_92' title="bbox 2069 3106 3661 3179; baseline 0.004 -20"><span class='ocrx_word' id='word_1_742' title='bbox 2069 3107 2318 3176; x_wconf 88' lang='lat' dir='ltr'><strong>quamvis</strong></span> <span class='ocrx_word' id='word_1_743' title='bbox 2340 3107 2501 3161; x_wconf 91' lang='lat' dir='ltr'><strong>totius</strong></span> <span class='ocrx_word' id='word_1_744' title='bbox 2537 3106 2686 3162; x_wconf 88' lang='lat' dir='ltr'><strong>orbis</strong></span> <span class='ocrx_word' id='word_1_745' title='bbox 2711 3107 2782 3163; x_wconf 85' lang='lat' dir='ltr'><strong>sit</strong></span> <span class='ocrx_word' id='word_1_746' title='bbox 2818 3107 2963 3163; x_wconf 92' lang='lat' dir='ltr'><strong>Deus</strong></span> <span class='ocrx_word' id='word_1_747' title='bbox 2996 3126 3010 3164; x_wconf 89' lang='lat'><strong>:</strong></span> <span class='ocrx_word' id='word_1_748' title='bbox 3048 3108 3142 3163; x_wconf 88' lang='lat' dir='ltr'><strong>sed</strong></span> <span class='ocrx_word' id='word_1_749' title='bbox 3162 3108 3425 3178; x_wconf 82' lang='lat' dir='ltr'><strong>peculiare</strong></span> <span class='ocrx_word' id='word_1_750' title='bbox 3446 3109 3547 3165; x_wconf 88' lang='lat' dir='ltr'><strong>hoc</strong></span> <span class='ocrx_word' id='word_1_751' title='bbox 3574 3122 3661 3179; x_wconf 71' lang='lat' dir='ltr'><strong>est</strong></span> 
     </span>
    </p>
   </div>
   <div class='ocr_carea' id='block_1_93' title="bbox 2069 3196 3655 3271">
    <p class='ocr_par' dir='ltr' id='par_1_93' title="bbox 2069 3196 3655 3271">
     <span class='ocr_line' id='line_1_93' title="bbox 2069 3196 3655 3271; baseline 0.002 -18"><span class='ocrx_word' id='word_1_752' title='bbox 2069 3196 2240 3253; x_wconf 84' lang='lat' dir='ltr'><strong>amori</strong></span> <span class='ocrx_word' id='word_1_753' title='bbox 2269 3237 2287 3264; x_wconf 94' lang='lat'><strong>,</strong></span> <span class='ocrx_word' id='word_1_754' title='bbox 2312 3206 2372 3251; x_wconf 88' lang='lat' dir='ltr'><strong>ut</strong></span> <span class='ocrx_word' id='word_1_755' title='bbox 2396 3213 2461 3253; x_wconf 89' lang='lat' dir='ltr'><strong>ex</strong></span> <span class='ocrx_word' id='word_1_756' title='bbox 2498 3197 2870 3254; x_wconf 78' lang='lat' dir='ltr'><strong>communibus</strong></span> <span class='ocrx_word' id='word_1_757' title='bbox 2898 3200 3108 3271; x_wconf 90' lang='lat' dir='ltr'><strong>propria</strong></span> <span class='ocrx_word' id='word_1_758' title='bbox 3140 3198 3316 3257; x_wconf 89' lang='lat' dir='ltr'><strong>faciat.</strong></span> <span class='ocrx_word' id='word_1_759' title='bbox 3368 3199 3495 3255; x_wconf 84' lang='lat' dir='ltr'><strong>Filii</strong></span> <span class='ocrx_word' id='word_1_760' title='bbox 3541 3201 3655 3266; x_wconf 79' lang='lat' dir='ltr'><strong>Dei,</strong></span> 
     </span>
    </p>
   </div>
   <div class='ocr_carea' id='block_1_94' title="bbox 2070 3288 3664 3361">
    <p class='ocr_par' dir='ltr' id='par_1_94' title="bbox 2070 3288 3664 3361">
     <span class='ocr_line' id='line_1_94' title="bbox 2070 3288 3664 3361; baseline 0.003 -19"><span class='ocrx_word' id='word_1_761' title='bbox 2070 3289 2261 3360; x_wconf 90' lang='lat' dir='ltr'><strong>inquit,</strong></span> <span class='ocrx_word' id='word_1_762' title='bbox 2291 3290 2377 3360; x_wconf 88' lang='lat' dir='ltr'><strong>qui</strong></span> <span class='ocrx_word' id='word_1_763' title='bbox 2407 3288 2581 3343; x_wconf 73' lang='lat' dir='ltr'><strong>dilexit</strong></span> <span class='ocrx_word' id='word_1_764' title='bbox 2609 3306 2709 3343; x_wconf 90' lang='lat' dir='ltr'><strong>me.</strong></span> <span class='ocrx_word' id='word_1_765' title='bbox 2756 3290 2890 3359; x_wconf 82' lang='lat' dir='ltr'><strong>Quid</strong></span> <span class='ocrx_word' id='word_1_766' title='bbox 2932 3290 3107 3345; x_wconf 84' lang='lat' dir='ltr'><strong>dicis?</strong></span> <span class='ocrx_word' id='word_1_767' title='bbox 3145 3291 3221 3346; x_wconf 85' lang='lat' dir='ltr'><strong>Te</strong></span> <span class='ocrx_word' id='word_1_768' title='bbox 3246 3291 3417 3347; x_wconf 78' lang='lat' dir='ltr'><strong>solum</strong></span> <span class='ocrx_word' id='word_1_769' title='bbox 3438 3292 3664 3361; x_wconf 26' lang='lat' dir='ltr'><strong>dilexit?)</strong></span> 
     </span>
    </p>
   </div>
   <div class='ocr_carea' id='block_1_95' title="bbox 2069 3380 3664 3457">
    <p class='ocr_par' dir='ltr' id='par_1_95' title="bbox 2069 3380 3664 3457">
     <span class='ocr_line' id='line_1_95' title="bbox 2069 3380 3664 3457; baseline -0.001 -20"><span class='ocrx_word' id='word_1_770' title='bbox 2069 3380 2293 3437; x_wconf 88' lang='lat' dir='ltr'><strong>Omnem</strong></span> <span class='ocrx_word' id='word_1_771' title='bbox 2315 3422 2330 3446; x_wconf 89' lang='lat'><strong>,</strong></span> <span class='ocrx_word' id='word_1_772' title='bbox 2362 3380 2565 3452; x_wconf 87' lang='lat' dir='ltr'><strong>inquit,</strong></span> <span class='ocrx_word' id='word_1_773' title='bbox 2600 3380 2875 3438; x_wconf 85' lang='lat' dir='ltr'><strong>hominum</strong></span> <span class='ocrx_word' id='word_1_774' title='bbox 2908 3391 3148 3437; x_wconf 87' lang='lat' dir='ltr'><strong>naturam</strong></span> <span class='ocrx_word' id='word_1_775' title='bbox 3187 3382 3409 3450; x_wconf 86' lang='lat' dir='ltr'><strong>dilexit,</strong></span> <span class='ocrx_word' id='word_1_776' title='bbox 3435 3382 3529 3438; x_wconf 85' lang='lat' dir='ltr'><strong>sed</strong></span> <span class='ocrx_word' id='word_1_777' title='bbox 3558 3398 3664 3457; x_wconf 65' lang='lat' dir='ltr'><strong>ego</strong></span> 
     </span>
    </p>
   </div>
   <div class='ocr_carea' id='block_1_96' title="bbox 2069 3472 3665 3544">
    <p class='ocr_par' dir='ltr' id='par_1_96' title="bbox 2069 3472 3665 3544">
     <span class='ocr_line' id='line_1_96' title="bbox 2069 3472 3665 3544; baseline 0.001 -17"><span class='ocrx_word' id='word_1_778' title='bbox 2069 3473 2117 3527; x_wconf 91' lang='lat' dir='ltr'><strong>ei</strong></span> <span class='ocrx_word' id='word_1_779' title='bbox 2142 3473 2344 3544; x_wconf 86' lang='lat' dir='ltr'><strong>gratias</strong></span> <span class='ocrx_word' id='word_1_780' title='bbox 2366 3473 2557 3540; x_wconf 87' lang='lat' dir='ltr'><strong>debeo,</strong></span> <span class='ocrx_word' id='word_1_781' title='bbox 2589 3472 2739 3544; x_wconf 90' lang='lat' dir='ltr'><strong>quasi</strong></span> <span class='ocrx_word' id='word_1_782' title='bbox 2766 3488 2852 3528; x_wconf 92' lang='lat' dir='ltr'><strong>me</strong></span> <span class='ocrx_word' id='word_1_783' title='bbox 2872 3473 3043 3529; x_wconf 90' lang='lat' dir='ltr'><strong>solum</strong></span> <span class='ocrx_word' id='word_1_784' title='bbox 3090 3473 3385 3530; x_wconf 88' lang='lat' dir='ltr'><strong>dilexisset.</strong></span> <span class='ocrx_word' id='word_1_785' title='bbox 3432 3473 3502 3528; x_wconf 80' lang='lat' dir='ltr'><strong>Et</strong></span> <span class='ocrx_word' id='word_1_786' title='bbox 3544 3484 3665 3544; x_wconf 87' lang='lat' dir='ltr'><strong>tra-_</strong></span> 
     </span>
    </p>
   </div>
   <div class='ocr_carea' id='block_1_97' title="bbox 2071 3565 3657 3638">
    <p class='ocr_par' dir='ltr' id='par_1_97' title="bbox 2071 3565 3657 3638">
     <span class='ocr_line' id='line_1_97' title="bbox 2071 3565 3657 3638; baseline -0.001 -17"><span class='ocrx_word' id='word_1_787' title='bbox 2071 3568 2200 3621; x_wconf 78' lang='lat' dir='ltr'><strong>didit</strong></span> <span class='ocrx_word' id='word_1_788' title='bbox 2220 3568 2538 3635; x_wconf 77' lang='lat' dir='ltr'><strong>semetipsum</strong></span> <span class='ocrx_word' id='word_1_789' title='bbox 2566 3582 2657 3638; x_wconf 79' lang='lat' dir='ltr'><strong>pro</strong></span> <span class='ocrx_word' id='word_1_790' title='bbox 2679 3582 2776 3620; x_wconf 89' lang='lat' dir='ltr'><strong>me.</strong></span> <span class='ocrx_word' id='word_1_791' title='bbox 2805 3565 2942 3635; x_wconf 87' lang='lat' dir='ltr'><strong>Quid</strong></span> <span class='ocrx_word' id='word_1_792' title='bbox 2970 3566 3149 3635; x_wconf 85' lang='lat' dir='ltr'><strong>igitur,</strong></span> <span class='ocrx_word' id='word_1_793' title='bbox 3179 3580 3278 3636; x_wconf 89' lang='lat' dir='ltr'><strong>pro</strong></span> <span class='ocrx_word' id='word_1_794' title='bbox 3304 3574 3358 3620; x_wconf 88' lang='lat' dir='ltr'><strong>te</strong></span> <span class='ocrx_word' id='word_1_795' title='bbox 3381 3566 3498 3622; x_wconf 81' lang='lat' dir='ltr'><strong>solo</strong></span> <span class='ocrx_word' id='word_1_796' title='bbox 3527 3582 3657 3621; x_wconf 83' lang='lat' dir='ltr'><strong>cru-</strong></span> 
     </span>
    </p>
   </div>
   <div class='ocr_carea' id='block_1_98' title="bbox 2071 3657 3667 3729">
    <p class='ocr_par' dir='ltr' id='par_1_98' title="bbox 2071 3657 3667 3729">
     <span class='ocr_line' id='line_1_98' title="bbox 2071 3657 3667 3729; baseline -0.001 -16"><span class='ocrx_word' id='word_1_797' title='bbox 2071 3658 2261 3714; x_wconf 89' lang='lat' dir='ltr'><strong>cifixus</strong></span> <span class='ocrx_word' id='word_1_798' title='bbox 2284 3659 2408 3714; x_wconf 82' lang='lat' dir='ltr'><strong>est?</strong></span> <span class='ocrx_word' id='word_1_799' title='bbox 2453 3660 2645 3715; x_wconf 79' lang='lat' dir='ltr'><strong>Annon</strong></span> <span class='ocrx_word' id='word_1_800' title='bbox 2677 3657 2789 3728; x_wconf 87' lang='lat' dir='ltr'><strong>ipse</strong></span> <span class='ocrx_word' id='word_1_801' title='bbox 2814 3658 2944 3714; x_wconf 91' lang='lat' dir='ltr'><strong>dicit</strong></span> <span class='ocrx_word' id='word_1_802' title='bbox 2983 3676 3003 3713; x_wconf 84' lang='lat'><strong>;</strong></span> <span class='ocrx_word' id='word_1_803' title='bbox 3032 3657 3158 3715; x_wconf 75' lang='lat' dir='ltr'><strong>Cum</strong></span> <span class='ocrx_word' id='word_1_804' title='bbox 3201 3658 3451 3713; x_wconf 75' lang='lat' dir='ltr'><strong>exaltatus</strong></span> <span class='ocrx_word' id='word_1_805' title='bbox 3490 3662 3667 3729; x_wconf 56' lang='lat' dir='ltr'><strong>(me,</strong></span> 
     </span>
    </p>
   </div>
   <div class='ocr_carea' id='block_1_99' title="bbox 2071 3747 3657 3821">
    <p class='ocr_par' dir='ltr' id='par_1_99' title="bbox 2071 3747 3657 3821">
     <span class='ocr_line' id='line_1_99' title="bbox 2071 3747 3657 3821; baseline -0.001 -16"><span class='ocrx_word' id='word_1_806' title='bbox 2071 3767 2243 3806; x_wconf 71' lang='lat' dir='ltr'><strong>attines</strong></span> <span class='ocrx_word' id='word_1_807' title='bbox 2284 3750 2484 3804; x_wconf 77' lang='lat' dir='ltr'><strong>trahant</strong></span> <span class='ocrx_word' id='word_1_808' title='bbox 2518 3751 2586 3803; x_wconf 89' lang='lat' dir='ltr'><strong>ad</strong></span> <span class='ocrx_word' id='word_1_809' title='bbox 2622 3750 2873 3821; x_wconf 78' lang='lat' dir='ltr'><strong>meipsum</strong></span> <span class='ocrx_word' id='word_1_810' title='bbox 2898 3747 3076 3820; x_wconf 82' lang='lat' dir='ltr'><strong>(Joan.</strong></span> <span class='ocrx_word' id='word_1_811' title='bbox 3129 3750 3213 3805; x_wconf 72' lang='lat'><strong>12.</strong></span> <span class='ocrx_word' id='word_1_812' title='bbox 3237 3749 3372 3821; x_wconf 64' lang='lat'><strong>52)?</strong></span> <span class='ocrx_word' id='word_1_813' title='bbox 3400 3764 3577 3806; x_wconf 84' lang='lat' dir='ltr'><strong>nonne</strong></span> <span class='ocrx_word' id='word_1_814' title='bbox 3599 3759 3657 3804; x_wconf 89' lang='grc' dir='ltr'><strong>Î¹Î¹Î¹</strong></span> 
     </span>
    </p>
   </div>
   <div class='ocr_carea' id='block_1_100' title="bbox 2071 3839 3660 3911">
    <p class='ocr_par' dir='ltr' id='par_1_100' title="bbox 2071 3839 3660 3911">
     <span class='ocr_line' id='line_1_100' title="bbox 2071 3839 3660 3911; baseline -0.001 -15"><span class='ocrx_word' id='word_1_815' title='bbox 2071 3842 2184 3911; x_wconf 88' lang='lat' dir='ltr'><strong>ipse</strong></span> <span class='ocrx_word' id='word_1_816' title='bbox 2212 3841 2414 3908; x_wconf 82' lang='lat' dir='ltr'><strong>dixisti,</strong></span> <span class='ocrx_word' id='word_1_817' title='bbox 2444 3839 2551 3896; x_wconf 82' lang='lat' dir='ltr'><strong>Pro</strong></span> <span class='ocrx_word' id='word_1_818' title='bbox 2596 3841 2738 3898; x_wconf 78' lang='lat' dir='ltr'><strong>nobis</strong></span> <span class='ocrx_word' id='word_1_819' title='bbox 2764 3842 2995 3895; x_wconf 79' lang='lat' dir='ltr'><strong>omnibus</strong></span> <span class='ocrx_word' id='word_1_820' title='bbox 3039 3841 3249 3895; x_wconf 85' lang='lat' dir='ltr'><strong>tradidit</strong></span> <span class='ocrx_word' id='word_1_821' title='bbox 3293 3841 3660 3911; x_wconf 74' lang='lat' dir='ltr'><strong>semetipsath</strong></span> 
     </span>
    </p>
   </div>
   <div class='ocr_carea' id='block_1_101' title="bbox 2072 3932 3659 4004">
    <p class='ocr_par' dir='ltr' id='par_1_101' title="bbox 2072 3932 3659 4004">
     <span class='ocr_line' id='line_1_101' title="bbox 2072 3932 3659 4004; baseline -0.001 -16"><span class='ocrx_word' id='word_1_822' title='bbox 2072 3933 2267 3998; x_wconf 85' lang='lat' dir='ltr'><strong>Etiam,</strong></span> <span class='ocrx_word' id='word_1_823' title='bbox 2297 3932 2505 4001; x_wconf 90' lang='lat' dir='ltr'><strong>inquit:</strong></span> <span class='ocrx_word' id='word_1_824' title='bbox 2537 3947 2642 3985; x_wconf 93' lang='lat' dir='ltr'><strong>non</strong></span> <span class='ocrx_word' id='word_1_825' title='bbox 2674 3932 2866 4004; x_wconf 83' lang='lat' dir='ltr'><strong>loquor</strong></span> <span class='ocrx_word' id='word_1_826' title='bbox 2913 3932 3232 4003; x_wconf 81' lang='lat' dir='ltr'><strong>pugnantia,</strong></span> <span class='ocrx_word' id='word_1_827' title='bbox 3282 3932 3374 3987; x_wconf 87' lang='lat' dir='ltr'><strong>sed</strong></span> <span class='ocrx_word' id='word_1_828' title='bbox 3418 3948 3659 3988; x_wconf 78' lang='lat' dir='ltr'><strong>amorem</strong></span> 
     </span>
    </p>
   </div>
   <div class='ocr_carea' id='block_1_102' title="bbox 2073 4023 3671 4098">
    <p class='ocr_par' dir='ltr' id='par_1_102' title="bbox 2073 4023 3671 4098">
     <span class='ocr_line' id='line_1_102' title="bbox 2073 4023 3671 4098; baseline -0.001 -18"><span class='ocrx_word' id='word_1_829' title='bbox 2073 4041 2251 4080; x_wconf 89' lang='lat' dir='ltr'><strong>meum</strong></span> <span class='ocrx_word' id='word_1_830' title='bbox 2282 4029 2353 4079; x_wconf 90' lang='lat' dir='ltr'><strong>ita</strong></span> <span class='ocrx_word' id='word_1_831' title='bbox 2382 4025 2656 4079; x_wconf 85' lang='lat' dir='ltr'><strong>consolor.</strong></span> <span class='ocrx_word' id='word_1_832' title='bbox 2680 4023 2797 4080; x_wconf 85' lang='lat' dir='ltr'><strong>Jam</strong></span> <span class='ocrx_word' id='word_1_833' title='bbox 2844 4024 2965 4079; x_wconf 88' lang='lat' dir='ltr'><strong>vide</strong></span> <span class='ocrx_word' id='word_1_834' title='bbox 3006 4025 3199 4098; x_wconf 82' lang='lat' dir='ltr'><strong>iterum</strong></span> <span class='ocrx_word' id='word_1_835' title='bbox 3228 4033 3283 4079; x_wconf 87' lang='lat' dir='ltr'><strong>et</strong></span> <span class='ocrx_word' id='word_1_836' title='bbox 3332 4025 3474 4079; x_wconf 84' lang='lat' dir='ltr'><strong>aliud</strong></span> <span class='ocrx_word' id='word_1_837' title='bbox 3513 4024 3671 4096; x_wconf 38' lang='lat' dir='ltr'><strong>quod.</strong></span> 
     </span>
    </p>
   </div>
   <div class='ocr_carea' id='block_1_103' title="bbox 2074 4115 3666 4186">
    <p class='ocr_par' dir='ltr' id='par_1_103' title="bbox 2074 4115 3666 4186">
     <span class='ocr_line' id='line_1_103' title="bbox 2074 4115 3666 4186; baseline 0.002 -16"><span class='ocrx_word' id='word_1_838' title='bbox 2074 4115 2232 4171; x_wconf 92' lang='lat' dir='ltr'><strong>dictis</strong></span> <span class='ocrx_word' id='word_1_839' title='bbox 2262 4115 2367 4171; x_wconf 89' lang='lat' dir='ltr'><strong>illis</strong></span> <span class='ocrx_word' id='word_1_840' title='bbox 2414 4130 2514 4171; x_wconf 92' lang='lat' dir='ltr'><strong>nos</strong></span> <span class='ocrx_word' id='word_1_841' title='bbox 2542 4115 2718 4170; x_wconf 89' lang='lat' dir='ltr'><strong>docet.</strong></span> <span class='ocrx_word' id='word_1_842' title='bbox 2749 4115 2882 4175; x_wconf 80' lang='lat' dir='ltr'><strong>Cum</strong></span> <span class='ocrx_word' id='word_1_843' title='bbox 2912 4116 3053 4171; x_wconf 89' lang='lat' dir='ltr'><strong>enim</strong></span> <span class='ocrx_word' id='word_1_844' title='bbox 3096 4117 3343 4186; x_wconf 76' lang='lat' dir='ltr'><strong>superius</strong></span> <span class='ocrx_word' id='word_1_845' title='bbox 3368 4116 3564 4172; x_wconf 77' lang='lat' dir='ltr'><strong>dixerit</strong></span> <span class='ocrx_word' id='word_1_846' title='bbox 3590 4118 3666 4181; x_wconf 52' lang='lat' dir='ltr'><strong>de,</strong></span> 
     </span>
    </p>
   </div>
   <div class='ocr_carea' id='block_1_104' title="bbox 2074 4208 3663 4277">
    <p class='ocr_par' dir='ltr' id='par_1_104' title="bbox 2074 4208 3663 4277">
     <span class='ocr_line' id='line_1_104' title="bbox 2074 4208 3663 4277; baseline -0.001 -12"><span class='ocrx_word' id='word_1_847' title='bbox 2074 4209 2269 4277; x_wconf 84' lang='lat' dir='ltr'><strong>Patre,</strong></span> <span class='ocrx_word' id='word_1_848' title='bbox 2310 4208 2419 4264; x_wconf 83' lang='lat' dir='ltr'><strong>Pro</strong></span> <span class='ocrx_word' id='word_1_849' title='bbox 2448 4208 2589 4275; x_wconf 75' lang='lat' dir='ltr'><strong>nobis</strong></span> <span class='ocrx_word' id='word_1_850' title='bbox 2632 4209 2862 4263; x_wconf 84' lang='lat' dir='ltr'><strong>omnibus</strong></span> <span class='ocrx_word' id='word_1_851' title='bbox 2900 4208 3110 4273; x_wconf 72' lang='lat' dir='ltr'><strong>tradidit</strong></span> <span class='ocrx_word' id='word_1_852' title='bbox 3149 4210 3294 4263; x_wconf 78' lang='lat' dir='ltr'><strong>illum</strong></span> <span class='ocrx_word' id='word_1_853' title='bbox 3318 4251 3332 4273; x_wconf 91' lang='lat'><strong>,</strong></span> <span class='ocrx_word' id='word_1_854' title='bbox 3374 4209 3462 4266; x_wconf 88' lang='lat' dir='ltr'><strong>hic</strong></span> <span class='ocrx_word' id='word_1_855' title='bbox 3487 4210 3612 4265; x_wconf 91' lang='lat' dir='ltr'><strong>dicit</strong></span> <span class='ocrx_word' id='word_1_856' title='bbox 3636 4252 3663 4277; x_wconf 73' lang='lat'><strong>,</strong></span> 
     </span>
    </p>
   </div>
   <div class='ocr_carea' id='block_1_105' title="bbox 2074 4299 3669 4370">
    <p class='ocr_par' dir='ltr' id='par_1_105' title="bbox 2074 4299 3669 4370">
     <span class='ocr_line' id='line_1_105' title="bbox 2074 4299 3669 4370; baseline 0.003 -14"><span class='ocrx_word' id='word_1_857' title='bbox 2074 4301 2412 4370; x_wconf 78' lang='lat' dir='ltr'><strong>Semetipsum</strong></span> <span class='ocrx_word' id='word_1_858' title='bbox 2451 4299 2662 4354; x_wconf 88' lang='lat' dir='ltr'><strong>tradidit</strong></span> <span class='ocrx_word' id='word_1_859' title='bbox 2697 4317 2716 4356; x_wconf 90' lang='lat'><strong>:</strong></span> <span class='ocrx_word' id='word_1_860' title='bbox 2745 4308 2799 4355; x_wconf 87' lang='lat' dir='ltr'><strong>et</strong></span> <span class='ocrx_word' id='word_1_861' title='bbox 2830 4299 2936 4353; x_wconf 91' lang='lat' dir='ltr'><strong>illic</strong></span> <span class='ocrx_word' id='word_1_862' title='bbox 2960 4299 3198 4370; x_wconf 90' lang='lat' dir='ltr'><strong>quidem,</strong></span> <span class='ocrx_word' id='word_1_863' title='bbox 3224 4311 3281 4353; x_wconf 92' lang='lat' dir='ltr'><strong>ut</strong></span> <span class='ocrx_word' id='word_1_864' title='bbox 3318 4301 3669 4361; x_wconf 72' lang='lat' dir='ltr'><strong>concordiam.</strong></span> 
     </span>
    </p>
   </div>
   <div class='ocr_carea' id='block_1_106' title="bbox 2071 4390 3662 4465">
    <p class='ocr_par' dir='ltr' id='par_1_106' title="bbox 2071 4390 3662 4465">
     <span class='ocr_line' id='line_1_106' title="bbox 2071 4390 3662 4465; baseline 0.001 -18"><span class='ocrx_word' id='word_1_865' title='bbox 2071 4391 2317 4448; x_wconf 83' lang='lat' dir='ltr'><strong>ostendat</strong></span> <span class='ocrx_word' id='word_1_866' title='bbox 2345 4407 2407 4451; x_wconf 89' lang='lat' dir='ltr'><strong>ac</strong></span> <span class='ocrx_word' id='word_1_867' title='bbox 2433 4407 2614 4462; x_wconf 85' lang='lat' dir='ltr'><strong>parem</strong></span> <span class='ocrx_word' id='word_1_868' title='bbox 2642 4391 2898 4451; x_wconf 90' lang='lat' dir='ltr'><strong>honorem</strong></span> <span class='ocrx_word' id='word_1_869' title='bbox 2928 4390 3103 4447; x_wconf 85' lang='lat' dir='ltr'><strong>Patris</strong></span> <span class='ocrx_word' id='word_1_870' title='bbox 3125 4401 3178 4446; x_wconf 91' lang='lat' dir='ltr'><strong>et</strong></span> <span class='ocrx_word' id='word_1_871' title='bbox 3206 4392 3345 4460; x_wconf 79' lang='lat' dir='ltr'><strong>Filii,</strong></span> <span class='ocrx_word' id='word_1_872' title='bbox 3375 4402 3431 4449; x_wconf 90' lang='lat' dir='ltr'><strong>et</strong></span> <span class='ocrx_word' id='word_1_873' title='bbox 3454 4395 3662 4465; x_wconf 62' lang='lat' dir='ltr'><strong>passio.</strong></span> 
     </span>
    </p>
   </div>
   <div class='ocr_carea' id='block_1_107' title="bbox 2075 4482 3665 4555">
    <p class='ocr_par' dir='ltr' id='par_1_107' title="bbox 2075 4482 3665 4555">
     <span class='ocr_line' id='line_1_107' title="bbox 2075 4482 3665 4555; baseline 0.002 -17"><span class='ocrx_word' id='word_1_874' title='bbox 2075 4498 2198 4538; x_wconf 90' lang='lat' dir='ltr'><strong>nem</strong></span> <span class='ocrx_word' id='word_1_875' title='bbox 2222 4482 2521 4539; x_wconf 89' lang='lat' dir='ltr'><strong>subindicet</strong></span> <span class='ocrx_word' id='word_1_876' title='bbox 2549 4501 2562 4536; x_wconf 92' lang='lat'><strong>:</strong></span> <span class='ocrx_word' id='word_1_877' title='bbox 2590 4483 2843 4555; x_wconf 86' lang='lat' dir='ltr'><strong>quoniam</strong></span> <span class='ocrx_word' id='word_1_878' title='bbox 2864 4484 3027 4541; x_wconf 89' lang='lat' dir='ltr'><strong>etiam</strong></span> <span class='ocrx_word' id='word_1_879' title='bbox 3064 4485 3171 4539; x_wconf 87' lang='lat' dir='ltr'><strong>alio</strong></span> <span class='ocrx_word' id='word_1_880' title='bbox 3193 4485 3310 4540; x_wconf 89' lang='lat' dir='ltr'><strong>loco</strong></span> <span class='ocrx_word' id='word_1_881' title='bbox 3336 4486 3466 4542; x_wconf 90' lang='lat' dir='ltr'><strong>dicit</strong></span> <span class='ocrx_word' id='word_1_882' title='bbox 3497 4505 3511 4541; x_wconf 92' lang='lat'><strong>:</strong></span> <span class='ocrx_word' id='word_1_883' title='bbox 3543 4488 3665 4541; x_wconf 77' lang='lat' dir='ltr'><strong>Fa-</strong></span> 
     </span>
    </p>
   </div>
   <div class='ocr_carea' id='block_1_108' title="bbox 2071 4574 3669 4650">
    <p class='ocr_par' dir='ltr' id='par_1_108' title="bbox 2071 4574 3669 4650">
     <span class='ocr_line' id='line_1_108' title="bbox 2071 4574 3669 4650; baseline 0.004 -20"><span class='ocrx_word' id='word_1_884' title='bbox 2071 4586 2182 4631; x_wconf 88' lang='lat' dir='ltr'><strong>ctus</strong></span> <span class='ocrx_word' id='word_1_885' title='bbox 2202 4574 2434 4631; x_wconf 74' lang='lat' dir='ltr'><strong>obediens</strong></span> <span class='ocrx_word' id='word_1_886' title='bbox 2453 4592 2609 4645; x_wconf 82' lang='lat' dir='ltr'><strong>usque</strong></span> <span class='ocrx_word' id='word_1_887' title='bbox 2636 4576 2704 4629; x_wconf 77' lang='lat' dir='ltr'><strong>ad</strong></span> <span class='ocrx_word' id='word_1_888' title='bbox 2724 4587 2933 4631; x_wconf 85' lang='lat' dir='ltr'><strong>mortem</strong></span> <span class='ocrx_word' id='word_1_889' title='bbox 2955 4575 3212 4649; x_wconf 86' lang='lat' dir='ltr'><strong>(Philipp.</strong></span> <span class='ocrx_word' id='word_1_890' title='bbox 3240 4578 3298 4635; x_wconf 69' lang='lat'><strong>2.</strong></span> <span class='ocrx_word' id='word_1_891' title='bbox 3334 4578 3397 4650; x_wconf 84' lang='lat'><strong>8)</strong></span> <span class='ocrx_word' id='word_1_892' title='bbox 3421 4598 3433 4633; x_wconf 90' lang='lat'><strong>:</strong></span> <span class='ocrx_word' id='word_1_893' title='bbox 3462 4579 3669 4649; x_wconf 65' lang='lat' dir='ltr'><strong>ubique</strong></span> 
     </span>
    </p>
   </div>
   <div class='ocr_carea' id='block_1_109' title="bbox 2074 4664 3661 4738">
    <p class='ocr_par' dir='ltr' id='par_1_109' title="bbox 2074 4664 3661 4738">
     <span class='ocr_line' id='line_1_109' title="bbox 2074 4664 3661 4738; baseline 0.003 -17"><span class='ocrx_word' id='word_1_894' title='bbox 2074 4666 2308 4736; x_wconf 84' lang='lat' dir='ltr'><strong>passioni</strong></span> <span class='ocrx_word' id='word_1_895' title='bbox 2353 4664 2513 4723; x_wconf 84' lang='lat' dir='ltr'><strong>fidem</strong></span> <span class='ocrx_word' id='word_1_896' title='bbox 2540 4666 2761 4725; x_wconf 84' lang='lat' dir='ltr'><strong>faciens.</strong></span> <span class='ocrx_word' id='word_1_897' title='bbox 2808 4666 2906 4721; x_wconf 83' lang='lat' dir='ltr'><strong>Hic</strong></span> <span class='ocrx_word' id='word_1_898' title='bbox 2952 4676 3131 4722; x_wconf 86' lang='lat' dir='ltr'><strong>autem</strong></span> <span class='ocrx_word' id='word_1_899' title='bbox 3171 4670 3382 4738; x_wconf 75' lang='lat' dir='ltr'><strong>posuit,</strong></span> <span class='ocrx_word' id='word_1_900' title='bbox 3426 4670 3661 4725; x_wconf 82' lang='lat' dir='ltr'><strong>Tradidit</strong></span> 
     </span>
    </p>
   </div>
   <div class='ocr_carea' id='block_1_110' title="bbox 2071 4756 3675 4831">
    <p class='ocr_par' dir='ltr' id='par_1_110' title="bbox 2071 4756 3675 4831">
     <span class='ocr_line' id='line_1_110' title="bbox 2071 4756 3675 4831; baseline 0.005 -20"><span class='ocrx_word' id='word_1_901' title='bbox 2071 4758 2433 4827; x_wconf 84' lang='lat' dir='ltr'><strong>semetipsum,</strong></span> <span class='ocrx_word' id='word_1_902' title='bbox 2482 4765 2540 4812; x_wconf 83' lang='lat' dir='ltr'><strong>ut</strong></span> <span class='ocrx_word' id='word_1_903' title='bbox 2594 4756 2794 4813; x_wconf 85' lang='lat' dir='ltr'><strong>indicet</strong></span> <span class='ocrx_word' id='word_1_904' title='bbox 2846 4773 2968 4814; x_wconf 87' lang='lat' dir='ltr'><strong>eum</strong></span> <span class='ocrx_word' id='word_1_905' title='bbox 3010 4760 3309 4816; x_wconf 72' lang='lat' dir='ltr'><strong>voluntarie</strong></span> <span class='ocrx_word' id='word_1_906' title='bbox 3354 4761 3675 4831; x_wconf 70' lang='lat' dir='ltr'><strong>passionem.</strong></span> 
     </span>
    </p>
   </div>
   <div class='ocr_carea' id='block_1_111' title="bbox 2070 4848 3671 4920">
    <p class='ocr_par' dir='ltr' id='par_1_111' title="bbox 2070 4848 3671 4920">
     <span class='ocr_line' id='line_1_111' title="bbox 2070 4848 3671 4920; baseline 0.003 -20"><span class='ocrx_word' id='word_1_907' title='bbox 2070 4848 2393 4916; x_wconf 85' lang='lat' dir='ltr'><strong>suscepisse,</strong></span> <span class='ocrx_word' id='word_1_908' title='bbox 2414 4856 2469 4902; x_wconf 91' lang='lat' dir='ltr'><strong>et</strong></span> <span class='ocrx_word' id='word_1_909' title='bbox 2489 4862 2597 4902; x_wconf 90' lang='lat' dir='ltr'><strong>non</strong></span> <span class='ocrx_word' id='word_1_910' title='bbox 2622 4849 2963 4919; x_wconf 80' lang='lat' dir='ltr'><strong>necessitate,</strong></span> <span class='ocrx_word' id='word_1_911' title='bbox 2997 4865 3168 4920; x_wconf 88' lang='lat' dir='ltr'><strong>neque</strong></span> <span class='ocrx_word' id='word_1_912' title='bbox 3196 4851 3284 4915; x_wconf 87' lang='lat' dir='ltr'><strong>vi,</strong></span> <span class='ocrx_word' id='word_1_913' title='bbox 3335 4851 3433 4906; x_wconf 82' lang='lat' dir='ltr'><strong>sed</strong></span> <span class='ocrx_word' id='word_1_914' title='bbox 3470 4853 3671 4908; x_wconf 56' lang='lat' dir='ltr'><strong>volen-</strong></span> 
     </span>
    </p>
   </div>
   <div class='ocr_carea' id='block_1_112' title="bbox 2072 4939 3660 5013">
    <p class='ocr_par' dir='ltr' id='par_1_112' title="bbox 2072 4939 3660 5013">
     <span class='ocr_line' id='line_1_112' title="bbox 2072 4939 3660 5013; baseline 0.005 -21"><span class='ocrx_word' id='word_1_915' title='bbox 2072 4948 2178 4994; x_wconf 87' lang='lat' dir='ltr'><strong>tem</strong></span> <span class='ocrx_word' id='word_1_916' title='bbox 2224 4939 2636 5011; x_wconf 86' lang='lat' dir='ltr'><strong>cupientemque</strong></span> <span class='ocrx_word' id='word_1_917' title='bbox 2683 4941 2844 4994; x_wconf 90' lang='lat' dir='ltr'><strong>totius</strong></span> <span class='ocrx_word' id='word_1_918' title='bbox 2904 4940 3124 4996; x_wconf 88' lang='lat' dir='ltr'><strong>humani</strong></span> <span class='ocrx_word' id='word_1_919' title='bbox 3177 4944 3390 5013; x_wconf 87' lang='lat' dir='ltr'><strong>generis</strong></span> <span class='ocrx_word' id='word_1_920' title='bbox 3432 4945 3660 5000; x_wconf 74' lang='lat' dir='ltr'><strong>salutem</strong></span> 
     </span>
    </p>
   </div>
   <div class='ocr_carea' id='block_1_113' title="bbox 2072 5031 3675 5107">
    <p class='ocr_par' dir='ltr' id='par_1_113' title="bbox 2072 5031 3675 5107">
     <span class='ocr_line' id='line_1_113' title="bbox 2072 5031 3675 5107; baseline 0.007 -22"><span class='ocrx_word' id='word_1_921' title='bbox 2072 5031 2304 5100; x_wconf 86' lang='lat' dir='ltr'><strong>Operari,</strong></span> <span class='ocrx_word' id='word_1_922' title='bbox 2333 5046 2546 5085; x_wconf 90' lang='lat' dir='ltr'><strong>crucem</strong></span> <span class='ocrx_word' id='word_1_923' title='bbox 2571 5031 2907 5088; x_wconf 84' lang='lat' dir='ltr'><strong>sustinuisse.</strong></span> <span class='ocrx_word' id='word_1_924' title='bbox 2955 5034 3180 5102; x_wconf 87' lang='lat' dir='ltr'><strong>Qualem</strong></span> <span class='ocrx_word' id='word_1_925' title='bbox 3223 5036 3382 5107; x_wconf 86' lang='lat' dir='ltr'><strong>igitur</strong></span> <span class='ocrx_word' id='word_1_926' title='bbox 3418 5038 3675 5097; x_wconf 80' lang='lat' dir='ltr'><strong>vicissim.</strong></span> 
     </span>
    </p>
   </div>
   <div class='ocr_carea' id='block_1_114' title="bbox 2071 5124 3658 5201">
    <p class='ocr_par' dir='ltr' id='par_1_114' title="bbox 2071 5124 3658 5201">
     <span class='ocr_line' id='line_1_114' title="bbox 2071 5124 3658 5201; baseline 0.005 -21"><span class='ocrx_word' id='word_1_927' title='bbox 2071 5140 2311 5180; x_wconf 87' lang='lat' dir='ltr'><strong>amorem</strong></span> <span class='ocrx_word' id='word_1_928' title='bbox 2353 5124 2609 5181; x_wconf 81' lang='lat' dir='ltr'><strong>exhibere</strong></span> <span class='ocrx_word' id='word_1_929' title='bbox 2654 5128 2949 5195; x_wconf 85' lang='lat' dir='ltr'><strong>poterimus</strong></span> <span class='ocrx_word' id='word_1_930' title='bbox 2989 5137 3096 5195; x_wconf 86' lang='lat' dir='ltr'><strong>tam</strong></span> <span class='ocrx_word' id='word_1_931' title='bbox 3134 5126 3353 5184; x_wconf 84' lang='lat' dir='ltr'><strong>divitem</strong></span> <span class='ocrx_word' id='word_1_932' title='bbox 3385 5146 3511 5201; x_wconf 85' lang='lat' dir='ltr'><strong>erga</strong></span> <span class='ocrx_word' id='word_1_933' title='bbox 3557 5147 3658 5188; x_wconf 80' lang='lat' dir='ltr'><strong>nos</strong></span> 
     </span>
    </p>
   </div>
   <div class='ocr_carea' id='block_1_115' title="bbox 2072 5218 3669 5295">
    <p class='ocr_par' dir='ltr' id='par_1_115' title="bbox 2072 5218 3669 5295">
     <span class='ocr_line' id='line_1_115' title="bbox 2072 5218 3669 5295; baseline 0.004 -22"><span class='ocrx_word' id='word_1_934' title='bbox 2072 5219 2348 5273; x_wconf 87' lang='lat' dir='ltr'><strong>caritatem</strong></span> <span class='ocrx_word' id='word_1_935' title='bbox 2364 5218 2653 5273; x_wconf 82' lang='lat' dir='ltr'><strong>deciaranti</strong></span> <span class='ocrx_word' id='word_1_936' title='bbox 2671 5219 2699 5272; x_wconf 61' lang='grc' dir='ltr'><em>á¼²</em></span> <span class='ocrx_word' id='word_1_937' title='bbox 2712 5219 2933 5277; x_wconf 86' lang='lat' dir='ltr'><strong>Etiamsi</strong></span> <span class='ocrx_word' id='word_1_938' title='bbox 2948 5221 3183 5277; x_wconf 84' lang='lat' dir='ltr'><strong>animam</strong></span> <span class='ocrx_word' id='word_1_939' title='bbox 3199 5223 3368 5292; x_wconf 82' lang='lat' dir='ltr'><strong>ipsam</strong></span> <span class='ocrx_word' id='word_1_940' title='bbox 3384 5224 3669 5295; x_wconf 43' lang='lat' dir='ltr'><strong>impendas</strong></span> 
     </span>
    </p>
   </div>
   <div class='ocr_carea' id='block_1_116' title="bbox 2073 5308 3659 5381">
    <p class='ocr_par' dir='ltr' id='par_1_116' title="bbox 2073 5308 3659 5381">
     <span class='ocr_line' id='line_1_116' title="bbox 2073 5308 3659 5381; baseline 0.004 -17"><span class='ocrx_word' id='word_1_941' title='bbox 2073 5322 2192 5364; x_wconf 89' lang='lat' dir='ltr'><strong>mus</strong></span> <span class='ocrx_word' id='word_1_942' title='bbox 2219 5323 2316 5379; x_wconf 90' lang='lat' dir='ltr'><strong>pro</strong></span> <span class='ocrx_word' id='word_1_943' title='bbox 2349 5308 2465 5377; x_wconf 85' lang='lat' dir='ltr'><strong>ejus</strong></span> <span class='ocrx_word' id='word_1_944' title='bbox 2499 5308 2722 5379; x_wconf 82' lang='lat' dir='ltr'><strong>legibus,</strong></span> <span class='ocrx_word' id='word_1_945' title='bbox 2751 5318 2806 5367; x_wconf 90' lang='lat' dir='ltr'><strong>et</strong></span> <span class='ocrx_word' id='word_1_946' title='bbox 2846 5326 2943 5381; x_wconf 90' lang='lat' dir='ltr'><strong>pro</strong></span> <span class='ocrx_word' id='word_1_947' title='bbox 2972 5312 3346 5373; x_wconf 77' lang='lat' dir='ltr'><strong>observatione</strong></span> <span class='ocrx_word' id='word_1_948' title='bbox 3374 5314 3659 5370; x_wconf 67' lang='lat' dir='ltr'><strong>mandato-</strong></span> 
     </span>
    </p>
   </div>
   <div class='ocr_carea' id='block_1_117' title="bbox 2072 5398 3662 5473">
    <p class='ocr_par' dir='ltr' id='par_1_117' title="bbox 2072 5398 3662 5473">
     <span class='ocr_line' id='line_1_117' title="bbox 2072 5398 3662 5473; baseline 0.007 -18"><span class='ocrx_word' id='word_1_949' title='bbox 2072 5415 2214 5463; x_wconf 86' lang='lat' dir='ltr'><strong>rum,</strong></span> <span class='ocrx_word' id='word_1_950' title='bbox 2241 5414 2360 5469; x_wconf 78' lang='lat' dir='ltr'><strong>qua:</strong></span> <span class='ocrx_word' id='word_1_951' title='bbox 2379 5398 2445 5453; x_wconf 88' lang='lat' dir='ltr'><strong>ab</strong></span> <span class='ocrx_word' id='word_1_952' title='bbox 2472 5399 2591 5469; x_wconf 90' lang='lat' dir='ltr'><strong>ipso</strong></span> <span class='ocrx_word' id='word_1_953' title='bbox 2609 5409 2733 5463; x_wconf 90' lang='lat' dir='ltr'><strong>sunt</strong></span> <span class='ocrx_word' id='word_1_954' title='bbox 2759 5401 2885 5459; x_wconf 84' lang='lat' dir='ltr'><strong>data</strong></span> <span class='ocrx_word' id='word_1_955' title='bbox 2906 5443 2923 5469; x_wconf 93' lang='lat'><strong>,</strong></span> <span class='ocrx_word' id='word_1_956' title='bbox 2973 5418 3147 5473; x_wconf 87' lang='lat' dir='ltr'><strong>neque</strong></span> <span class='ocrx_word' id='word_1_957' title='bbox 3192 5401 3271 5461; x_wconf 86' lang='lat' dir='ltr'><strong>sic</strong></span> <span class='ocrx_word' id='word_1_958' title='bbox 3311 5404 3387 5463; x_wconf 81' lang='lat' dir='ltr'><strong>ad</strong></span> <span class='ocrx_word' id='word_1_959' title='bbox 3418 5406 3662 5466; x_wconf 73' lang='lat' dir='ltr'><strong>caritatis.</strong></span> 
     </span>
    </p>
   </div>
   <div class='ocr_carea' id='block_1_118' title="bbox 2072 5489 3657 5566">
    <p class='ocr_par' dir='ltr' id='par_1_118' title="bbox 2072 5489 3657 5566">
     <span class='ocr_line' id='line_1_118' title="bbox 2072 5489 3657 5566; baseline 0.006 -22"><span class='ocrx_word' id='word_1_960' title='bbox 2072 5489 2290 5544; x_wconf 90' lang='lat' dir='ltr'><strong>modum</strong></span> <span class='ocrx_word' id='word_1_961' title='bbox 2340 5490 2643 5561; x_wconf 79' lang='lat' dir='ltr'><strong>pertingere</strong></span> <span class='ocrx_word' id='word_1_962' title='bbox 2682 5493 3014 5563; x_wconf 83' lang='lat' dir='ltr'><strong>poterimus,</strong></span> <span class='ocrx_word' id='word_1_963' title='bbox 3061 5509 3221 5564; x_wconf 84' lang='lat' dir='ltr'><strong>quam</strong></span> <span class='ocrx_word' id='word_1_964' title='bbox 3248 5511 3375 5566; x_wconf 75' lang='lat' dir='ltr'><strong>erga</strong></span> <span class='ocrx_word' id='word_1_965' title='bbox 3411 5505 3657 5554; x_wconf 75' lang='lat' dir='ltr'><strong>nostrum</strong></span> 
     </span>
    </p>
   </div>
   <div class='ocr_carea' id='block_1_119' title="bbox 2073 5579 3660 5658">
    <p class='ocr_par' dir='ltr' id='par_1_119' title="bbox 2073 5579 3660 5658">
     <span class='ocr_line' id='line_1_119' title="bbox 2073 5579 3660 5658; baseline 0.004 -22"><span class='ocrx_word' id='word_1_966' title='bbox 2073 5579 2363 5637; x_wconf 84' lang='lat' dir='ltr'><strong>declaravit</strong></span> <span class='ocrx_word' id='word_1_967' title='bbox 2410 5596 2597 5652; x_wconf 84' lang='lat' dir='ltr'><strong>genus.</strong></span> <span class='ocrx_word' id='word_1_968' title='bbox 2639 5582 2759 5653; x_wconf 81' lang='lat' dir='ltr'><strong>ipse</strong></span> <span class='ocrx_word' id='word_1_969' title='bbox 2805 5585 2948 5638; x_wconf 84' lang='lat' dir='ltr'><strong>enim</strong></span> <span class='ocrx_word' id='word_1_970' title='bbox 2992 5585 3135 5641; x_wconf 85' lang='lat' dir='ltr'><strong>Deus</strong></span> <span class='ocrx_word' id='word_1_971' title='bbox 3179 5601 3301 5643; x_wconf 90' lang='lat' dir='ltr'><strong>cum</strong></span> <span class='ocrx_word' id='word_1_972' title='bbox 3345 5598 3529 5654; x_wconf 80' lang='lat' dir='ltr'><strong>esset,</strong></span> <span class='ocrx_word' id='word_1_973' title='bbox 3558 5604 3660 5658; x_wconf 80' lang='lat' dir='ltr'><strong>pro</strong></span> 
     </span>
    </p>
   </div>
   <div class='ocr_carea' id='block_1_120' title="bbox 2075 5673 3669 5749">
    <p class='ocr_par' dir='ltr' id='par_1_120' title="bbox 2075 5673 3669 5749">
     <span class='ocr_line' id='line_1_120' title="bbox 2075 5673 3669 5749; baseline 0.004 -21"><span class='ocrx_word' id='word_1_974' title='bbox 2075 5674 2379 5739; x_wconf 82' lang='lat' dir='ltr'><strong>hominibus</strong></span> <span class='ocrx_word' id='word_1_975' title='bbox 2399 5673 2508 5737; x_wconf 76' lang='lat' dir='ltr'><strong>hoc</strong></span> <span class='ocrx_word' id='word_1_976' title='bbox 2530 5676 2714 5741; x_wconf 77' lang='lat' dir='ltr'><strong>subiit,</strong></span> <span class='ocrx_word' id='word_1_977' title='bbox 2737 5684 2793 5749; x_wconf 81' lang='lat' dir='ltr'><strong>et</strong></span> <span class='ocrx_word' id='word_1_978' title='bbox 2822 5677 3081 5735; x_wconf 83' lang='lat' dir='ltr'><strong>Dominus</strong></span> <span class='ocrx_word' id='word_1_979' title='bbox 3103 5693 3209 5747; x_wconf 87' lang='lat' dir='ltr'><strong>pro.</strong></span> <span class='ocrx_word' id='word_1_980' title='bbox 3223 5680 3427 5744; x_wconf 83' lang='lat' dir='ltr'><strong>servis;</strong></span> <span class='ocrx_word' id='word_1_981' title='bbox 3457 5695 3521 5733; x_wconf 85' lang='lat' dir='ltr'><strong>ac</strong></span> <span class='ocrx_word' id='word_1_982' title='bbox 3546 5694 3669 5735; x_wconf 70' lang='lat' dir='ltr'><strong>non.</strong></span> 
     </span>
    </p>
   </div>
   <div class='ocr_carea' id='block_1_121' title="bbox 2076 5766 3675 5841">
    <p class='ocr_par' dir='ltr' id='par_1_121' title="bbox 2076 5766 3675 5841">
     <span class='ocr_line' id='line_1_121' title="bbox 2076 5766 3675 5841; baseline 0.005 -20"><span class='ocrx_word' id='word_1_983' title='bbox 2076 5779 2174 5835; x_wconf 81' lang='lat' dir='ltr'><strong>pro</strong></span> <span class='ocrx_word' id='word_1_984' title='bbox 2194 5767 2361 5831; x_wconf 75' lang='lat' dir='ltr'><strong>servis</strong></span> <span class='ocrx_word' id='word_1_985' title='bbox 2390 5767 2736 5838; x_wconf 78' lang='lat' dir='ltr'><strong>simpliciter,</strong></span> <span class='ocrx_word' id='word_1_986' title='bbox 2776 5766 2873 5824; x_wconf 81' lang='lat' dir='ltr'><strong>sed</strong></span> <span class='ocrx_word' id='word_1_987' title='bbox 2915 5768 3260 5839; x_wconf 24' lang='lat' dir='ltr'><strong>prewmgratis</strong></span> <span class='ocrx_word' id='word_1_988' title='bbox 3286 5781 3340 5827; x_wconf 90' lang='lat' dir='ltr'><strong>et</strong></span> <span class='ocrx_word' id='word_1_989' title='bbox 3385 5772 3675 5841; x_wconf 80' lang='lat' dir='ltr'><strong>perpetuis.</strong></span> 
     </span>
    </p>
   </div>
  </div>
