4092 6408
445 397 546 456 '52!

445 601 571 654 σίαν
591 597 926 663 ἐπεδείξατοι
947 600 1106 668 ἡμεῖς
1125 599 1203 662 δὲ,
1225 600 1362 669 ὅπερ
1381 599 1448 653 ἀν
1475 597 1845 664 ἐπιδείξασθαι
1869 594 2020 669 [διο]

1209 396 1270 456 S.
1309 396 1594 456 J’OANNIS
1631 393 2125 455 CHRYSOSTOMI
2153 397 2470 459 ARCIIIEP.
2509 404 3059 466 CONSTANTINOP.

444 512 696 582 ἀναξίους
715 513 810 568 καὶ
840 513 1009 586 μυρία
1035 515 1364 580 ἐπταικότας
1393 515 1492 587 τὴν
1517 513 1784 585 τοσαύτην
1807 513 2024 586 εὐεργε-

3584 399 3690 467 δεῖ

2123 512 2225 584 τῆς
2254 521 2527 590 προσοχῆς
2546 561 2562 584 ,
2595 523 2682 576 ἵνα
2708 507 3025 596 δυνηθῶμεν
3071 522 3177 576 ὑπὸ
3212 521 3304 577 τοῦ
3330 523 3488 592 ἀγίου
3520 524 3690 579 Πνεύ-

2124 613 2294 667 ματος
2325 601 2658 674 ὁδηγηθῆναι
2686 607 2780 659 ἐπὶ
2805 605 2906 677 τήν
2933 605 3262 678 κατανόησιν
3302 605 3413 659 τῶν
3444 623 3690 678 γεγραμ-

445 682 782 753 δυνηθῶμεν,
819 681 969 734 οὐδὲν
1002 681 1146 752 μέγα
1172 681 1433 752 ποιοῦμεν
1455 683 1548 735 τὸν
1583 694 1609 728 ι
1635 681 2024 753 προφθάσαντα
2128 680 2324 751 μένων,
2357 688 2455 740 καὶ
2493 688 2695 761 πολλὴν
2725 690 2934 744 ἐκεῖθεν
2965 689 3065 761 τὴν
3089 689 3359 758 ὠφέλειαν
3399 691 3691 761 καρπώσα-

444 769 566 830 ταῐς
591 765 881 829 τοσαύταις
905 765 1244 836 εὐεργεσίαις
1269 767 1419 837 ἡμᾶς
1444 765 1768 836 ἀμείϐεσθαι
1799 763 2023 819 σπουδά-

444 847 649 912 ζοντες.
702 849 785 903 Τά
828 849 944 920 γὰρ.
982 849 1117 920 παρ’
1155 848 1336 919 ήμῶν,
1369 849 1437 904 ἀν
1481 848 1591 920 ἀρα
1630 849 2018 909 ἀκολουθῶσιν,

440 931 644 1004 ἀμοιϐή
672 931 756 996 τίς
781 933 897 985 ἐστι
926 932 1022 985 καίΙ
1039 931 1228 1002 όφειλή
1251 949 1266 962 ·
1298 932 1368 986 τά
1397 932 1454 986 δὲ
1488 933 1618 1005 παρ’
1643 931 1832 998 αὐτοῦ,
1861 931 2020 1002 χάρις

441 1016 537 1071 καὶ
561 1014 892 1083 εὐεργεσίαι,
939 1015 1033 1069 καὶ
1067 1015 1285 1087 δωρεᾶς
1311 1016 1564 1088 μέγεθος.
1589 1015 1795 1070 ’Ταῦτα
1841 1014 2018 1068 τοίνυν

440 1100 655 1154 ἅπαντα
670 1097 1028 1167 λογιζόμενοι,
1057 1098 1431 1169 ἀγαπήσωμεν
1458 1100 1550 1152 τὸν
1569 1099 1823 1170 Χριστὸν,
1850 1097 2017 1153 καθά-

438 1199 546 1254 περ
571 1181 784 1246 Παῦλος
804 1179 967 1235 αὐτὸν
984 1181 1260 1252 ἠγάπησε,
1283 1183 1378 1235 καὶ
1401 1181 1588 1253 μηδεὶς
1606 1184 1738 1253 ήμῖν
1757 1180 1866 1234 τῶν
1883 1197 2016 1250 παρ-

435 1267 604 1321 όντων
638 1265 784 1318 ἔστω»
815 1263 994 1332 λόγος,
1045 1263 1182 1317 ἀλλά
1221 1263 1483 1334 διηνεκῶς
1517 1265 1609 1318 τὸν
1647 1264 1811 1320 αὐτοῦ
1850 1264 2014 1318 πόθον

437 1350 650 1420 ἔχωμεν
684 1347 973 1421 ἱδρυμένον
1015 1346 1174 1418 ἡμῶν
1230 1349 1297 1419 τῇ
1347 1347 1514 1418 ψυχῇ.
1564 1347 1721 1401 Οὕτω
1763 1348 1871 1418 γὰρ
1919 1347 2013 1400 καὶ

435 1434 652 1488 πάντων
684 1430 1168 1500 καταγελασόμεθα
1193 1430 1304 1485 τῶν
1330 1431 1423 1484 τοῦ
1451 1432 1717 1504 παρόντος
1748 1430 1882 1502 βίου,
1919 1431 2012 1484 καὶ

432 1517 577 1571 οὕτω
602 1516 701 1588 τὴν
726 1517 828 1587 γῆν
861 1513 1114 1583 καθάπερ
1153 1513 1250 1571 τὸν,
1285 1513 1514 1585 οὐρανὸν
1541 1516 1855 1586 οἰκήσομεν,
1885 1513 2009 1572 οὐτε

433 1600 541 1654 ὑπὸ
571 1598 678 1652 τῶν
731 1595 982 1674 χρηστῶν
1026 1594 1263 1650 ἐνταῦθα,
1309 1597 1690 1668 χαυνούμενοι,
1733 1595 1856 1651 οὗτε
1904 1596 2009 1650 ὑπὸ

432 1683 540 1736 τῶν
572 1680 832 1750 λυπηρῶν
865 1678 1276 1750 συστελλόμενοι
1295 1695 1310 1709 ο
1350 1679 1488 1738 ἀλλά
1519 1681 1698 1735 πάντα
1728 1679 2008 1752 παρατρέ-

431 1784 618 1838 χοντες
644 1765 780 1836 πρὸς
800 1764 890 1816 τὸν
916 1762 1252 1833 ποθούμενον
1276 1764 1434 1834 ἡμῶν
1465 1764 1741 1834 Δεσπότην
1760 1763 2010 1818 ἐντεῦθεν

431 1845 888 1920 ἐπειχθησόμεθα,
918 1847 1015 1900 καὶ
1045 1846 1181 1916 μήτε
1221 1846 1358 1917 πρὸς
1409 1846 1580 1918 αὐτὴν
1609 1846 1707 1918 τὴν
1753 1847 2009 1918 μὲλλησιν

428 1929 757 2004 δυσχερανοῦ
766 1947 885 2001 μεν,
903 1928 1017 1984 ἀλλ’
1041 1927 1275 2000 ἐροῦμεν
1305 1929 1448 1983 κατά
1471 1929 1563 1982 τὸν
1595 1931 1861 2002 μακάριον
1882 1930 2007 1985 τοῦτο

427 2033 520 2070 τον
555 2014 652 2070 καὶ
689 2015 871 2084 ἡμεῖς,
903 2013 984 2068 ὅτι
1009 2012 1074 2064 Ὃ
1101 2011 1218 2066 νῦν
1253 2011 1438 2076 ζῶμεν
1468 2012 1539 2065 ἐν
1563 2013 1770 2081 σαρκὶ,
1805 2013 1876 2066 ἐν
1911 2015 2008 2066 πί-

427 2115 560 2152 στει
597 2097 782 2167 ζῶμεν
813 2094 891 2164 τῇ
911 2093 1018 2149 τοῦ
1062 2093 1198 2151 Υιοῦ
1233 2093 1340 2149 τοῦ
1380 2094 1550 2159 Θεοῦ,
1579 2093 2007 2164 ἀγαπήσαντος

425 2180 607 2250 ⁴ἡμᾶς,
635 2179 732 2240 καί
757 2176 1132 2246 παραδόντος
1149 2177 1369 2232 ἑαυτὸν
1399 2177 1551 2246 ὑπὲρ
1566 2175 1761 2246 ἡμῶν·
1796 2178 1884 2232 ἴνα
1912 2179 2008 2234 κα).

425 2267 520 2319 τὸν
535 2265 778 2335 παρόντα
797 2263 910 2332 βίον
922 2261 1142 2325 ἀλύπως
1163 2261 1520 2332 διανύσωμεν,
1544 2262 1762 2318 καὶτῶν
1784 2261 2005 2333 μελλόν-

425 2366 542 2403 των,
559 2344 775 2416 ἀγαθῶν
787 2343 1091 2400 ἀπολαῦσαι
1111 2342 1562 2413 καταξιωθῶμεν,
1592 2344 1773 2416 χάριτι
1794 2345 1887 2402 καὶ
1915 2362 2005 2414 φι-

425 2430 744 2503 λανθρωπίᾳ
765 2428 866 2488 τοῦ
890 2427 1092 2500 Κυρίου
1120 2426 1282 2499 ήμῶν
1309 2427 1484 2498 Ἰησοῦ
1510 2427 1770 2497 Χριστοῦ,
1803 2427 1922 2498 μεθ’
1945 2421 2006 2485 οὗ

423 2523 504 2594 τῷ
524 2521 719 2593 Ηατρὶ,
766 2520 881 2589 ἃμα
927 2518 1005 2591 τῷ
1052 2518 1190 2590 άγίῳ
1231 2518 1546 2589 Πνεύματι,
1595 2519 1743 2584 δόξα,
1784 2519 2003 2590 κράτος,

423 2606 580 2678 τιμὴ,
613 2604 707 2660 νῦν
733 2603 830 2666 καὶ⁵
861 2604 966 2666 ἀεὶ,
995 2603 1091 2657 καὶ
1119 2603 1199 2665 εἰς
1229 2601 1356 2666 τοὺς
1391 2601 1591 2666 αἰῶνας
1626 2601 1734 2654 τῶν
1773 2601 2004 2661 αἰώνων.

436 2691 492 2743 Ἀ
501 2691 630 2761 μήν.

1012 2778 1256 2832 οινιιΑιΑ
1294 2777 1419 2831 AE’.

437 2864 698 2934 Ἐγένετο
731 2863 800 2916 δὲ
826 2863 898 2934 ἐν
937 2861 1018 2934 τῇ
1054 2861 1338 2934 βασιλείᾳ
1373 2859 1668 2934 Nam“
1698 2859 2004 2934 βασίυὲέευς

491 2928 786 3002 Σενναὰρ,
823 2928 1021 3002 Ἀριὼχ
1053 2930 1358 3002 βασιλεὺς
1387 2930 1664 3002 ᾍλασάρ,
1697 2930 1794 3002 καὶ
1829 2928 2002 3002 Χοδο-

490 2997 750 3073 λογομὸρ
764 2997 1412 3073 ἐαάιλεὺςἘλάμο,καῖ
1440 2997 1675 3073 Θαρθάιι
1701 2997 2003 3073 βρσελεὺς

493 3067 613 3136 τῶν
636 3067 848 3136 ’ἐθνῶν
884 3071 1182 3138 ἐποίησαν
1219 3067 1487 3139 πόλεμον
1508 3067 1659 3138 μετὰ
1679 3068 1786 3122 τοῦ
1813 3068 2001 3133 βασι·-

493 3143 648 3208 .2έως
677 3141 795 3195 τῶν
820 3139 1123 3209 Σοδόμων.

492 3234 562 3282 α’.
592 3226 754 3294 Μέγα
802 3223 1027 3292 ἀγαθὸν,
1063 3222 1354 3292 ἀγαπητοὶ,
1376 3219 1486 3275 τῶν
1511 3219 1670 3273 θείων
1705 3218 1936 3290 Γραφῶν
1963 3221 1998 3291 ή

423 3309 751 3379 ἀνάγνωσις.
777 3307 948 3360 Τοῦτο
975 3305 1072 3378 τὴν
1095 3306 1272 3376 ψυχὴν
1296 3304 1582 3373 φιλόσοφον
1605 3301 1999 3373 ἀπεργάζεται.

421 3395 582 3447 τοῦτο
606 3391 742 3464 πρὸς
762 3390 853 3444 τὸν
876 3389 1104 3461 οὐρανὸν
1136 3387 1422 3460 μεθίστησι
1451 3387 1549 3458 τὴν
1570 3386 1827 3447 διάνοιαν,
1845 3386 2002 3440 τοῦτο

423 3475 745 3547 εὐχάριστον
775 3471 1173 3535 κατασκευάζει
1210 3470 1301 3524 τὸν
1331 3469 1638 3540 ἄνθρωπον,
1679 3467 1837 3521 τοῦτο
1859 3469 2002 3521 ποιεῖ

421 3559 560 3630 πρὸς
585 3556 752 3629 μηδὲν
775 3554 884 3609 τῶν
906 3553 1188 3625 παρόντων
1215 3551 1530 3622 ἐπτοῆσθαι,
1557 3550 1716 3604 τοῦτο
1738 3550 2001 3621 διηνεκῶς

421 3631 541 3704 ἐκεῖ
571 3641 714 3699 ποιεῖ
733 3636 1041 3703 διαιτᾶσθαι
1068 3636 1159 3689 τὸν
1187 3635 1444 3714 λογισμὸν
1474 3634 1568 3687 τὸν
1596 3634 1764 3704 ήμέτε
1773 3650 1887 3704 ρον,
1907 3634 2001 3686 καὶ

424 3723 563 3796 πρὸς
613 3720 713 3796 τὴν
754 3720 855 3780 τοῦ
900 3720 1171 3784 Δεσπότου
1222 3717 1458 3796 ἀμοιϐὴν
1495 3717 1737 3788 ὁρῶντας
1785 3715 1999 3770 ᾶπαντα

422 3794 572 3877 ἡ
603 3794 1061 3880 διαπράττεσθαι,
1095 3801 1189 3854 καὶ
1216 3801 1355 3879 πρὸς
1385 3794 1510 3864 τοὺς
1545 3799 1645 3880 τῆς
1668 3798 1870 3869 ἀρετῆς
1899 3796 1999 3880 πῤ..

423 3904 550 3954 νους
577 3884 712 3957 μετά
747 3879 951 3953 πολλῆς
982 3884 1259 3954 ἐγχειρεῖν
1284 3883 1382 3952 τῆς
1418 3879 1744 3953 προθυμίας.
1784 3879 1998 3933 Ἐντεῦ-

423 3971 516 4024 θεν
531 3971 640 4041 γάρ
663 3969 778 4034 ἐστι
810 3966 1002 4038 μαθεῖν
1028 3965 1274 4037 ἀκριϐῶς
1293 3965 1394 4034 τῆς
1415 3965 1635 4041 ταχείας
1665 3963 2000 4035 ἀντιλήψεως

422 4051 516 4106 τοῦ
545 4037 679 4105 Θεοῦ
710 4049 810 4121 τήν
856 4050 1135 4120 πρόνοιαν,
1165 4047 1273 4102 τῶν
1310 4037 1535 4104 δικαίων
1580 4048 1679 4118 τήν
1723 4045 1996 4117 ἀνδρείαν,

422 4134 515 4198 τοῦ
561 4134 830 4200 Δεσπότου
863 4132 960 4203 τήν
992 4131 1331 4202 ἀγαθότητα,
1369 4133 1464 4185 καὶ
1516 4131 1625 4184 τῶν
1649 4122 1901 4199 ’ἀμοιηϐῶν
1938 4128 1998 4181 τὸ

427 4216 674 4289 μέγεθος.
734 4213 1012 4269 Ἐντεῦθεν
1058 4215 1207 4268 ἐστιν
1267 4216 1350 4278 είς
1403 4213 1566 4283 ζῆλον
1615 4205 1717 4267 και
1771 4210 1998 4282 μίμησιν

424 4299 766 4372 διεγερθῆναι
811 4299 910 4370 τῆς
961 4297 1275 4366 φιλοσοφίας
1313 4296 1422 4358 τῶν
1465 4295 1727 4365 γενναίων
1765 4293 1994 4364 ἀνδρῶν,

426 4375 634 4453 καὶμὴ
665 4382 871 4452 ναρκᾷν
907 4383 1040 4449 πρὸς
1073 4381 1199 4442 τούς
1228 4380 1326 4450 τῆς
1356 4378 1556 4449 ἀρετῆς
1581 4377 1826 4446 ἀγῶνας.
1863 4374 1998 4428 ἀλλά

426 4465 650 4537 θαρρεῖν
680 4461 773 4532 καὶ
819 4461 925 4533 πρὸ
961 4462 1063 4532 τῆς
1095 4460 1374 4524 ἐκϐάσεως
1400 4463 1520 4524 ταῖς
1547 4460 1699 4532 παρά
1741 4458 1834 4526 τοῦ
1862 4457 1997 4512 Θεοῦ

426 4546 778 4618 ὑποσχέσεσι.
810 4547 888 4598 Δι’
917 4545 966 4610 δ,
1005 4543 1325 4616 παρακαλῶ,
1362 4542 1498 4614 μετά
1524 4541 1726 4612 πολλῆς
1761 4539 1999 4609 σπουδῆς

423 4631 529 4702 τὴν
559 4627 868 4697 ἀνάγνωσιν
899 4627 1008 4680 τῶν
1041 4625 1201 4680 θείων
1243 4624 1475 4697 Γραφῶν
1507 4623 1809 4694 ποιώμεθα.
1839 4622 1998 4677 Οὕτω

423 4714 532 4782 γὰρ
578 4712 672 4777 καὶ
720 4711 822 4782 τῆς
874 4708 1128 4778 γνώσεως
1183 4708 1574 4778 ἐπιτευξόμεθα
1597 4747 1612 4770 ,
1663 4708 1712 4761 εί
1759 4708 1999 4779 συνεχῶς

424 4797 668 4866 ἐπίωμεν
715 4792 798 4847 τά’
833 4791 1140 4866 ἐγκείμενα.
1201 4790 1336 4844 Οὐδὲ
1386 4791 1495 4860 γάρ
1550 4792 1667 4844 ἐστι
1713 4789 1808 4845 τὸν
1863 4785 1999 4861 μετά

427 4862 666 4946 σπουδῆς
697 4876 793 4946 καὶ
823 4862 1018 4944 πολλοῦ
1051 4873 1218 4927 πόθου
1249 4875 1364 4936 τοῖς
1393 4872 1559 4937 θείοις
1605 4873 1998 4944 ἐντυγχάνοντα

425 4959 604 5028 λόγοις
621 4960 651 5000 Β
680 4957 1042 5030 περιοφθῆναι·
1061 4974 1191 5011 ποτε
1211 4973 1227 4996 ι
1259 4955 1398 5010 ἀλλά
1428 4956 1532 5011 κάν
1558 4957 1840 5026 ἅνθρωπος
1868 4959 2000 5028 ἡμῖν

433 5046 508 5114 μὴ
550 5035 774 5112 γένηται
801 5041 1116 5104 διδάσκαλος
1139 5083 1154 5106 ,
1200 5039 1363 5103 αὐτὸς
1402 5041 1431 5094 ό
1471 5039 1746 5110 Δεσπότης
1791 5040 1999 5094 ἀνωθεν

431 5125 754 5196 ἐμϐατεύων
812 5128 931 5188 ταῖς
988 5125 1232 5196 καρδίαις
1282 5124 1400 5186 ταῖς
1436 5123 1730 5196 ἡμετέραις
1776 5123 1999 5192 φωτίζει

427 5211 526 5280 τὴν
553 5210 813 5270 διάνοιαν,
858 5206 1193 5273 καταυγάζει
1225 5206 1317 5260 τὸν
1358 5204 1640 5276 λογισμὸν,
1671 5205 1999 5260 ἐκκαλύπτει

427 5294 496 5347 τὰ
515 5292 868 5355 λανθάνοντα,
886 5288 1201 5350 διδάσκαλος
1219 5290 1349 5359 ήμῖν
1366 5289 1575 5357 γίνεται
1592 5287 1700 5340 τῶν
1714 5289 2003 5360 ἀγνοουμέ-

430 5395 563 5430 νων·
592 5376 751 5447 μόνον
776 5372 930 5446 [550]
946 5371 1040 5424 ἐὰν
1061 5373 1219 5441 ἡμεῖς
1238 5367 1307 5424 τά
1335 5371 1464 5440 παρ’
1495 5371 1703 5425 ἑαυτῶν
1725 5373 2002 5444 εἰσφέρειν

433 5457 772 5527 βουλώμεθα.
806 5453 903 5520 Μὴ
944 5453 1244 5521 καλέσητε
1275 5453 1404 5524 γὰρ,
1438 5456 1590 5525 φησι,
1628 5453 2004 5526 διδάσκαλον

432 5539 532 5592 ἐπὶ
564 5538 674 5607 τῆς
718 5535 852 5610 γῆς.
906 5535 1154 5590 Ἐπειδὰν
1198 5531 1290 5592 οῦν
1333 5535 1586 5607 λάϐωμεν
1633 5537 1770 5608 μετά
1816 5540 2004 5611 χεῖρας

439 5627 637 5697 βιϐλίον
666 5626 1054 5696 πνευματικὸν,
1097 5624 1466 5688 συντείναντες
1517 5625 1729 5678 ἑαυτῶν
1762 5626 1862 5696 τὴν
1893 5628 2005 5695 διάτ-

436 5729 604 5773 νοιαν,
655 5713 742 5766 διαὶ
784 5709 1181 5779 συναγαγόντες
1211 5708 1304 5760 τὸν
1355 5707 1636 5778 λογισμὸν,
1687 5709 1780 5762 καὶ
1825 5712 2006 5766 πᾶσαν

443 5789 696 5860 βιωτικὴι
729 5793 934 5845 ἔννοιαν
962 5790 1332 5858 ἀπωσάμενοι,
1362 5789 1506 5843 οὕτω
1555 5791 1655 5860 τὴν
1700 5792 2005 5860 ἀνάγνωσιν

445 5873 722 5939 ποιώμεθα
753 5874 891 5943 μετά
919 5873 1118 5940 πολλῆς
1145 5873 1242 5940 τῆς
1267 5873 1552 5948 εὐλαϐείας
1583 5914 1598 5938 ,
1629 5876 1766 5942 μετά
1803 5876 2004 5948 πολλῆς

445 6015 478 6068 F
502 5956 530 5982 ⁴¹
555 5955 650 6004 Αίίἱ
680 5954 919 6016 ποιοῦμεν,
941 5954 1022 6005 alii
1044 5956 1267 6017 ποιῶμεν.
1336 5954 1364 5992 δ
1389 5955 1617 6006 Additum
1641 5957 1793 6018 λόγοις
1813 5973 1839 6006 e
1860 5960 2008 6012 Cois].

471 6027 577 6066 λυιτ.

471 6027 577 6066 ὶυιῖ.

2122 762 2264 819 σθαι.
2293 768 2404 822 Καὶ
2433 771 2543 842 γάρ
2564 772 2594 824 ό
2619 771 2872 843 εὐνοῦχος
2901 774 3108 836 ἐκεῖνος
3135 775 3164 826 ό
3200 771 3494 844 βάρϐαρος,
3531 776 3560 827 6
3588 773 3690 842 τῆς

2120 845 2440 924 βασιλίσσης
2468 854 2760 919 Αίθιόπων,
2795 855 2854 907 ἐν
2879 855 3115 926 τοσαύτῃ
3140 856 3423 926 τυγχάνων
3450 872 3689 927 περιφα-

2118 929 2259 1002 νείᾳ,
2278 935 2371 988 καὶ
2392 935 2485 988 ἐπὶ
2511 936 2604 990 τοῦ
2636 937 2907 1007 ὀχήματος
2935 937 3386 1009 φερόμενοςνοὺδέ
3415 939 3474 992 ιν
3497 938 3695 1008 ἐκείνου

2116 1011 2194 1082 τῷ
2217 1017 2396 1088 καιρῷ
2421 1017 2522 1088 τῆς
2549 1017 2908 1087 ἀναγνώσεως
2935 1019 3158 1090 ήμέλει,
3190 1019 3327 1072 ἀλλά
3346 1019 3441 1073 τὸν
3470 1021 3688 1090 προφή-

2115 1113 2216 1168 την
2249 1099 2389 1170 ἔχων
2417 1101 2556 1171 μετὰ
2580 1104 2796 1174 χεῖρας,
2826 1101 3026 1173 πολλὴν
3053 1103 3288 1156 ἐποιεῖτο
3311 1102 3411 1173 τὴν
3451 1101 3689 1175 σπουδὴν

2114 1181 2253 1252 πρὸς
2284 1183 2381 1254 τὴν
2407 1185 2714 1253 ἀνάγνωσιν
2730 1195 2777 1250 ο,
2827 1185 2920 1238 καὶ
2963 1185 3133 1240 ταῦτα
3161 1184 3262 1239 οὐκ
3293 1185 3450 1249 εἰδὼς
3502 1185 3571 1239 τὰ
3595 1186 3689 1254 ἐγκ-

2115 1265 2376 1335 κείμεναο
2412 1267 2527 1320 ἀλλ’
2581 1269 2731 1338 ὅμως
2765 1267 2954 1340 ἐπειδὴ
2994 1267 3066 1322 τά
3108 1268 3241 1340 παρ’
3274 1268 3470 1322 ἑαυτοῦ
3507 1269 3689 1323 πάντα

2114 1347 2420 1419 εἰσήνεγκε,
2447 1349 2546 1422 τὴν
2576 1349 2829 1421 σπουδὴν,
2863 1351 2964 1422 τὴν
3006 1349 3339 1422 προθυμίαν,
3384 1350 3484 1422 τὴν
3514 1365 3688 1419 προσ-

2111 1430 2264 1502 οχὴν,
2295 1432 2526 1503 ἐπέτυχε
2569 1433 2666 1486 τοῦ
2707 1433 3200 1507 καθοδηγήσαντος.
3248 1435 3530 1505 Ἐννόησον
3575 1435 3686 1504 γάρ

2113 1529 2204 1584 μοι
2227 1513 2350 1567 ὅσον
2372 1509 2464 1586 ἦν,
2500 1517 2637 1587 μήτε
2679 1517 3063 1589 ὁδοιποροῦντα
3105 1518 3380 1589 ἀμελῆσαι
3408 1516 3511 1587 τῆς
3553 1519 3687 1572 ἀνα-

2111 1595 2385 1665 γνώσεως,
2402 1599 2499 1654 καὶ
2527 1599 2699 1654 ταῦτα
2721 1603 2811 1656 ἐπ’
2829 1601 3103 1673 ὀχήματος
3127 1602 3456 1674 καθήμενον.
3476 1602 3685 1654 ’Δκουέ-

2107 1694 2286 1734 τωσαν
2317 1681 2370 1733 οἱ
2403 1681 2538 1752 μηδὲ
2579 1683 2674 1736 ἐπὶ
2699 1683 2800 1754 τῆς
2845 1683 3018 1748 οἰκίας
3047 1685 3208 1738 τοῦτο
3252 1685 3471 1756 ποιῆσαι
3515 1699 3685 1737 κατα-

2107 1763 2412 1836 δεχόμενοι,
2450 1765 2588 1820 ἀλλά
2611 1767 2926 1836 νομίζοντες
2960 1767 3237 1840 πάρεργον
3265 1764 3402 1820 εἶναι
3439 1765 3535 1836 τὴν
3559 1765 3684 1819 τούο

2107 1863 2218 1901 των
2262 1849 2588 1918 ἀνάγνωσιν,
2635 1850 2730 1904 καὶ
2768 1850 2856 1904 διά
2896 1851 2958 1904 τὸ
3003 1851 3225 1920 γυναικὶ
3266 1851 3549 1912 συνοικεῖν,
3586 1847 3682 1899 καὶ

2109 1931 2364 2004 στρατείᾳ
2419 1931 2809 2002 κατειλῆφθαι,
2840 1932 2933 1988 καὶ
2970 1933 3199 1988 παιδίων
3228 1930 3550 2006 φροντίζειν,
3585 1930 3681 1982 καὶ

2107 2012 2333 2066 οἰκετῶν
2360 2014 2754 2085 ἐπιμελεῖσθαι,
2783 2016 2878 2069 καὶ
2921 2015 3123 2087 ἐτέρων
3157 2015 3498 2087 πραγμάτων
3532 2013 3681 2083 ἔχειν

2109 2095 2388 2166 φροντίδα,
2416 2096 2490 2168 μὴ
2513 2099 2810 2169 προσήκειν
2835 2099 3019 2163 αὐτοῖς
3035 2098 3062 2137 ά
3097 2099 3224 2170 περὶ
3250 2099 3351 2168 τὴν
3377 2096 3486 2150 τῶν
3517 2095 3682 2148 θείων

2107 2177 2340 2250 Γρσφῶν
2365 2180 2669 2248 ἀνάγνωσιν
2706 2179 2851 2251 ἔχειν
2889 2181 3146 2250 σπουδήν.
3191 2180 3323 2234 Ἰδοὺ
3360 2180 3471 2249 γὰρ
3501 2178 3679 2232 εὐνοῦ-

2108 2276 2222 2330 χος,
2250 2259 2534 2333 ἄνθρωπος
2569 2261 2876 2334 βάρϐαρος,
2907 2263 3193 2334 ἀμφότερα
3227 2260 3385 2315 ἰκανά
3430 2263 3510 2318 εἰς
3546 2260 3679 2313 πολι

2107 2342 2204 2415 λὴν
2249 2345 2522 2416 ρᾳθυμίαν
2571 2345 2848 2415 ἐμϐαλεῖν,
2896 2347 2989 2402 καί
3037 2346 3176 2417 μετά
3199 2348 3403 2399 τούτων
3439 2346 3473 2416 ή
3506 2343 3680 2415 πολλὴ

2107 2427 2466 2498 περιφάνεια,
2513 2429 2608 2482 τοῦ
2656 2429 2884 2483 πλούτου
2918 2433 2951 2501 ή
3003 2429 3289 2502 περιουσία
3310 2468 3327 2493 ,
3361 2429 3494 2482 αὐτὸ
3529 2427 3590 2481 τδ
3616 2428 3679 2482 ἐν

2107 2510 2382 2582 ὁδοιπορίᾳ
2431 2506 2572 2565 εἶναι
2619 2513 2714 2565 καὶ
2756 2511 2844 2566 ἐπ’
2889 2512 3166 2583 ὀχήματος
3218 2511 3509 2582 φέρεσθαι·
3554 2510 3680 2564 οὐδὲ

2106 2592 2216 2663 γὰρ
2244 2592 2426 2664 ῥᾴδιον
2455 2593 2758 2660 ἀναγνώσει
2803 2595 3091 2667 προσέχειν
3136 2593 3215 2665 τῷ
3258 2593 3430 2658 οὕτως
3467 2595 3677 2647 ὁδοιποο

2108 2674 2306 2744 ροῦντι,
2335 2674 2474 2728 ἀλλά
2513 2675 2604 2729 καὶ
2630 2676 2833 2747 σφόδρα
2861 2676 3122 2748 δυσχερές
3143 2693 3159 2708 ’
3191 2676 3306 2730 ἀλλ’
3343 2676 3493 2746 ὅμως
3520 2677 3548 2728 ό
3577 2674 3678 2727 πό·

2104 2757 2195 2820 θος
2227 2757 2322 2818 καὶ
2347 2759 2381 2828 ή
2409 2759 2578 2830 πολλὴ
2629 2760 2834 2830 σπουδὴ
2866 2761 3044 2814 πάντα
3072 2761 3142 2814 τά
3173 2759 3471 2830 κωλύματα
3513 2759 3678 2810 ἐκπο-

2102 2838 2209 2894 δὼν
2239 2842 2493 2907 ἐποιεῖτο,
2539 2842 2635 2894 καὶ
2681 2842 2857 2913 εἶχετο
2895 2843 2993 2912 τῆς
3023 2843 3380 2910 ἀναγνώσεως
3401 2883 3417 2908 ,
3447 2841 3541 2894 καὶ
3573 2841 3679 2894 οὐκ

2103 2923 2254 2992 ἔλεγε
2286 2923 2475 2988 ταῦτα,
2522 2924 2558 2978 ἀ
2595 2923 2691 2978 νῦν
2737 2925 2924 2980 πολλοὶ
2965 2925 3240 2994 λέγουσιν’
3271 2925 3334 2978 οὐ
3363 2925 3468 2978 νοῶ
3490 2924 3560 2978 τά
3590 2925 3676 2992 ἐγ·

2104 3007 2354 3076 κείμενα,
2385 3008 2446 3060 οὐ
2473 3005 2706 3078 δύναμαι
2736 3009 2974 3062 συνιέναι
3011 3008 3073 3061 τὺ
3105 3007 3266 3078 βάθος
3290 3005 3401 3059 τῶν
3433 3023 3676 3076 γεγραμ-

2107 3091 2282 3162 μένων
2305 3108 2319 3122 ο
2363 3091 2506 3156 τίνος
2537 3091 2722 3154 ἐνεκεν
2778 3091 2966 3155 ἀπλῶς
3007 3092 3101 3146 καὶ
3133 3092 3254 3162 εἰκῆ
3302 3091 3394 3143 τὸν
3430 3091 3678 3160 κάματον

2103 3173 2379 3244 ὑπομενῶ,
2423 3173 2809 3243 ἀναγινώσκων
2837 3176 2930 3230 καὶ
2959 3176 3061 3228 οὐκ
3084 3175 3224 3245 ἔχων
3272 3175 3365 3227 τὸν
3412 3174 3674 3244 ὁδηγήσαι

2100 3255 2428 3326 δυνάμενονς
2465 3257 2629 3320 Οὐδὲν
2661 3257 2863 3311 τούτων
2907 3256 3189 3325 ἐλογίσατο
3212 3258 3241 3309 ό
3268 3255 3538 3328 βάρϐαρος
3573 3255 3676 3326 μὲν

2102 3338 2199 3410 τήν
2228 3339 2475 3406 γλῶσσαν
2498 3379 2513 3403 ,
2547 3339 2836 3408 φιλόσοφος
2882 3339 2940 3392 δέ
2971 3341 3070 3410 τὴν
3103 3339 3373 3393 διάνοιαν·
3422 3339 3536 3392 ἀλλ’
3584 3341 3676 3391 ἐν-

2103 3424 2298 3493 νοήσας
2325 3422 2397 3486 ὡς
2431 3423 2493 3476 οὐ
2523 3422 2948 3493 περιοφθήσεται
2966 3460 2982 3486 ,
3020 3421 3156 3477 ἀλλά
3185 3421 3394 3492 ταχέως
3436 3421 3678 3475 ἀπολαύο

2105 3521 2187 3558 σει
2215 3506 2312 3575 τῆς
2331 3504 2540 3560 ἀνωθεν
2573 3506 2766 3577 ῥοπῆς,
2797 3507 2845 3559 εί
2872 3503 2940 3558 τὰ
2967 3504 3096 3575 παρ’
3128 3504 3323 3557 ἐαυτοῦ
3353 3504 3450 3558 καὶ
3491 3503 3560 3557 τά
3587 3505 3674 3567 είς

2101 3587 2328 3658 δύναμιν
2375 3588 2722 3653 ἐπιδείξαιτο,
2769 3588 2944 3659 εἴχετο
2993 3587 3093 3657 τῆς
3140 3586 3519 3655 ἀναγνώσεως.
3573 3587 3676 3639 Διά

2099 3670 2308 3725 τοῦτοό
2341 3670 2717 3742 φιλάνθρωπος
2759 3671 3034 3742 Δεσπότης
3069 3672 3210 3742 ὁρῶν
3241 3670 3405 3725 αὐτοῦ
3450 3670 3541 3723 τὸν
3573 3671 3672 3722 πός

2101 3753 2214 3817 θον,
2267 3753 2328 3814 οὐ
2372 3753 2659 3824 περιεῖδεν,
2707 3753 2768 3806 οὐ
2815 3751 3102 3818 κατέλιπεν
3151 3753 3504 3824 ἀπρονόητον,
3556 3752 3674 3806 ἀλλ’

2099 3837 2302 3900 εὐθέως
2347 3835 2498 3906 αὐτῷ
2558 3835 2648 3888 τὸν
2695 3835 3012 3898 διδάσκαλον
3061 3835 3292 3906 ἔπεμψε.
3345 3836 3416 3888 Σὺ
3467 3836 3525 3889 δέ
3581 3853 3674 3906 μοι

2102 3919 2294 3974 σκόπει
2330 3920 2429 3990 τὴν
2472 3918 2566 3972 τοῦ
2613 3919 2748 3973 Θεοῦ
2791 3920 3022 3989 σοφίαν,
3071 3920 3186 3984 πῶς
3233 3919 3425 3990 ἔμενεν
3465 3921 3674 3974 ἐκεῖνον

2099 4002 2364 4073 πρότερον
2400 4003 2469 4056 τὰ
2502 4002 2630 4080 παρ’
2670 4001 2864 4056 ἐαυτοῦ
2903 4005 3252 4070 εἰσενεγκεῖν,
3294 4002 3388 4055 καὶ
3423 4003 3545 4056 τότε
3569 4003 3675 4074 τὴν

2099 4085 2304 4138 οἰκείαν
2345 4084 2624 4154 ἀντίληψιν
2668 4084 3056 4138 ἐπιδείκνυται.
3103 4083 3254 4138 Ἐπεὶ
3285 4080 3379 4138 οῦν
3421 4085 3488 4138 τά
3538 4088 3672 4156 παρ’

2100 4167 2292 4222 ἐαυτοῦ
2321 4169 2498 4222 πάντα
2525 4169 2846 4239 ἀπήρτιστο,
2863 4166 3048 4220 λοιπὸν
3069 4166 3222 4239 ὤφθη
3246 4168 3280 4228 ὁ
3303 4169 3532 4238 ἀγγελος
3555 4169 3671 4222 Κυ-

2103 4253 2216 4322 ρίου
2239 4251 2410 4320 λέγων
2432 4250 2510 4321 τῷ
2529 4251 2780 4322 Φιλίππῳ
2795 4268 2809 4282 ’
2828 4251 3111 4317 Ἀναστὰς
3135 4254 3398 4320 πορεύου
3426 4252 3525 4306 ἐπὶ
3550 4251 3669 4319 τὴν

2099 4334 2243 4388 ὁδὸν
2280 4333 2394 4402 τὴν
2446 4335 2931 4390 καταϐαίνουσαν
2981 4334 3101 4389 ἀπὸ
3149 4331 3541 4405 Ἰερουσαλὴμ
3580 4336 3672 4400 εις

2098 4415 2480 4480 Γὰζὶινβῦτη
2505 4416 2677 4472 ἐστίν
2694 4417 2934 4486 ἔρημος.
2957 4417 3068 4472 Καί
3094 4417 3668 4486 ίδοὺ.ἀνὴρᾼίθίοψ,

2098 4498 2409 4568 δυνάστης
2433 4500 2724 4568 εὐνοῦχος
2752 4499 3071 4568 Κανδάκης
3090 4538 3105 4563 ,
3150 4497 3301 4571 [551]
3337 4499 3448 4567 τῆς
3486 4499 3670 4564 ﬂam-

2097 4583 2328 4650 λίσσης
2373 4581 2690 4646 Αιθιόπων,
2720 4581 2788 4648 ὃς
2813 4581 3078 4647 ἐλήλυθε
3107 4581 3556 4651 προσκυνήσων
3581 4584 3674 4649 εἰς

2110 4663 2522 4733 Ἰερουσαλὴμ.
2571 4663 2671 4718 καί
2715 4658 2894 4729 οὗτος
2947 4663 3290 4732 ὑπέστρεψε
3337 4663 3674 4734 καθήμενος

2099 4745 2199 4810 ἐπὶ
2253 4746 2360 4802 τοῦ
2413 4747 2672 4816 ἅρματος
2722 4746 2928 4813 αὐτοῦ,
2987 4747 3086 4800 καί
3139 4747 3508 4817 ἀνεγίνωσκε
3564 4747 3675 4800 τὸν

2103 4829 2425 4900 προφήτην
2459 4829 2722 4884 Ἡσαΐαν.
2754 4830 2896 4901 Ὀρα
2928 4829 3046 4894 πῶς
3088 4830 3329 4902 ἀκριϐῶς
3374 4832 3504 4900 ήμῖν
3551 4829 3672 4900 διη-

2100 4919 2308 4988 γήσατο
2334 4915 2363 4968 ὁ
2383 4912 2480 4984 τὴν
2510 4911 2690 4982 βίϐλον
2718 4912 2956 4985 γράψας,
3003 4911 3191 4978 εἰπὼν,
3233 4914 3315 4967 ὅτι
3345 4912 3556 4982 Αἰθίοψ,
3585 4913 3676 4967 ἵνα

2101 4999 2317 5069 γνῶμεν
2345 4997 2426 5049 ὅτι
2461 4994 2734 5066 βάρϐαρος
2763 4991 2832 5066 ἦν
2851 5009 2866 5026 ο
2894 4992 3015 5050 εἶτά
3041 5012 3228 5067 φησιν,
3264 4996 3347 5049 δτι
3371 4998 3674 5068 Δυνάστης,

2101 5083 2184 5136 ὅτι
2207 5083 2265 5133 ὲν
2293 5079 2561 5149 ἀξιώματι
2604 5079 2845 5149 μεγίστῳ
2876 5080 2972 5133 καὶ
2997 5081 3329 5151 περιφανεία
3352 5079 3676 5149 ἐτύγχανεν,

2109 5167 2206 5230 Ὣς
2215 5153 2516 5231 ἐληλύθει.
2535 5178 2610 5234 φη
2617 5161 2689 5222 σὶ,
2706 5161 3153 5230 προσκυνήσων
3166 5164 3253 5227 είς
3265 5163 3675 5233 Ἰερουσαλήμ.

2104 5247 2248 5316 Ὅρα
2281 5246 2374 5300 καὶ
2397 5244 2496 5316 τὴν
2521 5244 2795 5320 πρόφασιν
2814 5243 2976 5297 αὐτοῦ
3006 5244 3106 5314 τῆς
3127 5244 3456 5316 ἀποδημίας,
3483 5247 3679 5317 ἱκανὴν

2102 5325 2267 5383 οὖσαν
2288 5327 2453 5392 δεῖξαι
2483 5327 2542 5380 τὸ
2568 5321 2811 5396 φιλόθεον
2833 5326 3000 5382 αὐτοῦ
3029 5331 3128 5399 τῆς
3147 5328 3404 5398 γνώμης’
3435 5329 3546 5384 ἰδοὺ
3568 5328 3678 5402 γάρ

2105 5413 2278 5482 πόσην
2309 5410 2426 5464 ὁδὸν
2468 5409 2761 5473 στέλλεται,
2795 5409 2937 5464 ὥστε
2979 5409 3078 5481 τὴν
3124 5409 3492 5482 προσκύνησιν
3538 5412 3675 5465 ἀπο-

2103 5491 2284 5554 δοῦναι
2321 5491 2399 5562 τῷ
2433 5491 2697 5565 Δεσπότῃ.
2728 5493 2849 5546 Ἔτι
2880 5492 2988 5564 γὰρ
3018 5491 3268 5564 ἐνόμιζον
3304 5493 3364 5544 ἐν
3412 5492 3495 5547 ἐνὶ
3526 5493 3678 5563 τόπῳ

2107 5573 2523 5643 συγκεκλεῖσθαι
2549 5579 2650 5646 τὴν
2690 5575 2966 5648 λατρείαν,
3021 5576 3116 5630 καὶ
3163 5576 3253 5630 διά
3285 5575 3445 5629 τοῦτο
3478 5575 3678 5646 πολλὴν

2104 5657 2222 5719 ὁδὸν
2255 5657 2597 5728 στελλόμενοι
2624 5660 2739 5712 ἐκεῖ
2775 5658 2875 5720 τάς
2920 5657 3087 5730 εύχάς
3128 5658 3389 5728 ἀνέφερον
3411 5675 3424 5689 ε
3471 5658 3563 5712 διά
3593 5674 3677 5710 τοι

2103 5740 2261 5796 τοῦτο
2293 5745 2388 5796 καὶ
2418 5737 2573 5806 οὗτος
2606 5742 2940 5814 παρεγένετο
2960 5783 2976 5811 ,
3019 5743 3146 5796 ἐνθα
3174 5745 3204 5795 ό
3235 5743 3362 5806 ναὸς
3403 5737 3473 5814 ἦν
3517 5741 3611 5796 καὶ
3642 5741 3677 5813 ή

2175 5905 2199 5932 ⁸
2224 5903 2374 5951 Savil.
2407 5903 2492 5958 τὴν
2529 5903 2738 5959 σπουδὴν
2768 5902 2830 5950 τὰ
2864 5904 2986 5951 κατά
3021 5905 3106 5958 τήν
3137 5903 3415 5963 ἀνάγνωσιν.
3459 5903 3681 5962 Quatuor

2112 5977 2226 6010 mss.
2251 5965 2335 6019 τὴν
2356 5965 2566 6019 σπουδὴν
2594 5965 2711 6023 μετὰ
2729 5965 2821 6023 ,τήν
2851 5965 3124 6023 ἀνάγνωσιν.
3155 5964 3324 6011 Marci.
3352 5966 3438 6020 τὴν
3469 5964 3684 6019 σπουδὴν

2112 6027 2224 6086 πρὸς
2256 6026 2338 6082 τήν
2370 6025 2646 6086 ἀνάγνωσιν.
2713 6022 2738 6062 ἀ
2764 6022 2990 6090 Quinque
3012 6039 3124 6074 mss.
3152 6026 3339 6088 αὐτούς,
3389 6037 3490 6075 non
3528 6026 3681 6076 male.
