4092 6408
431 351 551 409 .595

449 466 676 521 Domino
718 463 1063 534 persolveret.
1104 459 1170 515 Et
1209 468 1551 531 posteaquam
1591 459 1733 529 quod
1774 459 2020 530 cupiebat

452 556 779 626 implevisset
802 595 816 620 ,
843 552 1109 607 Revertens
1130 592 1145 619 ,
1177 552 1367 622 inquit,
1393 559 1441 605 et
1469 550 1521 604 in
1552 566 1704 604 curru
1730 566 1823 603 suo
1848 550 2025 604 sedens

448 649 661 719 legebat.

517 740 570 793 9..
617 738 820 793 Deinde
847 752 967 792 cum
998 735 1312 795 accessisset
1348 736 1626 806 Philippus
1651 734 1766 807 (a),
1797 734 1931 788 dixit
1958 733 2026 789 ad

450 831 595 885 illum
627 847 642 884 :
669 829 897 896 Putasne
925 828 1164 899 intelligis
1192 843 1308 897 qua
1333 827 1455 898 legis
1483 826 1616 895 (Act.
1640 826 1695 882 8.
1718 826 1847 897 50)?
1872 825 2030 879 Vides

449 923 684 976 animum
716 922 1029 991 diligentem
1055 935 1116 974 ac
1142 920 1462 985 sollicitum,
1498 917 1710 974 lectioni
1738 917 1899 973 etiam
1929 916 2027 980 illi,

450 1030 609 1083 quam
651 1028 757 1066 non
803 1011 1151 1080 intelligeret,
1186 1009 1614 1075 incumbentem,
1659 1018 1714 1063 et
1753 1007 2029 1064 doctorem

453 1108 540 1177 qui
573 1107 745 1175 ipsunt
778 1105 1063 1157 instrueret
1090 1101 1491 1171 requirentem?
1523 1099 1733 1155 Etenim
1757 1097 2032 1167 apostolus

450 1200 630 1255 statim
671 1213 765 1269 per
808 1195 1276 1265 interrogationem
1327 1194 1467 1249 illius
1508 1192 1704 1249 excitat
1743 1190 2028 1255 an'ectum;

452 1291 589 1360 quod
612 1291 754 1344 enim
777 1288 969 1359 dignus
993 1298 1158 1350 esset,
1182 1286 1271 1357 qui
1292 1285 1525 1341 doctoris
1544 1300 1706 1354 Opera
1729 1284 1782 1338 in
1802 1284 2033 1339 lectione

452 1381 851 1438 reconditorum
885 1379 1290 1447 intelligentiam
1315 1385 1733 1447 consequeretur
1753 1416 1767 1438 ,
1797 1375 1907 1442 ipsa
1933 1373 2033 1429 viri

448 1474 734 1547 responsio
761 1472 1016 1527 declarat.
1044 1470 1179 1525 Cum
1200 1470 1343 1524 enim
1368 1469 1639 1539 apostolus
1658 1469 1897 1533 dixisset,
1922 1466 2034 1521 Pu-

452 1576 596 1619 tasne
615 1564 853 1633 intelligis
874 1563 902 1618 Ρ
922 1572 1177 1632 vesteque
1196 1560 1287 1616 vili
1318 1560 1530 1617 indutus
1554 1559 1901 1615 accessisset:
1925 1573 2033 1613 non

456 1674 598 1729 aegre
625 1658 742 1711 tulit
770 1671 867 1711 nec
913 1655 1217 1725 indignatus
1239 1662 1360 1720 est,
1400 1667 1574 1722 neque
1614 1667 1673 1706 se
1716 1648 2035 1707 contumelia

454 1748 596 1802 affici
624 1747 967 1812 existimavit,
997 1744 1137 1815 quod
1167 1743 1433 1815 plerisque
1463 1741 1678 1798 insulsis
1708 1740 1922 1807 accidit,
1946 1740 2035 1810 qui

456 1857 601 1910 Stepe
629 1841 831 1896 tnalunt
860 1840 913 1895 in
938 1849 1193 1909 perpetua
1215 1837 1416 1893 versari
1444 1834 1762 1906 ignorantia,
1790 1833 1913 1903 quia
1944 1848 2039 1901 pu-

456 1931 547 1987 det
567 1930 687 1985 illos
717 1930 1067 2001 ignorantiam
1099 1942 1249 1983 suam
1278 1926 1546 1992 conﬁteri,
1571 1935 1626 1980 et
1649 1923 1802 1980 abiis
1830 1922 2039 1979 discere

457 2023 547 2092 qui
576 2021 771 2077 docere
803 2022 1036 2075 valeant.
1082 2021 1153 2074 At
1194 2018 1318 2074 huic
1358 2016 1493 2071 nihil
1541 2015 1645 2071 tale
1685 2015 1893 2077 evenit;
1942 2011 2039 2068 sed

458 2129 582 2168 cum
612 2111 1020 2168 mansuetudine
1063 2120 1119 2167 et
1162 2113 1358 2181 pietate
1401 2106 1719 2177 respondet,
1764 2103 1926 2159 animi
1956 2102 2038 2158 sui

458 2214 656 2261 statum
684 2204 985 2265 declarans,
1009 2205 1186 2273 aitque
1218 2220 1231 2257 :
1263 2201 1525 2268 Quomodo
1554 2200 1771 2271 possim,
1808 2198 1905 2252 nisi
1928 2197 2041 2267 quis

459 2298 583 2351 mihi
620 2296 887 2351 ostenderit
915 2294 978 2365 (l
987 2295 1090 2349 bid.
1117 2310 1165 2350 υ.
1191 2295 1252 2350 3i
1282 2294 1300 2365 )
1324 2294 1348 2348 τ
1393 2307 1493 2348 nec
1534 2301 1737 2347 tantum
1764 2299 2042 2345 mansuete

459 2388 760 2459 respondit,
789 2402 853 2443 sc
884 2397 1067 2458 postea
1096 2386 1325 2452 transiit,
1353 2385 1445 2440 sed
1477 2399 1659 2440 rursus
1686 2397 1893 2438 morum
1918 2396 2043 2437 suo-

460 2494 578 2534 rum
606 2479 857 2534 virtutem
887 2478 1040 2532 nobis
1066 2476 1458 2538 demonstrans,
1495 2476 1597 2531 ista
1625 2475 1874 2545 loquutus
1901 2487 2041 2543 prae-

462 2567 631 2624 fectus
663 2568 788 2635 ille,
835 2568 1126 2635 barbarus,
1168 2581 1331 2622 curru
1373 2572 1593 2631 vectus,
1625 2579 1747 2620 eum
1794 2564 1881 2634 qui
1922 2562 2043 2618 vilis

462 2660 774 2725 videbatur,
820 2667 875 2714 et
918 2674 983 2714 ex
1029 2658 1220 2715 vestitu
1247 2656 1711 2724 contemnendus,
1753 2654 1957 2726 rogavit
1985 2662 2044 2709 ut

464 2753 807 2818 ascenderet,
851 2767 914 2807 ac
951 2766 1133 2807 secum
1176 2751 1407 2806 sederet.
1449 2748 1611 2805 Vides
1639 2749 1801 2804 animi
1830 2748 2043 2805 fervens

464 2843 745 2899 studium?
788 2842 938 2898 vides
996 2842 1140 2912 pium
1196 2840 1408 2897 barbari
1458 2840 1736 2905 animum,
1777 2838 2046 2910 quomodo

465 2936 722 3005 sapientis
748 2935 1023 3005 cujusdam
1053 2934 1253 2991 dictum
1288 2932 1417 2988 illud
1450 2933 1749 3003 impleverit
1780 2949 1794 2987 :
1821 2930 1884 2987 Si
1911 2931 2048 2984 side-

464 3028 536 3083 ris
574 3028 738 3082 virum
776 3028 1069 3097 prudentem
1088 3068 1105 3094 ,
1136 3042 1284 3081 mane
1316 3042 1469 3096 surge
1506 3024 1577 3078 ad
1604 3040 1717 3079 eum
1740 3063 1754 3089 ,
1785 3033 1831 3078 et
1859 3024 2047 3094 gradus

470 3130 712 3175 ostiorum
736 3120 873 3174 illius
901 3119 1094 3174 deterat
1123 3134 1210 3189 pes
1240 3127 1357 3172 tuus
1391 3114 1591 3189 (Eccli.
1617 3116 1671 3171 6.
1699 3114 1803 3186 36)
1827 3117 1851 3168 ?
1892 3114 2049 3169 Vides

474 3211 566 3281 qui
592 3211 783 3265 merito
807 3225 913 3265 non
940 3209 1007 3265 sit
1028 3208 1338 3280 neglectus?
1367 3206 1514 3262 vides
1537 3207 1627 3276 qui
1650 3211 1843 3261 merito
1864 3219 2050 3274 super-

469 3317 593 3355 nam
634 3301 704 3356 sit
749 3308 1110 3369 consequutus
1154 3298 1586 3369 providentiam?
1628 3297 1776 3352 vides
1816 3304 1877 3351 ut
1920 3294 2050 3351 nihil

469 3393 713 3451 omiserit
760 3408 946 3449 eorum
995 3407 1114 3462 qua:
1158 3390 1226 3446 ab
1275 3391 1389 3461 ipso
1435 3389 1615 3444 allerri
1661 3385 2051 3443 conveniebat?

470 3486 760 3556 Propterea
782 3485 1038 3553 deinceps
1058 3483 1332 3538 doctorem
1355 3490 1564 3549 nactus,
1587 3495 1773 3536 eorum
1800 3481 1906 3535 vini
1933 3494 2053 3550 quae

470 3579 745 3649 proposita
772 3585 926 3633 erant
951 3585 1198 3632 accurate
1223 3575 1506 3642 discebat,
1554 3583 1607 3629 et
1635 3574 1814 3629 animo
1853 3573 2053 3629 illumi-

471 3672 716 3724 nubatur.

549 3761 715 3828 Quam
757 3760 878 3813 utile
906 3758 1231 3828 Scripturasn
1277 3758 1477 3829 legere;
1524 3757 1723 3811 nullum
1759 3767 1951 3825 tempus
1987 3756 2055 3810 ad

475 3850 757 3921 Scriptum
779 3850 1040 3904 lectionem
1064 3849 1462 3903 incommodum.
1482 3878 1552 3888 —
1572 3847 1775 3903 Videtis
1800 3858 2055 3918 quantum

473 3944 546 3998 sit
589 3942 855 3998 commodi
899 3949 1101 3996 attente
1141 3948 1198 3996 et
1225 3940 1463 3995 studiose
1504 3939 1712 3994 divinas
1752 3939 2057 4009 Scripturas

474 4035 692 4105 legere?
722 4034 1011 4103 Propterea
1038 4032 1181 4088 enim
1204 4042 1257 4087 et
1278 4032 1414 4087 hanc
1435 4031 1502 4086 de
1523 4031 1749 4087 barbaro
1780 4031 2056 4086 historiam

476 4126 531 4179 in
562 4124 795 4179 medium
823 4124 974 4178 vobis
1001 4122 1256 4193 produxi,
1284 4132 1342 4176 ut
1369 4137 1436 4176 ne
1463 4136 1786 4191 quemquam
1816 4129 2057 4175 nostrum

478 4215 673 4285 pudeat
709 4214 1029 4270 imitatorem
1058 4213 1175 4268 ﬁeri
1200 4212 1466 4282 Etltiopis
1486 4254 1502 4280 ,
1533 4211 1796 4279 eunuchi,
1826 4212 1941 4281 ejus
1968 4211 2058 4282 qui

480 4321 548 4359 ne
578 4305 628 4358 itt
675 4304 864 4358 itinere
892 4302 1103 4374 quidem
1151 4303 1431 4358 lectionem
1478 4302 1789 4373 neglexerit.
1835 4301 2060 4357 ldoneus

482 4398 625 4452 enim
651 4405 734 4452 est
761 4396 1020 4451 barbarus
1045 4395 1144 4450 iste
1170 4396 1261 4465 qui
1288 4395 1441 4451 nobis
1463 4396 1713 4451 omnibus
1735 4395 1923 4451 doctor
1947 4395 2058 4463 ﬁat,

482 4497 595 4543 tum
623 4489 881 4558 privatam
908 4488 1071 4541 vitam
1097 4487 1455 4553 sectantibus,
1482 4498 1589 4542 tum
1624 4488 1827 4543 militiae
1854 4487 2060 4543 adscri-

484 4584 610 4654 ptis,
642 4591 751 4637 tum
778 4580 1035 4652 dignitate
1058 4589 1112 4637 et
1136 4579 1341 4635 honore
1372 4579 1608 4651 praeditis
1625 4620 1646 4648 ,
1670 4589 1725 4636 et
1754 4580 1886 4636 utin
1911 4575 2062 4635 sum-

485 4693 571 4732 ma
598 4677 770 4732 dicam
790 4717 807 4742 ,
838 4674 1085 4730 omnibus
1120 4689 1228 4729 non
1253 4674 1381 4729 viris
1404 4674 1598 4740 solum,
1628 4673 1723 4729 sed
1746 4681 1801 4728 et
1822 4673 2062 4729 mulieri-

485 4767 617 4834 bus,
647 4776 705 4821 ut
730 4781 849 4836 qua:
889 4764 1103 4820 assidue
1127 4764 1273 4819 domi
1301 4772 1584 4823 versentur
1612 4779 1626 4818 :
1657 4764 1783 4833 quin
1809 4763 1969 4818 etiam
1998 4762 2066 4817 iis

486 4860 674 4915 doctor
713 4858 874 4915 fuerit
911 4858 1002 4927 qui
1028 4856 1190 4912 vitam
1233 4854 1580 4911 monasticam
1616 4854 1964 4924 delegerunt,
2005 4861 2066 4909 ut

485 4951 693 5008 discant
715 4965 901 5007 omnes
926 4950 1129 5005 nullum
1159 4964 1278 5005 esse
1306 4957 1515 5019 tempus
1544 4947 1612 5003 ad
1634 4947 1934 5003 divinorum
1961 4948 2066 5003 elo-

486 5045 733 5117 quiorum
759 5043 1043 5098 lectionem
1072 5040 1468 5097 incommodum
1491 5079 1508 5107 ,
1536 5038 1630 5094 sed
1657 5039 1773 5093 ﬁeri
1800 5052 1977 5108 posse,
2008 5047 2068 5095 ut
2081 5080 2105 5120 κ

487 5151 597 5193 non
626 5136 803 5191 solum
826 5133 1011 5199 domi,
1039 5133 1389 5189 verumetiam
1424 5132 1477 5185 in
1522 5129 1641 5186 foro
1667 5139 1973 5198 versantes,
2011 5138 2068 5184 et

490 5231 589 5283 iter
619 5225 895 5290 facientes,
921 5233 975 5280 et
1001 5226 1053 5279 in
1080 5224 1376 5278 multorum
1395 5231 1536 5278 cmtu
1556 5229 1796 5293 agentes,
1822 5235 1886 5276 ac
1908 5220 2071 5275 variis

425 5302 431 5308 ’
489 5316 720 5388 negotiis
749 5313 984 5385 impliciti
1030 5312 1221 5369 horum
1250 5312 1426 5369 studio
1468 5322 1782 5377 teneamur,
1809 5319 2009 5381 utquae
2035 5324 2071 5365 a

490 5411 649 5465 nobis
690 5407 991 5477 praestanda
1035 5414 1161 5461 sunt
1197 5405 1569 5471 conferentes,
1610 5405 1717 5459 cito
1757 5403 2073 5474 magistrum

488 5498 865 5569 adipiscamur.
913 5496 1169 5553 Dominus
1196 5498 1339 5550 enim
1377 5494 1563 5550 videns
1601 5503 1846 5549 nostrum
1882 5492 1950 5548 ad
1980 5506 2074 5547 res

488 5591 793 5661 spirituales
816 5588 1087 5656 affectum,
1112 5603 1215 5642 non
1242 5586 1489 5658 negliget,
1521 5586 1617 5643 sed
1636 5600 1921 5656 supernam
1950 5584 2070 5638 illu-
2111 5578 2129 5586 ”

534 5746 630 5813 to)
659 5745 879 5813 nonnulli
912 5754 1079 5813 putant
1117 5747 1246 5796 hunc
1262 5746 1545 5813 _Philippum
1578 5742 1846 5804 apostoltnn
1883 5743 2066 5805 fuisse;

478 5808 560 5855 alii
588 5820 789 5858 numero
806 5808 975 5872 plures
987 5809 1235 5858 diaconum
1260 5808 1406 5858 fuisse
1424 5812 1721 5859 asseverant.

1171 340 1541 405 S.,JOANNIS
1576 338 2047 399 οιιιιγεοετοιιι
2084 339 2403 399 AhClllEP.
2440 342 2975 403 CONSTMTINUP.

3598 355 3703 413 328

2133 462 2446 517 strationern
2467 464 2744 533 prabebit,
2765 482 2829 523 ac
2848 476 3089 525 nostrum
3111 469 3426 526 illuminabit
3447 472 3699 530 animum.

2132 550 2211 607 Ne
2240 552 2398 622 igitur
2414 594 2429 619 ,
2455 555 2713 623 obsecro,
2730 556 3135 629 Scripturarum
3160 560 3443 616 lectionem
3466 562 3702 631 negliga-

2134 656 2253 698 mus
2280 661 2293 697 :
2326 659 2510 699 verum
2536 646 2649 701 sive
2685 662 2905 714 eorum,
2938 664 3058 719 qua:
3088 650 3170 704 his
3197 651 3536 705 continentur
3555 689 3577 717 ,
3600 666 3707 703 vnn

2134 733 2511 805 intelligamus,
2548 738 2664 794 sive
2701 739 3033 809 ignoremus,
3075 740 3161 795 illa
3198 739 3507 810 frequenter
3542 741 3707 795 adon-

2136 840 2274 879 mus.
2302 825 2527 881 Assidua
2553 828 2700 883 enim
2723 829 2997 885 meditatio
3036 832 3347 885 memoriam
3372 830 3535 886 efﬁcit
3560 831 3711 885 inde-

2136 916 2349 973 lebilem
2377 936 2392 973 :
2420 927 2608 974 etnon
2637 935 2760 977 raro
2788 922 2995 987 evenit,
3022 930 3080 975 ut
3107 921 3248 991 quod
3275 922 3433 976 hodie
3474 923 3712 976 invenire

2136 1023 2245 1063 non
2267 1010 2533 1078 potuimus
2552 1012 2807 1081 legentes,
2832 1013 2933 1068 hoc
2953 1028 3168 1068 rursum
3188 1023 3402 1084 postero
3423 1013 3512 1068 die
3533 1026 3713 1082 aggre-

2136 1100 2377 1167 dicntes,
2423 1113 2643 1172 repente
2681 1104 3048 1170 inveniamus,
3081 1105 3189 1160 Deo
3214 1105 3457 1159 videlicet
3495 1120 3592 1174 pro
3614 1118 3709 1159 suo

2137 1192 2420 1249 clementia
2449 1195 2657 1252 occulte
2680 1206 2914 1252 mentem
2939 1210 3177 1251 nostram
3202 1197 3513 1252 illustrante.
3534 1195 3718 1253 Cate-

2137 1298 2259 1338 rum
2280 1284 2381 1339 ista
2407 1284 2473 1339 ad
2504 1286 2773 1341 assiduam
2795 1286 3095 1342 divinarum
3118 1288 3510 1357 Scripturarum
3535 1288 3716 1341 lectio-

2137 1388 2262 1429 nem
2288 1376 2680 1445 suscipiendam
2705 1377 2934 1433 diximus
2960 1394 2974 1432 :
3003 1386 3061 1432 ut
3080 1387 3257 1433 autem
3275 1377 3493 1433 discatis
3516 1378 3571 1432 in
3595 1377 3717 1433 aliis

2138 1471 2300 1525 etiam
2328 1472 2576 1527 omnibus
2600 1471 2701 1527 hoc
2732 1472 3013 1528 Dominum
3047 1473 3220 1528 lacere
3256 1473 3626 1535 consuevisse,
3658 1458 3721 1525 ut

2138 1577 2262 1618 cum
2285 1579 2403 1632 qute
2431 1579 2461 1617 a
2491 1564 2645 1619 nobis
2669 1574 2793 1618 sunt
2818 1564 3223 1629 contulerimus,
3252 1564 3365 1635 ipse
3390 1578 3483 1619 sua
3507 1562 3719 1618 abunde

2128 1654 2476 1725 suppeditet,
2518 1666 2574 1712 et
2600 1658 2741 1726 quod
2784 1657 2836 1711 in
2865 1656 3260 1728 Scripturarum
3302 1657 3533 1711 lectione
3568 1654 3716 1720 fecit,

2140 1746 2305 1800 multa
2346 1761 2472 1801 cum
2512 1747 2787 1802 celeritate
2827 1748 2995 1803 misso
3034 1746 3103 1802 ad
3149 1747 3433 1803 barbarum
3476 1745 3719 1809 doctore,

2142 1835 2244 1890 hoc
2280 1846 2335 1892 et
2374 1836 2426 1891 in
2471 1836 2538 1891 iis
2573 1838 2666 1906 qui
2708 1837 2961 1892 virtutem
2996 1850 3250 1903 exercere
3276 1836 3464 1891 volunt
3503 1835 3721 1900 efﬁciat,

2143 1928 2264 1982 audi
2292 1943 2411 1997 qua
2436 1928 2709 1983 dicuntur.
2738 1928 2936 1984 Verum
2963 1938 3021 1984 ut
3058 1928 3394 1984 manifestior
3432 1928 3584 1983 nobis
3621 1929 3725 1982 iste

2144 2035 2322 2076 sermo
2341 2020 2616 2084 reddatur,
2643 2031 3060 2076 consentaneum
3088 2021 3250 2075 fuerit
3274 2035 3485 2075 rursum
3510 2035 3630 2085 quae
3654 2018 3723 2073 ad

2145 2111 2501 2181 patriarcltam
2537 2112 2764 2165 attinent
2805 2112 2860 2166 in
2903 2112 3143 2167 medium
3184 2110 3484 2173 adducere,
3523 2120 3578 2164 et
3604 2125 3725 2179 qua:

2146 2201 2260 2257 heri
2288 2202 2433 2256 dicta
2463 2202 2858 2272 subsequuntur
2886 2216 3026 2256 nunc
3067 2216 3363 2257 assumere.
3390 2200 3731 2271 Cognovistis

2145 2295 2289 2351 enim
2314 2309 2379 2348 ex
2405 2293 2518 2363 jam
2542 2294 2700 2349 dictis
2718 2334 2735 2358 ,
2775 2293 3043 2364 quomodo
3068 2294 3312 2349 maxima:
3341 2294 3483 2347 illius
3508 2292 3728 2347 humili-

2145 2386 2270 2442 tatis
2298 2399 2425 2455 erga
2460 2383 2563 2440 Lot
2589 2384 2842 2440 exhibita:
2861 2425 2877 2451 ,
2909 2399 3012 2455 qua
3051 2384 3126 2439 illi
3158 2383 3452 2454 potioribus
3489 2383 3731 2453 partibus

2146 2477 2341 2543 cessit,
2370 2491 2618 2547 magnam
2643 2491 2673 2531 a
2705 2476 2814 2532 Deo
2839 2475 3141 2531 mercedem
3167 2476 3237 2530 sit
3264 2484 3645 2545 consequutus,
3674 2483 3733 2529 et

2148 2571 2561 2644 promissionem
2599 2571 2867 2640 acceperit
2910 2570 3068 2640 longe
3098 2569 3265 2637 ipsius
3305 2567 3437 2623 facta
3468 2582 3734 2637 superan-

2148 2675 2279 2722 tem.
2302 2663 2589 2720 Videamus
2613 2673 2790 2719 autem
2825 2663 3077 2731 deinceps
3104 2662 3264 2717 etiam
3302 2677 3367 2716 ex
3399 2661 3555 2715 hodie
3580 2662 3736 2716 lectis

2148 2773 2363 2815 rursum
2387 2758 2556 2829 ipsius
2573 2756 2703 2828 justi
2728 2756 3000 2821 virtutem,
3024 2764 3082 2808 ut
3103 2754 3171 2808 ita
3194 2752 3544 2823 procedentes
3567 2751 3735 2806 disca-

2148 2848 2270 2905 mus
2309 2848 2633 2904 ineﬂ'abilem
2680 2846 2773 2902 Dei
2817 2861 2943 2917 erga
2989 2846 3135 2900 illum
3178 2844 3583 2914 providentiam.
3624 2841 3738 2896 Nos

2151 2942 2293 2996 enim
2341 2955 2529 2995 omnes
2575 2953 2671 3009 per
2712 2937 3030 3010 patriarcha:
3076 2934 3467 3004 phiIOsopltiatn
3509 2932 3735 2999 docens,

2151 3032 2280 3087 sinit
2324 3032 2497 3102 ipsum
2526 3045 2618 3101 per
2649 3029 2854 3101 singula
2901 3038 3142 3099 tempora
3178 3025 3326 3097 prius
3365 3024 3737 3079 demonstrare

2152 3125 2316 3180 animi
2346 3124 2620 3194 pietatem,
2644 3134 2699 3178 et
2722 3131 2848 3177 tunc
2869 3136 3021 3177 suam
3050 3119 3204 3173 affert
3228 3117 3735 3178 remunerationem,

2154 3226 2212 3274 ut
2238 3228 2294 3274 et
2336 3231 2437 3272 nos
2477 3215 2833 3288 patriarcham
2873 3214 3141 3270 imitantes
3171 3210 3410 3267 studiose
3436 3208 3737 3264 adnitamur

2155 3310 2302 3381 prius
2340 3309 2551 3364 virtutis
2592 3308 2802 3363 labores
2842 3320 3156 3376 capessere,
3198 3312 3358 3375 atque
3401 3303 3475 3357 ita
3515 3301 3581 3354 ab
3621 3300 3742 3370 ipso

2156 3402 2603 3460 remunerationis
2636 3401 2805 3455 vicem
2836 3406 3169 3467 exspectare.

2206 3500 2262 3555 3.
2279 3496 2460 3553 Clades
2474 3495 2603 3566 regis
2623 3493 2980 3557 Sodomorum,
2998 3508 3029 3543 a
3048 3488 3273 3560 pluribus
3288 3487 3484 3558 regibus
3498 3483 3707 3556 intpetiti
3716 3523 3740 3551 ,

2157 3590 2421 3661 captivitas
2445 3597 2491 3642 et
2515 3587 2751 3657 spoliatio
2774 3583 2909 3650 Lot;
2938 3581 3204 3637 concordia
3222 3581 3482 3647 laudatur,
3507 3595 3605 3649 qua
3632 3593 3740 3632 scr-

2157 3694 2271 3739 oata
2297 3682 2427 3736 nihil
2452 3680 2547 3736 Lat
2571 3680 2744 3751 {uisset
2764 3693 3037 3747 passus.—
3056 3673 3159 3730 Sed
3181 3686 3393 3742 tempus
3416 3679 3521 3738 est,
3546 3681 3599 3724 ut
3622 3683 3743 3741 qua

2159 3774 2320 3830 hodie
2350 3772 2485 3827 lecta
2522 3779 2665 3834 sunt,
2698 3768 2851 3823 vobis
2897 3780 3188 3837 proponam
3221 3780 3235 3817 :
3266 3778 3329 3818 ea
3360 3763 3502 3817 enim
3530 3760 3614 3815 vix
3658 3761 3740 3813 in-

2160 3866 2539 3938 terpretatione
2560 3877 2695 3933 opus
2720 3861 2934 3916 habent.
2962 3859 3095 3914 Nam
3120 3857 3202 3912 vel
3230 3857 3342 3926 ipsa
3372 3855 3531 3909 lectio
3557 3852 3738 3908 excel-

2161 3961 2354 4016 lentem
2370 3959 2496 4027 justi
2517 3956 2764 4011 virtutem
2781 3954 2909 4008 satis
2924 3953 3291 4008 demoustrare
3304 3957 3499 4020 potest.
3520 3949 3569 4002 Ι.
3587 3946 3721 4015 (Cap

2163 4052 2255 4121 M)
2271 4049 2487 4104 Factum
2504 4056 2574 4103 est
2589 4057 2777 4112 autem,
2810 4045 2997 4114 inquit,
3031 4044 3081 4097 in
3106 4057 3259 4112 regno
3282 4040 3595 4107 Amarpltatlt
3616 4038 3748 4108 regis

2164 4142 2435 4207 Sennaar,
2467 4139 2653 4193 Arioch
2694 4153 2786 4191 res:
2843 4135 3067 4200 Elasar,
3106 4143 3156 4187 et
3204 4131 3609 4202 Ckodologomor
3656 4144 3751 4183 res

2162 4233 2337 4300 Elam,
2371 4241 2416 4286 et
2444 4229 2698 4285 Thartltac
2722 4243 2811 4282 res;
2836 4226 3077 4298 gentium,
3098 4223 3155 4277 2.
3182 4225 3404 4295 fecerunt
3428 4220 3610 4273 bellum
3632 4234 3753 4271 cunt

2163 4325 2323 4380 Bolae
2363 4340 2479 4395 rege
2524 4322 2890 4386 Sodomorum,
2939 4328 2986 4373 et
3027 4333 3140 4371 cum
3165 4314 3358 4368 Barsac
3387 4329 3501 4383 rege
3528 4311 3749 4365 Gomor-

2162 4420 2290 4485 rltar,
2331 4427 2378 4473 et
2421 4432 2537 4470 cum
2583 4415 2817 4470 Sennaar
2862 4427 2979 4482 rege
3006 4410 3224 4474 Adamn,
3276 4415 3321 4461 et
3351 4420 3469 4459 eum
3498 4401 3753 4474 Syntobor

2164 4526 2280 4580 rege
2317 4508 2539 4570 Seboim,
2583 4514 2630 4560 et
2675 4519 2791 4576 rege
2814 4501 3006 4567 Bolae;
3031 4501 3141 4571 ipsa
3160 4509 3232 4554 est
3253 4498 3436 4568 Segor.
3474 4496 3510 4550 3
3566 4493 3753 4549 Omnes

2166 4604 2205 4657 ii
2253 4602 2338 4671 qui
2380 4600 2789 4669 conspirauerunt
2840 4597 2894 4649 in
2946 4593 3090 4648 Valle
3140 4593 3298 4659 salsa,
3340 4605 3454 4660 qua
3502 4604 3638 4642 nunc
3681 4595 3755 4640 est

2167 4710 2306 4747 mare
2359 4693 2500 4746 salis.
2548 4690 2681 4744 Vide
2731 4688 3019 4758 Scriptura:
3073 4684 3437 4757 diligentiam,
3480 4678 3753 4750 quomodo

2166 4785 2385 4841 nomina
2432 4784 2590 4839 etiam
2636 4796 2821 4852 regum
2873 4789 2928 4834 et
2962 4780 3230 4833 nationum
3280 4788 3745 4834 commemorave-

2172 4876 2265 4942 rit;
2300 4893 2407 4933 non
2450 4877 2566 4932 sine
2607 4889 2788 4941 causa,
2832 4872 2929 4929 sed
2966 4880 3026 4927 ut
3062 4886 3128 4927 ex
3173 4871 3362 4923 borum
3402 4864 3763 4937 appellatione

2168 4970 2344 5027 discas
2372 4969 2655 5023 barbarum
2682 4965 2905 5019 istorum
2944 4962 3201 5017 animum.
3234 4959 3323 5015 Isti
3364 4961 3527 5023 enim,
3560 4957 3747 5028 inquit,

2170 5064 2371 5120 bellum
2397 5068 2679 5131 gesserunt
2719 5057 2974 5113 adversus
2998 5054 3353 5110 Sodomorum
3382 5065 3566 5120 regem
3595 5058 3652 5105 ct
3676 5065 3751 5104 re-

2172 5156 2367 5225 liquos.
2395 5152 2597 5209 Deinde
2635 5150 2761 5206 belli
2798 5163 3014 5205 causam
3037 5147 3199 5202 etiam
3227 5144 3404 5208 docet,
3436 5140 3582 5197 unde
3610 5141 3761 5211 prin-

2171 5247 2367 5318 cipium
2395 5244 2659 5309 habuerit,
2683 5241 2865 5297 dicens
2892 5240 2984 5295 τι.
3010 5236 3293 5292 Duodecim
3317 5235 3465 5289 annis
3486 5234 3761 5289 servierant

2171 5337 2594 5408 Chodologiomor,
2646 5335 2790 5389 tertio
2835 5340 3006 5386 autem
3051 5328 3245 5384 decimo
3271 5342 3404 5380 anno
3425 5324 3761 5387 desciverunt,

2174 5431 2228 5487 5.
2258 5430 2452 5497 Quarto
2477 5438 2646 5481 autent
2690 5434 2735 5480 et
2782 5424 2974 5478 decimo
3003 5439 3137 5477 anno
3178 5420 3309 5475 venit
3334 5417 3762 5488 Chodologomor,

2174 5533 2222 5577 et
2253 5537 2392 5591 reges
2434 5520 2519 5589 qui
2562 5534 2677 5572 cum
2718 5533 2775 5571 eo
2818 5525 2978 5581 erant,
3010 5524 3056 5569 et
3083 5512 3400 5568 trucidarunt
3445 5510 3673 5581 gigantes
3712 5508 3766 5558 in

2176 5608 2413 5666 Astarotlt
2456 5620 2501 5663 et
2529 5607 2787 5671 Carnaim,
2818 5616 2865 5662 et
2890 5616 3064 5678 gentes
3093 5605 3246 5674 fortes
3272 5620 3373 5657 una
3401 5618 3518 5656 cum
3544 5602 3688 5671 ipsis,
3721 5607 3762 5652 et

2179 5703 2455 5766 Ummaros,
2498 5700 2583 5768 qui
2609 5708 2751 5751 erant
2796 5699 2847 5751 in
2894 5696 3024 5752 Save
3065 5696 3287 5759 civitate,
3319 5693 3373 5748 6.
3403 5702 3451 5745 et
3476 5690 3765 5755 Chorraros,

2180 5794 2263 5850 (uti
2289 5802 2429 5847 erant
2453 5791 2503 5847 in
2533 5791 2779 5847 utentibus
2812 5788 2949 5858 Seir,
2980 5802 3134 5860 usque
3154 5789 3222 5841 ad
3244 5785 3603 5841 Terelmttltum
3623 5781 3760 5838 Pha-
