4092 6408
311 382 418 453 2ιεῦ

310 493 534 568 λατρεία
564 497 598 569 η
636 496 923 569 Ἰουδαῑκὴ,
951 496 1039 553 ἴνα
1068 497 1168 570 τὴν
1200 498 1567 571 προσκύνησιν
1593 496 1777 566 ἀποδῷ
1800 494 1881 567 τῷ

312 580 579 651 Δεσπότῃ.
649 580 758 633 Καὶ
807 578 995 652 ἐπειδὴ
1045 581 1330 653 ἐπλήρωσε
1386 582 1448 636 τὸ
1514 580 1877 651 ποθούμενον,

325 662 767 731 Ὺποστρέφων,
807 665 970 733 φησὶ,
1000 664 1099 717 καί
1141 663 1475 735 καθήμενος
1505 664 1603 719 ἐπὶ
1634 662 1739 717 τοῦ
1778 662 1883 731 ἄρ-

305 762 497 816 ματος
526 745 713 800 αὑτοῦ
741 746 1167 816 ἀνεγίνωσκεν.

385 829 451 900 β’.
474 824 607 883 Είτα
651 830 878 894 ἐπιστὰς
898 833 927 885 6
946 831 1207 895 Φίλιππός
1234 849 1365 904 φησι
1382 830 1519 904 πρὸς
1530 830 1709 885 αὐτόν.
1738 825 1882 898 Ἀρά

312 928 380 982 τε
408 911 724 981 γινώσκεις
753 912 791 967 ἁ
819 913 1281 983 ἀναγινώσκεις;
1315 911 1465 978 Εἶδες
1504 914 1683 984 ψυχὴν
1714 929 1882 983 μεμε-

312 996 678 1066 ριμνημένην,
708 997 807 1050 οὐκ
833 996 1034 1051 εἰδυῖαν
1060 999 1159 1067 μὲν
1185 998 1253 1051 τά
1281 998 1595 1069 ἐγκείμενα,
1613 996 1880 1067 ἐχομένην

313 1078 370 1132 δὲ
415 1079 514 1149 τῆς
558 1079 918 1148 ἀναγνώσεως
940 1120 956 1145 ,
1014 1084 1110 1136 καὶ
1150 1082 1419 1135 ποθοῦσαν
1468 1084 1745 1150 ἐπιτυχεῖν
1784 1079 1880 1133 τοῦ

314 1159 633 1231 όδηγοῦντος
654 1162 975 1217 διδασκάλου
1000 1181 1015 1231 ;
1043 1166 1153 1219 Καὶ
1172 1164 1281 1234 γάρ
1305 1163 1505 1228 εὐθέως
1532 1167 1561 1218 6
1588 1163 1882 1226 ἀπόστολος

312 1242 403 1297 διά
446 1245 541 1314 τῆς
586 1248 909 1318 ἐρωτήσεως
950 1248 1207 1319 διεγείρει
1246 1247 1409 1302 αὐτοῦ
1436 1247 1531 1303 τὸν
1571 1247 1768 1302 πόθονο
1799 1247 1882 1300 ότι

314 1326 423 1398 γὰρ
463 1328 611 1394 ἄξιος
648 1325 717 1401 ἦν
754 1334 938 1402 τυχεῖν
976 1331 1071 1385 τοῦ
1104 1333 1425 1403 όδηγοῦντος
1466 1332 1602 1403 πρὸς
1638 1332 1737 1402 τὴν
1774 1331 1883 1387 τῶν

316 1411 651 1481 ἐγκειμένων
684 1410 1029 1485 κατανόησιν,
1071 1415 1211 1487 αὐτὴ
1256 1417 1290 1486 ἡ
1332 1414 1622 1484 ἀπόκρισις
1648 1413 1744 1467 τοῦ
1786 1414 1882 1467 άν-

312 1491 439 1563 δρὸς
476 1493 644 1565 δηλοῖ.
676 1496 781 1550 Τοῦ
810 1496 920 1569 γὰρ
945 1497 1243 1551 ἀποστόλου
1269 1493 1687 1566 εἰπόντος,Ἀρά
1709 1514 1774 1566 τε
1806 1515 1885 1568 rt-

312 1576 599 1646 νὼσκεις;
642 1582 736 1635 καὶ
765 1582 905 1652 μετά
956 1583 1507 1655 εὐτελοῦςσχήματος
1546 1585 1881 1655 προσιόντος,

313 1660 414 1714 οὐκ
456 1662 836 1734 ἐδυσχέρανεν,
880 1667 981 1720 οὐκ
1032 1668 1433 1737 ἠγανάκτησεν,
1486 1668 1588 1721 οὐκ
1634 1668 1884 1738 ἐνόμισεν

316 1742 587 1814 ὑϐρίσθαι,
648 1747 678 1800 ὂ
723 1748 911 1803 πολλοὶ
966 1749 1076 1804 τῶν
1132 1751 1376 1821 ἀνοήτων
1434 1750 1723 1821 πάσχουσι,
1790 1750 1886 1803 καὶ

318 1828 575 1894 πολλάκις
614 1832 890 1903 αἰροῦνται
937 1835 997 1887 ἐν
1044 1834 1282 1904 διηνεκεῖ
1328 1835 1522 1906 ἀγνοίᾳ
1571 1834 1884 1905 τυγχάνειν,

316 1912 694 1984 αἰσχυνόμενοι
721 1916 822 1987 τὴν
852 1916 1073 1985 ἄγνοιαν
1098 1917 1450 1987 ὁμολογῆσαι,
1481 1918 1576 1971 καὶ
1603 1915 1756 1988 παρά
1777 1915 1886 1970 τῶν

313 1995 523 2062 διδάξαι
547 1998 862 2069 δυναμένων
886 2000 1093 2070 μαθεῖν.
1137 2000 1277 2053 Ἀλλ’
1314 1995 1467 2064 οὗτος
1498 2000 1650 2054 οὐδὲν
1680 1999 1887 2053 τούτων

316 2080 585 2134 πέπονθεν
602 2098 616 2112 ·
640 2082 776 2136 ἀλλά
802 2084 940 2154 μετά
967 2084 1148 2154 πάσης
1173 2085 1470 2148 ἐπιεικείας
1489 2086 1582 2138 καὶ
1602 2084 1887 2148 εὐλαϐείας

315 2162 412 2234 τὴν
440 2164 732 2235 ἀπόκρισιν
760 2168 1015 2232 ποιεῖται,
1040 2166 1253 2230 δεικνὺς
1271 2166 1436 2221 αὐτοῦ
1457 2167 1556 2237 τῆς
1581 2167 1758 2238 ψυχῆς
1787 2167 1886 2238 τὴν

316 2246 672 2313 κατάστασιν,
701 2249 796 2302 καί
827 2265 991 2320 φησι·
1024 2247 1156 2317 Πῶς
1181 2252 1291 2320 γὰρ
1319 2250 1398 2304 ἂν
1434 2249 1753 2319 δυναίμην,
1780 2250 1888 2305 ἐὰν

310 2327 395 2399 μή
421 2346 512 2394 τις
541 2330 815 2400 ὀδητήσῃ
839 2348 951 2401 με;
987 2331 1092 2386 Καὶ
1122 2333 1183 2385 οὐ
1220 2334 1378 2403 μόνον
1416 2333 1747 2402 ἀπεκρίνατο
1787 2333 1887 2404 μὲν

318 2416 434 2485 μετ’
480 2417 811 2481 ἐπιεικείας,
859 2418 1176 2490 παρέδραμε
1216 2419 1311 2481 δὲ,
1352 2418 1489 2473 ἀλλὰ
1540 2419 1740 2490 μᾶλλον
1779 2419 1887 2473 τῶν

314 2499 530 2554 οἰκείων
546 2500 761 2573 τρόπων
779 2501 1179 2572 ἐνδεικνύμενος
1197 2503 1329 2573 ἡμῖν
1348 2502 1444 2573 τὴν
1469 2502 1690 2575 ἀρετὴν,
1715 2502 1888 2556 ταῦτα

314 2581 487 2637 εἰπὼν
523 2584 896 2656 παρεκάλεσεν
929 2587 960 2639 6
995 2585 1297 2655 δυνάστης,
1335 2585 1364 2637 6
1396 2584 1691 2656 βάρϐαρος,
1726 2587 1755 2638 6
1798 2586 1887 2637 ἐπ’

314 2666 591 2737 ὀχήματος
622 2670 921 2741 φερόμενος
946 2671 1040 2723 τὸν
1070 2669 1257 2740 εὐτελῆ
1292 2669 1640 2740 φαινόμενον,
1665 2670 1755 2723 τὸν
1781 2670 1889 2723 ἀπὸ

313 2752 409 2821 τῆς
443 2753 671 2822 ἐσθῆτος
701 2754 1196 2826 εὐκαταφρόνητον,
1218 2753 1496 2809 ἀναϐάντα
1527 2753 1750 2807 καθίσαι
1790 2756 1889 2808 σὺν

314 2834 481 2906 αὐτῷ.
512 2831 665 2900 Εἶδες
691 2836 870 2908 ψυχῆς
895 2838 1239 2909 προθυμίαν;
1276 2833 1415 2902 εἰδες
1445 2836 1735 2900 εὐλαϐείας
1766 2838 1890 2891 ἐπί-

312 2933 503 2983 τασινς
526 2913 665 2983 εἶδες
706 2919 982 2993 βαρϐάρου
1011 2919 1240 2992 γνώμην
1269 2920 1537 2991 φιλόθεον,
1566 2920 1681 2984 πῶς
1718 2921 1889 2993 ἐπλή-

319 3000 413 3073 ρου
460 3004 639 3056 ἐκεῖνο
693 3003 754 3056 τὸ
795 3005 949 3075 παρά
992 2998 1158 3071 σοφοῦ
1197 3021 1340 3067 τινος
1388 3004 1708 3076 εἰρημένον·
1756 3005 1892 3059 Ἐὰν

318 3083 453 3151 ἴδῃς
480 3085 745 3139 συνετὸν
763 3128 776 3150 ,
807 3085 1030 3155 όρθριζε
1061 3087 1209 3155 πρὸς
1238 3088 1427 3141 αὐτὸν
1445 3127 1460 3151 ,
1492 3088 1589 3141 καὶ
1614 3087 1891 3156 ,ϐαθμοὺς

315 3170 515 3238 θυρῶν
551 3173 736 3227 αὐτοῦ
774 3173 1082 3241 ἐκτριϐἐτω
1116 3176 1149 3228 ό
1186 3173 1340 3240 ποῦς
1380 3191 1531 3239 σου;
1576 3170 1728 3237 Εἰδες
1773 3174 1891 3238 πῶς

315 3251 537 3318 δικαίως
562 3256 623 3307 οὐ
663 3254 981 3327 περιώφθη;
1016 3251 1155 3320 εἶδες
1209 3254 1327 3320 πῶς
1355 3256 1575 3319 δικαίως
1607 3257 1890 3328 ἀπήλαυσε

315 3335 418 3406 τῆς
441 3336 646 3391 ἀνωθεν
680 3339 963 3411 προνοίας;
1006 3336 1144 3403 εἶδες
1176 3339 1293 3401 πῶς
1329 3338 1483 3392 οὐδὲν
1524 3340 1737 3393 ἐνέλιπε
1782 3342 1890 3395 τῶν

318 3419 642 3487 ὀφειλόντων
672 3423 801 3493 παρ’
832 3421 996 3475 αὐτοῦ
1025 3420 1428 3491 είσενεχθῆναι;
1458 3421 1557 3476 Διά
1596 3423 1754 3476 τοῦτο
1780 3424 1891 3477 λοι-

319 3502 421 3555 πὸν
452 3504 723 3574 ἐπιτυχὼν
755 3504 849 3557 τοῦ
883 3504 1223 3569 διδασκάλου,
1264 3504 1534 3575 ἐμάνθανε
1571 3508 1708 3574 μετά
1733 3507 1891 3577 ἀκρι-

317 3583 472 3648 ϐείας
501 3588 595 3640 καὶ
625 3587 734 3639 τῶν
769 3587 1103 3659 ἐγκειμένων
1140 3587 1239 3659 τὴν
1277 3586 1527 3658 δύναμιν,
1561 3590 1655 3642 καὶ
1686 3591 1886 3659 ἐφωτί-

318 3667 442 3732 ζετο
472 3670 572 3739 τὴν
600 3669 863 3725 διάνοιαν.

391 3783 555 3839 Ἴδετε
604 3786 728 3840 ὅσον
758 3786 906 3840 ἐστὶν
935 3785 1141 3855 ἀγαθὸν
1185 3784 1247 3839 τὸ
1296 3786 1432 3857 μετά
1470 3787 1750 3858 προσοχῆς
1792 3789 1888 3842 καὶ

320 3869 557 3939 σπουδῆς
604 3871 702 3940 τὴν
742 3870 1046 3937 ἀνάγνωσιν
1079 3868 1349 3923 ποιεῖσθαι
1390 3869 1501 3922 τῶν
1540 3871 1699 3923 θείων
1749 3872 1892 3942 Γραι-

321 3952 467 4020 φῶν;
493 3953 591 4006 Διά
612 3954 717 4025 γὰρ
742 3950 900 4006 τοῦτο
927 3952 1020 4005 καὶ
1054 3953 1151 4022 τὴν
1190 3953 1331 4006 κατά
1355 3952 1446 4006 τὸν
1474 3953 1747 4025 βάρϐαρον
1772 3954 1895 4007 τοῦ-

318 4051 412 4089 τον
454 4035 691 4105 ἱστορίαν
749 4038 827 4098 εἰς
878 4036 1042 4106 μέσον
1090 4037 1217 4105 ὑμῖν
1276 4036 1622 4109 παρήγαγον,
1680 4037 1770 4091 ἴνα
1816 4038 1893 4109 μὴ

319 4118 772 4188 ἐπαισχυνθῶμεν
804 4117 1045 4180 ἅπαντες
1076 4117 1317 4190 ζηλωταὶ
1355 4119 1613 4189 γενέσθαι
1658 4120 1752 4173 τοῦ
1794 4122 1893 4174 Δί-

320 4200 527 4267 θίοπος,
551 4200 644 4254 τοῦ
670 4200 947 4271 εὐνούχου,
973 4201 1068 4254 τοῦ
1096 4202 1230 4273 μηδέ
1256 4205 1314 4256 ἐν
1346 4203 1627 4276 ὁδοιπορίᾳ
1645 4204 1745 4274 τῆς
1771 4205 1896 4258 ἀναο

320 4282 578 4351 γνώσεως
623 4284 973 4355 ἀμελοῦντος.
1035 4283 1189 4357 [552]
1243 4288 1449 4352 Ἱκανὸς
1504 4290 1611 4360 γὰρ
1661 4283 1816 4353 οὗτος
1864 4290 1895 4343 6

324 4368 599 4443 βάρϐαρος
629 4369 830 4425 ἅπασιν
858 4372 989 4442 ἡμῖν
1013 4370 1329 4436 διδάσκαλος
1358 4372 1631 4441 γενέσθαι,
1663 4377 1757 4428 καὶ
1782 4377 1896 4438 τοῖς

321 4453 414 4509 τὸν
444 4454 711 4511 ἰδιωτικὸν
737 4454 852 4525 βίον
885 4456 1345 4528 ἐπανῃρημένοις,
1374 4456 1469 4510 καὶ
1499 4460 1611 4521 τοῖς
1641 4459 1698 4511 ἐν
1727 4475 1894 4529 στρα-

321 4539 416 4609 tu?
455 4538 890 4609 κατειλεγμένοις
912 4580 927 4605 ,
965 4541 1059 4593 καὶ
1088 4540 1145 4593 ἐν
1187 4540 1515 4613 περιφανείᾳ
1545 4542 1893 4611 τυγχάνουσι,

322 4621 420 4681 καὶ
450 4622 615 4675 πᾶσιν
654 4622 986 4688 ἁπαξαπλῶς
1025 4623 1127 4677 οὐκ
1164 4623 1423 4694 ἀνδράσιν
1446 4665 1461 4689 ,
1489 4624 1625 4679 ἀλλά
1667 4627 1757 4680 καὶ
1800 4644 1897 4695 γυο

322 4704 534 4770 ναιξὶν,
570 4705 681 4776 ὅσῳ
722 4706 817 4759 καὶ⁹
856 4705 1119 4777 διηνεκῶς
1161 4708 1296 4761 οίκοι
1338 4706 1721 4778 διατρίϐουσιν,
1761 4708 1898 4763 ἀλλά

323 4795 420 4849 καὶ
448 4792 561 4853 τοὶς
589 4790 683 4842 τὸν
709 4791 1001 4861 μοναχικὸν
1024 4790 1137 4860 βίον
1158 4792 1618 4862 ἐπανηρημένοις,
1643 4792 1731 4846 ἵνα
1756 4810 1895 4861 μαν-

324 4873 531 4928 θάνωσι
576 4875 807 4938 πάντες,
855 4873 932 4938 ὡς
961 4875 1136 4938 οὐδεὶς
1178 4875 1368 4946 καιρὸς
1417 4874 1646 4946 κώλυμα
1687 4877 1899 4943 γίνεται

325 4957 465 5026 πρὸς
486 4957 586 5029 τὴν
614 4957 725 5011 τῶν
754 4957 915 5011 θείων
936 4958 1130 5025 λογίων
1158 4957 1484 5026 ἀνάγνωσιν,
1508 4958 1643 5013 ἀλλὰ
1672 4960 1897 5015 δυνατὸν

329 5042 408 5116 μὴ
441 5041 601 5113 μόνον
641 5042 734 5095 ἐπὶ
764 5041 942 5104 οἰκίας
963 5080 978 5103 ,
1006 5040 1140 5094 ἀλλά
1178 5042 1271 5095 καὶ
1310 5042 1398 5096 ἐπ’
1425 5043 1632 5115 ἀγορᾶς
1663 5043 1899 5115 βαδίζον-

326 5143 448 5191 τας,
488 5128 580 5180 καὶ
621 5126 931 5199 ὁδοιπορίαν
968 5128 1356 5196 ποιουμένους,
1393 5128 1487 5180 καὶ
1537 5128 1597 5181 ἐν
1639 5130 1899 5201 συνουσίᾳ

327 5210 591 5264 πλειόνων
626 5212 1014 5281 τυγχάνοντας,
1058 5212 1156 5265 καὶ
1188 5212 1480 5282 πράγμασι
1513 5212 1899 5285 συμπλεκομέ-

325 5311 456 5358 νους
478 5294 578 5365 τῆς
614 5292 818 5347 τούτων
842 5292 1060 5365 ἔχεσθαι
1094 5293 1352 5365 σπουδῆς,
1398 5294 1485 5347 ἵνα
1509 5294 1579 5349 τὰ
1604 5298 1734 5369 παρ’
1768 5298 1899 5350 ἐαυ-

325 5376 441 5431 τῶν
476 5376 852 5449 εἰσφέροντες,
884 5376 1094 5446 ταχέως
1122 5377 1332 5431 καὶτοῦ
1364 5378 1685 5449 ὁδηγοῦντος
1713 5380 1903 5433 ἐπιτύ-

326 5477 537 5532 χωμεν.
592 5460 761 5531 Ὁρῶν
795 5459 903 5531 γὰρ
949 5458 1103 5530 ἡμῶν
1140 5458 1170 5510 ὁ
1206 5461 1481 5533 Δεσπότης
1523 5462 1621 5533 τὴν
1658 5465 1785 5536 περὶ
1832 5464 1902 5519 τά

328 5545 678 5614 πνευματικά
701 5542 1016 5615 ἐπιθυμίαν,
1043 5543 1105 5597 οὐ
1135 5543 1475 5616 περιόψεται,
1511 5546 1647 5600 ἀλλά
1678 5548 1901 5618 παρέξει

329 5625 433 5697 τὴν
460 5625 666 5680 ἀνωθεν
691 5626 1089 5697 ἐλλαμψιν,κα“ι
1118 5631 1312 5697 φωτιεί
1339 5627 1493 5699 ἡμῶν
1513 5629 1613 5701 τὴν
1642 5630 1897 5687 διάνοιαν.

330 5709 429 5781 Μὴ
455 5710 637 5764 τοίνυν
665 5710 986 5782 ἀμελῶμεν,
1020 5711 1352 5781 παρακαλῶ,
1389 5712 1488 5782 τῆς
1520 5714 1901 5781 ἀναγνώσεως,

334 5789 475 5855 ἀλλά
512 5793 614 5848 κάν
643 5811 700 5852 τε
747 5794 978 5867 εἰδῶμεν
1009 5794 1119 5851 τῶν
1156 5794 1492 5867 ἐγκειμένων
1526 5797 1624 5871 τὴν
1652 5797 1902 5873 δύναμιν,

1326 381 1393 443 IN
1429 384 1584 442 CAP.
1622 383 1742 441 XIV
1780 376 2027 440 GENES.
2060 381 2295 443 llOMlL.
2337 381 2552 438 XXXV.

3450 371 3560 433 524

1979 498 2083 551 κάν
2110 514 2168 551 τε
2202 496 2524 567 ἀγνοῶμεν,
2556 492 2797 566 συνεχῶς
2839 492 2982 548 αὐτὰ
3021 490 3288 562 ἐπίωμεν.
3336 488 3403 543 Ἦ
3446 489 3557 560 γάρ

1979 578 2233 652 διηνεκὴς
2282 579 2485 651 μελέτη
2532 578 2918 645 άνεξάλειπτον
2948 574 3240 649 ἐργάζεται
3269 573 3370 644 τὴν
3417 572 3557 642 μνή-

1982 681 2116 735 μην·
2156 664 2249 718 καὶ
2283 664 2540 727 πολλάκις
2583 664 2722 734 ὅπερ
2761 663 3011 733 σήμερον,
3059 660 3243 729 εὑρεῖν
3272 658 3373 710 οὐκ
3404 655 3558 726 ἰσχύ-

1982 762 2155 816 σαμεν
2199 746 2559 815 ἀναγνόντες,
2604 745 2763 799 τοῦτο
2795 744 2957 798 πάλιν
2999 741 3191 814 αὔριον
3240 738 3558 800 ἐπελθόντες

1979 829 2173 900 ἀθρόον
2210 829 2481 901 εὕρομεν,
2535 826 2629 881 τοῦ
2677 826 3059 897 φιλανθρώπου
3113 823 3249 877 θεοῦ
3310 822 3560 894 ἀοράτως

1981 914 2137 982 ἡμῶν
2165 914 2264 982 τὴν
2289 912 2527 966 διάνοιαν
2554 911 2902 979 φωτίζοντος.
2943 907 3105 962 Ἀλλά
3133 905 3308 959 ταῦτα
3337 905 3434 975 μὲν
3463 902 3558 956 νῦν

1981 996 2117 1065 πρὸς
2142 998 2201 1048 τό
2241 995 2437 1065 συνεχῆ
2477 993 2746 1047 ποιεῖσθαι
2790 991 2890 1063 τὴν
2919 992 3224 1059 ἀνάγνωσιν
3260 987 3371 1041 τῶν
3399 985 3560 1038 θείων

1980 1078 2214 1149 Γραφῶν
2239 1079 2574 1149 εἰρήκαμεν*
2612 1076 2697 1130 ἵνα
2723 1076 2782 1129 δέ
2830 1075 3061 1146 μάθητε,
3092 1074 3174 1126 ὅτι
3210 1072 3302 1126 καὶ
3330 1070 3422 1123 ἐπὶ
3448 1068 3565 1121 τῶν

1981 1165 2157 1225 ἀλλων
2196 1166 2449 1219 ἁπάντων
2472 1163 2630 1217 τοῦτο
2664 1161 2745 1233 τῷ
2769 1160 3019 1231 Δεσπότῃ
3049 1158 3189 1221 ἔθος,
3240 1153 3460 1209 ἐπειδὰν
3492 1151 3563 1204 τά

1982 1248 2111 1318 παρ’
2148 1246 2357 1300 ἑαυτῶν
2390 1246 2810 1316 εἰσενέγκωμεν,
2847 1242 2987 1314 μετά
3022 1239 3303 1311 δαψιλείας
3330 1236 3400 1291 τὰ
3426 1237 3565 1305 παρ’

1981 1331 2174 1386 ἐαυτοῦ
2203 1333 2430 1403 χορηγεῖ
2452 1330 2545 1384 καὶ
2566 1328 2749 1392 αὐτὸς,
2775 1327 2871 1382 καὶ
2894 1328 3031 1400 ὅπερ
3060 1327 3154 1379 ἐπ)⁸
3176 1326 3276 1394 τῆς
3306 1318 3558 1387 ἀναγνώ-

1983 1432 2123 1479 σεως
2158 1416 2430 1486 πεποίηκε
2470 1412 2610 1485 μετά
2652 1412 2853 1482 πολλῆς
2878 1411 2981 1481 τῆς
3007 1408 3310 1479 ταχύτητος
3337 1405 3564 1486 πέμψας

1981 1499 2073 1553 τὸν
2105 1499 2427 1553 διδάσκαλον
2460 1496 2540 1567 τῷ
2572 1495 2858 1567 βαρϐάρῳ,
2893 1492 3052 1546 τοῦτο
3080 1492 3176 1546 καὶ
3201 1490 3294 1543 ἐπὶ
3324 1489 3432 1541 τῶν
3458 1485 3560 1558 τὴν

1983 1582 2182 1653 ἀρετὴν
2211 1581 2453 1653 μετιέναι
2486 1579 2824 1650 βουλομένων
2861 1575 3174 1647 ἐργάζεται,
3201 1574 3431 1628 ἄκουσον
3450 1570 3563 1653 τῶν

1983 1652 2080 1718 νῦν
2109 1652 2439 1735 λεγομένων.
2480 1663 2624 1717 Ἀλλ’
2666 1662 2755 1715 ἵνα
2794 1659 3128 1731 σαφέστερος
3168 1659 3299 1728 ἡμῖν
3343 1656 3372 1707 ό
3402 1652 3561 1720 λόγος

1982 1750 2199 1820 γίνηται
2225 1744 2378 1811 οὗτος
2401 1789 2416 1812 ,
2459 1745 2749 1800 ἀκόλουθον
2786 1743 2851 1798 ἂν
2882 1744 2969 1816 εἴη
3014 1743 3176 1795 πάλιν
3205 1741 3274 1794 τά
3301 1735 3563 1820 κατάτὺν

1984 1819 2331 1904 πατριάρχην
2366 1832 2445 1894 εἰς
2481 1829 2645 1901 μέσον
2678 1830 2936 1898 ἀγαγεῖν,
2972 1828 3067 1880 καὶ⁸
3115 1825 3214 1895 τῆς
3242 1819 3563 1904 ἀκολουθίας

1983 1901 2406 1988 τῶν-χθὲςήμῑν
2441 1914 2748 1985 εἰρημένων
2771 1911 2868 1965 νῦν
2898 1908 3274 1964 ἐπιλαϐέσθαι.
3318 1906 3428 1988 Καὶ
3452 1901 3564 1988 γάρ

1984 1983 2186 2068 ἔγνωτε
2207 2000 2273 2052 ἐκ
2296 1983 2410 2050 τῶν
2442 1983 2886 2068 ήδη-ῥηθέντων,
2913 1993 3032 2056 πῶς
3059 1993 3157 2061 τῆς
3192 1988 3392 2057 πολλῆς
3415 1983 3561 2038 ἐκεί-

1984 2067 2084 2153 νής
2112 2067 2612 2152 ταπεινοφροσύνης
2637 2118 2652 2141 ,
2692 2080 2759 2149 ἣν
2798 2077 2927 2147 περί
2962 2075 3055 2129 τὸν
3086 2072 3211 2128 Λὼτ
3249 2067 3565 2153 ἐπεδείξατο

1986 2151 2397 2236 παραχωρήσας
2416 2161 2567 2232 αὐτῷ
2587 2160 2697 2214 τῶν
2727 2158 3032 2232 πρωτείων,
3053 2155 3255 2224 πολλῆς
3278 2151 3563 2236 ἀπηλῗαυσε

1984 2232 2088 2318 τῆς
2122 2232 2332 2303 ἀνωθεν
2361 2246 2620 2318 ἀμοιϐῆς,
2642 2244 2936 2314 ὑπόσχεσιν
2962 2240 3255 2311 δεξάμενος
3278 2234 3457 2304 πολλῷ
3485 2232 3565 2303 τῷ

1988 2331 2171 2403 μέτρῳ
2220 2328 2659 2401 ὑπερϐαίνουσαν
2702 2326 2772 2381 τά
2814 2326 2944 2396 παρ’
2988 2322 3155 2379 αὐτοῦ
3198 2318 3561 2403 γεγενημένα.

1990 2398 2217 2484 ἰἹδωμεν
2260 2412 2317 2466 δὲ
2334 2398 2535 2465 λοιπὸν
2567 2411 2662 2464 καὶ
2693 2410 2757 2463 ἐκ
2789 2407 2895 2462 τῶν
2940 2407 3178 2477 σήμερον
3215 2398 3564 2484 ἀνεγνωσμέ-

1986 2512 2093 2550 νων
2116 2482 2277 2549 πάλιν
2305 2493 2399 2547 τοῦ
2425 2492 2632 2548 δικαίου
2654 2493 2753 2564 τὴν
2779 2489 3001 2562 ἀρετὴν,
3019 2489 3084 2542 ἵν’
3110 2487 3252 2539 οὕτω
3284 2482 3564 2555 προϊόντες

1988 2579 2395 2649 καταμάθωμεν
2426 2577 2524 2648 τὴν
2551 2577 2759 2645 άφατον
2797 2574 2892 2629 τοῦ
2937 2573 3075 2626 Θεοῦ
3118 2571 3245 2642 περὶ
3274 2568 3435 2623 αὐτὸν
3472 2584 3566 2635 γε-

1987 2663 2294 2734 γενημένην
2327 2660 2677 2733 κηδεμονίαν.
2702 2656 2982 2713 Παιδεύων
3007 2656 3117 2726 γὰρ
3139 2653 3385 2716 ἅπαντας
3413 2652 3561 2734 ἡμᾶς

1986 2746 2073 2800 διά
2107 2747 2206 2817 τῆς
2235 2745 2330 2799 τοῦ
2368 2744 2711 2815 πατριάρχου
2751 2739 3087 2810 φιλοσοφίας,
3144 2736 3368 2817 ἀφίησιν
3403 2733 3565 2817 αὐτύν

1987 2828 2109 2883 καθ’
2164 2815 2397 2882 ἕκαστον
2451 2826 2642 2898 καιρὸν
2683 2824 2949 2896 πρότερον
3004 2816 3411 2873 ἐπιδείκνυσθαι
3465 2815 3565 2885 τῆς

1987 2913 2193 2977 οἰκείας
2219 2911 2446 2983 γνώμης
2477 2911 2535 2964 τὸ
2563 2908 2829 2980 φιλόθεον,
2866 2907 2962 2961 καὶ
2992 2905 3113 2957 τότε
3149 2902 3249 2973 τὴν
3278 2902 3411 2970 παρ’
3443 2899 3566 2983 ἐαυξ

1987 2996 2082 3051 τοῦ
2113 2981 2350 3068 ἀμοιϐὴν
2376 2994 2623 3066 εἰσφέρει
2643 3032 2658 3056 ,
2705 2993 2793 3046 ἴνα
2828 2988 3221 3057 σπουδάσωμεν
3259 2981 3562 3068 καὶηαύτοί

1993 3065 2319 3151 μιμούμενοι
2357 3078 2448 3130 τὸν
2482 3065 2826 3148 πατριάρχην
2863 3071 3125 3143 πρότερον
3154 3067 3420 3151 ἐγχειρεῖν
3452 3065 3567 3151 τοῖς

1989 3145 2089 3233 τῆς
2116 3145 2319 3233 ἀρετῆς
2368 3159 2574 3222 πόνοις,
2596 3145 2707 3210 ’καί
2728 3145 2922 3218 οὕτως
2952 3151 3245 3223 ἀναμένειν
3286 3148 3398 3202 τῶν
3434 3145 3566 3219 παρ’

1990 3243 2155 3298 αὐτοῦ
2187 3242 2431 3315 ἀμοιϐῶν
2465 3241 2562 3313 τὴν
2590 3240 2884 3294 ἀντίδοσιν.

2000 3426 2003 3427 ν
2060 3396 2130 3459 γ’.
2179 3388 2316 3441 Ἀλλ’
2344 3387 2461 3459 ῶρα
2485 3385 2668 3439 λοιπὸν
2695 3383 2833 3437 αὐτά
2857 3383 2984 3452 ὑμῖν
3012 3376 3407 3452 προτιθέναιτά
3424 3376 3587 3445 σήμε-

1992 3491 2082 3545 ρον
2110 3473 2519 3541 ἀνεγνωσμένα’
2549 3469 2666 3522 οὐδὲ
2690 3468 2798 3536 γάρ
2826 3464 3133 3551 ἑρμηνείας.
3144 3463 3312 3551 δ-είται
3345 3460 3564 3551 σχεδὸν,

1990 3544 2126 3610 άλλά
2164 3555 2258 3608 καὶ
2286 3554 2424 3623 αὐτὴ
2457 3554 2491 3622 ἡ
2547 3552 2852 3618 ἀνάγνωσις
2906 3546 3065 3617 ἰκανὴ
3109 3544 3276 3610 δεῖξαι
3319 3544 3419 3613 τῆς
3468 3544 3566 3594 τοῦ

1989 3638 2200 3693 δικαίου
2245 3636 2446 3708 ἀρετῆς
2493 3633 2592 3703 τὴν
2644 3629 2970 3702 ὑπερϐολήν.
3017 3629 3280 3698 Ἐγένετο
3318 3625 3407 3690 δὲ,
3463 3641 3567 3708 φη-

1992 3721 2077 3777 σὶν
2104 3760 2120 3784 ,
2176 3720 2247 3773 ἐν
2289 3707 2438 3789 [555]
2494 3714 2567 3784 τῇ
2611 3713 2903 3781 ,βασιλεία
2962 3710 3037 3780 τῇ
3090 3709 3391 3781 Ἀμαρςρὰο
3453 3707 3569 3771 ,βα-

1991 3803 2209 3868 σιλέως
2280 3798 2546 3867 Σενναὰρ
2566 3836 2581 3861 ,
2642 3795 2843 3865 Ἀριὼχ
2895 3792 3200 3861 ,ϐασιλεὺς
3269 3789 3526 3855 Ἐλασὰρ
3549 3826 3566 3851 ,

1991 3887 2090 3941 καί
2124 3882 2536 3953 Χοδολοτπομὸρ
2584 3878 2887 3947 ,βασιλεὺς
2930 3878 3147 3948 Ἐλάμ,
3205 3874 3305 3931 καί
3333 3874 3566 3943 sapam

1988 3967 2289 4036 βασιλεὺς
2358 3965 2549 4021 ἐθνῶν
2568 4006 2585 4033 ,
2648 3962 3013 4030 ἐποιήσαντο
3080 3963 3346 4030 πόλεμον
3413 3956 3566 4027 μετά

1991 4050 2198 4109 Βαλὰκ
2215 4049 2524 4117 ,βασιλέως
2550 4048 2849 4116 Σοδόμων,
2880 4045 2977 4099 καί
3001 4044 3151 4115 μετὰ
3184 4041 3428 4110 Βαρσὰκ
3457 4043 3569 4094 Ba-

1993 4138 2211 4202 σιλέως
2250 4135 2552 4203 Γομοῖρῤας
2574 4172 2591 4195 ,
2621 4131 2721 4183 καί
2759 4130 2910 4200 μετὰ
2957 4128 3223 4195 Σενναὰρ
3262 4122 3572 4190 ,ϐασιλέως

2006 4218 2241 4289 Ἁδαμὰ,
2284 4219 2384 4272 καὶ
2418 4213 2685 4286 Συμοϐὸρ
2715 4211 3021 4278 ,βασιλέως
3043 4208 3302 4278 Σεϐοείμ,
3334 4205 3433 4260 καί
3446 4205 3571 4289 βα-

1933 4339 1945 4361 ς
1992 4285 2207 4371 σακέως
2249 4300 2455 4357 Bttde
2478 4285 2510 4328 ’ί
2533 4299 2684 4367 αὕτη
2716 4296 2849 4353 ἐστί
2878 4294 3103 4365 Σηγώρ.
3148 4291 3379 4357 Πάντες
3400 4285 3569 4345 οὗτοι

1994 4387 2442 4456 συνεφώνησαν
2496 4382 2592 4437 ἐπὶ
2634 4383 2748 4448 τὴν
2805 4380 3075 4449 φάραγγα
3125 4376 3240 4446 τὴν
3290 4372 3569 4441 ἀλυκήν“

1993 4472 2146 4539 αὕτη
2172 4471 2210 4538 ἠ
2242 4469 2523 4524 θάλασσα
2546 4465 2664 4519 τῶν
2680 4463 2862 4519 ἀλῶν.
2888 4462 3083 4516 Σκόπει
3104 4461 3203 4532 τῆς
3230 4458 3455 4530 Γραφῆς
3472 4456 3575 4526 τὴν

1996 4553 2312 4625 ἀκρίϐειαν,
2356 4551 2504 4612 ὅπως
2548 4550 2643 4602 καὶ
2684 4547 2792 4600 τῶν
2837 4545 3115 4617 ὀνομάτων
3160 4542 3270 4595 τῶν
3305 4539 3575 4625 βασιλέων

1996 4621 2390 4707 ἐμνημόνευσε,
2443 4633 2536 4687 καὶ
2561 4630 2669 4684 τῶν
2697 4627 2865 4683 ἐθνῶν
2888 4644 2903 4658 ο
2948 4628 3048 4698 οὐχ
3081 4624 3305 4707 ἁπλῶς,
3336 4622 3449 4676 ἀλλ’
3483 4621 3574 4707 ἵνα

2001 4703 2181 4792 μάθης
2206 4720 2273 4771 ἐκ
2294 4716 2393 4786 τῆς
2417 4713 2621 4792 τούτων
2644 4710 3013 4783 προσηγορίας
3044 4709 3142 4779 τὴν
3171 4706 3445 4792 βάρϐαρον
3474 4703 3573 4757 αὐ-

1996 4786 2393 4871 τῶν-γνώμην.
2431 4791 2592 4852 Οὗτοι
2625 4796 2767 4867 γὰρ,
2809 4794 2962 4864 φησὶ,
3010 4792 3147 4863 πρὸς
3186 4788 3277 4842 τὸν
3323 4786 3575 4871 Σοδόμων

1999 4867 2225 4956 βασιλέα
2256 4867 2349 4937 καί
2373 4883 2499 4948 τοὺς
2522 4880 2741 4941 λοιποὺς
2765 4876 3023 4948 ἐποίησαν
3045 4873 3299 4943 πόλεμον.
3328 4867 3459 4956 Εἶτα
3478 4869 3572 4921 καὶ

1995 4952 2095 5039 τὴν
2114 4966 2292 5022 αἰτίαν
2311 4964 2549 5018 διδάσκει
2568 4961 2664 5017 τοῦ
2684 4960 2944 5031 πολέμου,
2965 4957 3086 5013 ὅθεν
3105 4957 3202 5039 τὴν
3223 4957 3397 5039 ἀρχὴν
3422 4952 3568 5023 ἔσχε.

1998 5038 2234 5105 Δώδεκα
2262 5048 2371 5120 γάρ
2391 5049 2520 5115 ἐτη,
2552 5047 2735 5118 φησὶν.
2766 5044 3094 5098 ἐδούλευον
3121 5038 3198 5108 τῷ
3231 5038 3573 5106 Χοδολσγο-ι

1991 5135 2109 5204 μὸρ
2125 5130 2380 5197 βασι.λεῖ
2402 5127 2584 5199 Ἐλὰμ
2602 5143 2615 5155 ·
2642 5125 2723 5192 τῷ
2741 5126 2808 5179 δὲ
2828 5120 3286 5195 τρισκαιδεκάτῳ
3296 5122 3413 5204 tiret
3427 5120 3573 5175 (ἰπέ-

1998 5200 2259 5285 στησαν.
2302 5215 2405 5269 Ἐν
2442 5212 2510 5265 δὲ
2534 5209 2613 5275 τῷ
2634 5207 3265 5277 τεσσαρεσκαιδεκατῳ
3291 5200 3438 5274 ἦλθε
3464 5205 3569 5285 Χοέ

1997 5284 2332 5370 δολογυμὸρ
2351 5337 2367 5361 ,
2402 5294 2500 5349 καί
2543 5297 2597 5348 οἰ
2638 5292 2919 5360 ,ϐασιλεῖς
2956 5294 3011 5345 οἰ
3052 5292 3180 5361 μετ’
3210 5287 3428 5351 αὐτοῦ,
3467 5284 3571 5341 καί

2000 5382 2350 5450 κατέκσψαν
2380 5377 2523 5443 τοὺς
2556 5377 2840 5447 γίγαντας
2861 5375 3005 5440 τοὺς
3030 5376 3099 5429 ἐν
3137 5372 3431 5441 Ἀστορὼθ
3471 5370 3573 5424 καί

2000 5464 2319 5535 Καργαειμ,
2349 5460 2449 5515 καί
2481 5460 2625 5529 ἔθνη
2659 5460 2880 5528 ἰσχυρὰ
2902 5459 3023 5529 ἅμα
3053 5457 3277 5522 αὐτοῖς,
3310 5455 3410 5509 καί
3429 5455 3572 5522 τοὺς

2012 5548 2323 5618 Ὀμμαιους
2345 5546 2416 5599 ἐν
2434 5542 2601 5613 Σαυῇ
2628 5543 2703 5612 τῇ
2729 5544 2921 5610 πόλει,
2945 5542 3046 5598 καί
3070 5542 3212 5607 τοὺς
3243 5539 3569 5609 Χορραιους

2002 5632 2143 5698 τοὺς
2173 5631 2244 5685 ἐν
2272 5629 2396 5694 τοῖς
2416 5626 2579 5696 ὄρεσι
2600 5626 2796 5694 Σηείρ,
2817 5625 2928 5691 ἕως
2954 5623 3064 5693 τῆς
3101 5624 3437 5691 τερεόίνθου
3458 5620 3573 5688 τῆς

2004 5715 2223 5783 Φαρὰν,
2257 5713 2296 5780 ἣ
2328 5714 2496 5766 ἐστιν
2514 5709 2586 5764 ἐν
2614 5708 2686 5776 τῇ
2711 5709 2925 5778 ἐρήμῳ.
2954 5708 3060 5762 Καὶ
3083 5705 3571 5774 ἀναστρέψαντες

2003 5798 2194 5865 ἦλθον
2231 5795 2485 5869 ὲπί’τὴν
2523 5791 2725 5863 πηγὴν
2764 5790 2873 5862 τῆς
2910 5789 3154 5860 κρίσεως
3177 5806 3192 5819 ·
3235 5789 3390 5869 αὕτη
3439 5787 3573 5858 ἐστί
