4092 6408
536 357 655 449 ’τες

550 508 769 575 Κάδηςο
815 508 912 561 καὶ
963 507 1302 575 κατέκοψαν
1342 506 1573 570 πάντας
1628 503 1769 567 τοὺς
1810 504 2104 570 ἄρχοντας

564 589 843 658 Ἀμαλὴκ,
878 590 973 642 καὶ
1007 589 1146 654 τοὺς
1187 590 1566 657 Ἀμορραίους
1593 586 1734 652 τοὺς
1766 582 2103 643 κατοικοῦνέ

549 688 654 737 τας
687 672 754 724 ἐν
792 670 1253 739 Ἀσασυνθαμάρ.
1298 670 1389 740 Μὴ
1421 669 1605 729 ἁπλῶς
1638 665 2103 737 παραδράμωμεν,

548 756 842 823 ἀγαπητοὶ,
883 755 949 807 τά
987 755 1286 824 εἰρημένα,
1331 754 1463 824 μηδὲ
1504 754 1812 823 νομίσωμεν
1856 747 2103 816 ἀνωφελῆ

548 832 684 888 εἶναι
732 838 828 905 τὴν
873 839 1141 905 διήγησιν.
1204 837 1489 905 Ἐπίτηδες
1522 836 1628 905 7&9
1675 836 1707 904 ὴ
1745 834 1867 887 θεία
1914 829 2104 902 Γραφὴ

549 918 685 987 μετὰ
730 920 1011 987 ἀκριϐείας
1052 920 1264 973 ᾶπαντα
1296 921 1425 989 ἡμῖν
1453 921 1766 989 διηγήσατο,
1802 919 1887 969 ῖνα
1922 914 2103 984 μάθω-

548 1018 646 1070 μεν
677 1002 782 1053 τῶν
813 1002 1098 1072 βαρϐάρων
1131 1005 1332 1055 τούτων
1370 1003 1466 1073 τὴν
1498 1003 1647 1071 ἰσχὺν
1668 1041 1681 1062 ,
1717 1002 1809 1054 καὶ
1843 1001 1972 1068 ὅσην
2008 996 2105 1067 τὴν

544 1086 793 1155 ἀνδρείαν
829 1085 1165 1150 ἐπεδείξαντο
1188 1124 1202 1147 ,
1236 1086 1329 1138 καὶ
1372 1086 1509 1155 μετὰ
1554 1084 1721 1151 πόσης
1753 1082 2105 1152 σφοδρότητος

548 1168 680 1237 πρὸς
719 1170 805 1220 τὸν
837 1169 1069 1237 πόλεμον
1095 1168 1359 1237 ὥρμησαν
1378 1208 1392 1228 ,
1430 1168 1505 1229 ὡς
1543 1169 1635 1220 καὶ
1665 1170 1791 1229 τοὺς
1823 1162 2102 1233 γίγαντας,

543 1248 685 1300 τοῦτ’
718 1250 830 1303 ἐστι
856 1252 979 1312 τοὺς
1012 1251 1261 1319 ἰσχυροὺς
1286 1249 1423 1303 κατά
1448 1249 1544 1318 τὴν
1572 1248 1665 1301 τοῦ
1699 1249 1944 1317 σώματος
1969 1247 2100 1311 ἓξιν,

544 1332 1034 1399 καταγωνίσασθαι.
1066 1332 1161 1385 καὶ
1190 1332 1362 1385 πάντα
1384 1330 1453 1384 τά
1492 1335 1668 1384 ἐκεῖσε
1699 1330 1952 1383 οἰκοῦντα
1976 1330 2101 1398 εθνη

542 1414 943 1483 τῳπὼσασθαι.
1004 1413 1267 1481 Καθάπερ
1324 1414 1431 1484 7&9
1477 1413 1807 1483 χειμάρρους
1862 1412 2102 1480 σφοδρῶς

541 1494 781 1549 ἐπελθὼν
807 1497 1017 1549 ἅπαντα
1048 1495 1353 1566 παρασύρει
1388 1498 1479 1550 καὶ
1507 1495 1788 1557 ἀπόλλυσι,
1825 1494 1914 1547 τδν
1942 1493 2102 1548 αὑτὸν

540 1578 603 1646 δὴ
634 1578 832 1648 τρόπον
872 1580 962 1631 καὶ
1000 1571 1143 1631 οὗτοι
1168 1579 1215 1630 οἰ
1254 1578 1513 1649 βάρϐαροι
1571 1580 1699 1631 πᾶσι
1740 1577 1947 1639 τούτοις
1988 1579 2101 1639 τοῖς

546 1659 749 1713 ἔθνεσιν
777 1660 1107 1723 ἐπελθόντες,
1144 1661 1345 1723 πάντας
1376 1660 1541 1729 ἄρδην
1571 1660 1873 1718 ἀπώλεσαν,
1901 1660 1975 1721 ὠς
2009 1661 2102 1711 καλ⁵

543 1743 669 1805 τοὺς
715 1745 980 1812 ἄρχοντας
1020 1743 1125 1794 τῶν
1184 1742 1578 1811 Ἀμαληκιτῶν,
1613 1743 1705 1794 καὶ
1745 1743 1868 1804 τοὺς
1912 1740 2102 1803 ἀλλους

543 1824 784 1886 ἃπαντας
812 1824 1214 1894 τροπώσασθαι.
1260 1824 1397 1875 Ἀλλ’
1430 1826 1558 1886 ῖσως
1589 1824 1731 1876 εἲποι
1764 1840 1845 1884 τις
1872 1823 1937 1875 ἀν
1956 1839 1971 1853 θ
2008 1822 2101 1874 καὶ

546 1906 598 1957 τί
633 1922 721 1974 μοι
763 1906 950 1973 δφελος
995 1906 1102 1959 ἀπὸ
1145 1906 1239 1958 τοῦ
1281 1906 1481 1973 γνῶναι
1528 1906 1638 1958 τῶν
1685 1904 1971 1976 βαρϐάρων
2001 1904 2102 1974 τῆν

543 1988 726 2057 ἰσχύνς
759 1988 868 2057 Ούχ
896 1988 1080 2051 ἀπλῶς
1106 1988 1225 2041 οὺδέ
1253 1990 1373 2059 εἰκῆ
1406 1990 1439 2059 ἡ
1474 1988 1661 2061 Γραφὴ
1692 1987 1864 2041 ταῦτα
1884 1990 1950 2057 τῇ
1988 1987 2103 2057 διη-

538 2073 694 2139 γήσει
712 2069 1083 2140 ἐγκατέμιξεν,
1104 2070 1221 2123 οὐδὲ
1247 2071 1421 2142 μάτην
1444 2073 1604 2139 ἡμεῖς
1625 2070 1718 2123 νῦν
1742 2061 2100 2140 προλαϐόντες

539 2152 937 2221 παρεγγυῶμεν
966 2154 1091 2223 ύμῖν
1125 2152 1430 2223 μεμνῆσθαι
1460 2154 1557 2222 τῆς
1587 2152 1788 2205 τούτων
1815 2151 2096 2221 ἀνδρείας·

536 2232 650 2284 ἀλλ’
683 2234 767 2286 ἵνα
801 2234 1089 2305 προϊούσης
1127 2236 1224 2304 τῆς
1258 2235 1602 2297 διδασκαλίας
1636 2234 1840 2304 μάθητε
1874 2235 1967 2287 καὶ
1999 2233 2099 2302 τῆς

534 2313 627 2365 τοῦ
656 2314 790 2367 Θεοῦ
820 2315 1097 2386 δυνάμεως
1125 2318 1223 2400 τῂν
1246 2316 1572 2387 ὑπερϐολὴν,
1596 2318 1689 2370 καὶ
1713 2316 1807 2369 τοῦ
1834 2316 2098 2387 πατριάρ-

534 2417 630 2470 χου
659 2402 755 2472 τὴν
786 2403 1002 2473 ἀρετήν.
1035 2404 1176 2475 Πρδς
1199 2404 1414 2467 τούτους
1437 2400 1549 2463 οὖν,
1574 2404 1726 2475 φησὶ,
1753 2406 1877 2468 τοὺς
1905 2404 2096 2457 τοσαύ-

531 2500 629 2551 την
655 2484 881 2553 δύναμιν
914 2487 1299 2556 κεκτημένους,
1330 2488 1422 2538 καὶ
1458 2486 1690 2539 τοσαῦτα
1722 2487 1846 2555 ἐθνη
1886 2502 2098 2557 τροπω-

534 2566 797 2635 σαμένους
838 2566 1090 2634 Ἔξῆλθε
1124 2568 1573 2636 παρατάξασθαι
1616 2573 1649 2623 ό
1666 2569 1965 2634 βασιλεὺς
1990 2572 2096 2621 Σο-

529 2647 746 2716 δόμων,
777 2649 873 2702 καί
900 2652 1225 2717 Γομόρρας.
1258 2650 1353 2701 καὶ
1401 2650 1620 2717 Ἀδαμὰ
1638 2690 1652 2711 ,
1698 2651 1793 2703 καί
1823 2651 2091 2718 Σεσοείμ,

530 2732 627 2785 καὶ
664 2733 868 2785 Βαλάκ
887 2747 903 2765 ⁶
944 2734 1093 2799 αὕτη
1120 2733 1251 2785 ἐστί
1290 2732 1491 2800 Σηγώρ
1515 2749 1528 2763 ’
1566 2734 1662 2787 καί
1688 2735 2093 2799 παρετάξαντο

526 2813 731 2877 αὐτοῖς
761 2815 830 2866 ἐν
858 2812 933 2881 τῇ
958 2814 1190 2867 κοιλάδι
1218 2813 1292 2881 τῇ
1311 2812 1509 2881 ἁλυκῇ
1528 2818 1614 2880 εις
1636 2817 1918 2883 πόλεμον,
1944 2816 2094 2882 πρὸς

528 2894 935 2964 Χοδολοτομὸρ
960 2937 975 2959 ,
1018 2896 1114 2950 καί
1156 2899 1387 2963 Θαρθὰκ
1410 2935 1425 2959 ,
1468 2898 1564 2949 καί
1623 2898 1954 2965 Ἀμαρφὰθ,
1993 2898 2090 2949 καὶ

541 2977 767 3045 Ἀρίωχ.
792 2981 856 3030 οι
887 2976 1180 3045 τέσσαρες
1203 2977 1485 3043 βασιλεῖς
1528 2978 1678 3044 πρὸς
1712 2978 1854 3043 τοὺς
1890 2980 2088 3031 πέντε.

529 3057 749 3123 Romae
772 3058 840 3111 δὲ
862 3059 899 3125 ἡ
936 3059 1134 3125 ἁλυκὴ
1157 3099 1172 3122 ,
1212 3059 1434 3127 φρέατα
1485 3059 1821 3127 ἀσφάλτου.
1851 3055 1982 3114 Εἶτα
2008 3062 2092 3113 ἴνα

533 3141 808 3210 μάθωμεν,
829 3141 942 3203 πῶς
955 3142 1387 3209 καταπλαγέντες
1407 3141 1580 3194 αὐτῶν
1595 3143 1691 3211 τὴν
1708 3142 1975 3210 ἀνδρείαν,
1997 3145 2090 3197 καὶ

525 3229 623 3300 τῆς
646 3222 922 3291 δυνάμεως
944 3224 1040 3290 τὴν
1075 3226 1343 3293 ἰσχὺν,εἰς
1376 3225 1550 3294 φυγὴν
1577 3224 1728 3296 [554]
1752 3226 2087 3295 ἐτράπησαν.

528 3304 689 3371 φησὶν
719 3306 751 3373 ἡ
781 3304 965 3375 Γραφή
992 3323 1005 3335 -
1040 3307 1148 3357 Kal
1176 3307 1397 3373 ἔφυγεν
1423 3307 1769 3373 όβασιλεὺς
1791 3309 2084 3377 Σοδόμων,

527 3386 623 3437 καί
646 3387 967 3454 Γομόρρας,
992 3388 1087 3439 καί
1111 3389 1401 3442 ἐνέπεσον
1418 3390 1557 3452 ἐκεῖ,
1578 3391 1723 3444 ἔνθα
1742 3391 1812 3444 τὰ
1833 3393 2052 3459 φρέατα
2071 3407 2085 3421 ⁸

525 3472 580 3521 οἱ
632 3468 699 3521 δὲ
754 3469 1245 3537 καταλειφθέντες
1293 3474 1379 3537 εἰς
1417 3472 1530 3539 τὴν
1568 3472 1809 3541 ὀρεινὴν
1840 3476 2083 3544 ἔφυγον.

526 3546 680 3614 Εἶδες
718 3551 854 3622 πόση
890 3552 995 3604 τῶν
1024 3552 1233 3623 ἀνδρῶν
1264 3555 1297 3624 ὴ
1331 3555 1482 3624 ἰσχύς
1508 3572 1523 3620 ;
1554 3556 1671 3619 πῶς
1711 3557 1802 3609 καὶ
1834 3557 1891 3622 ἐξ
1920 3558 2088 3627 αὐτῆς

523 3634 621 3702 τῆς
653 3634 965 3704 προσόψεως
991 3635 1403 3707 καταπλαγῆναι
1429 3639 1625 3702 αὐτοὺς
1645 3641 2084 3710 παρεσκεύασαν,

524 3717 617 3768 καὶ
650 3718 727 3779 είς
767 3718 943 3785 φυγὴν
972 3718 1245 3787 τραπῆναι
1293 3722 1685 3791 πεποιήκασινς
1721 3723 1860 3792 Ὅρα
1904 3722 2085 3776 λοιπὸν

523 3799 641 3859 πῶς
676 3800 812 3869 μετὰ
842 3802 1018 3869 πάσης
1043 3802 1289 3866 εὐκολίας
1308 3844 1324 3867 ,
1357 3804 1605 3871 φυγάδων
1636 3806 1889 3859 ἁπάντων
1927 3824 2086 3876 γεγε-

522 3882 787 3952 νημένων,
818 3882 884 3935 τὰ
920 3883 1096 3936 αὐτῶν
1137 3886 1349 3940 ἅπαντα
1382 3886 1633 3949 λαϐόντες
1661 3890 1853 3942 ἐκεῖνοι
1882 3891 2084 3962 ἐπανῄ-

523 3980 669 4016 εσαν.
698 3966 948 4017 Ἕλιιϐον
978 3965 1068 4028 δὲ,
1101 3968 1251 4033 φησὶ,
1284 3968 1380 4020 καί
1410 3969 1522 4034 τὴν
1552 3970 1811 4038 ὀρεινὴν,
1847 3972 1941 4026 καί
1974 3973 2083 4028 πᾶ-

520 4060 643 4097 σαν
659 4044 771 4111 τὴν
786 4047 972 4098 ἵππον
991 4048 1267 4118 Σοδόμων
1292 4051 1387 4102 καὶ
1417 4054 1741 4120 Γομόρρας.
1767 4054 1862 4105 καί
1890 4054 2083 4108 πάντα

520 4127 592 4178 τὰ
615 4126 893 4195 βρώματα
913 4130 1127 4187 αὐτῶν.
1159 4132 1253 4184 καὶ
1270 4132 1565 4199 ἀπῆλθον.
1605 4136 1866 4189 Ἔλασον
1892 4136 1959 4189 δὲ
1982 4138 2080 4191 καί

522 4211 627 4261 τὸν
656 4209 781 4262 Λὼτ
806 4211 912 4263 τόν
950 4211 1082 4264 υἱὸν
1111 4213 1217 4266 τοῦ
1258 4213 1522 4282 ἀδελφοῦ
1551 4216 1771 4285 Ἀδραμ
1790 4257 1803 4281 ,
1831 4220 1926 4271 καί
1968 4220 2082 4287 τὴν

520 4292 875 4357 ἀποσκευὴν
895 4294 1099 4355 αὑτοῦ,
1136 4294 1231 4346 καί
1260 4294 1591 4363 ἁπῴχοντο.
1624 4293 1733 4350 Ἦν
1760 4304 1869 4367 γὰρ
1888 4317 2081 4355 κατοι-

521 4372 642 4425 κῶν
664 4373 731 4425 ἐν
755 4374 1056 4441 Σοδόμοις.
1104 4375 1232 4427 Ἰδοὺ
1271 4376 1407 4444 ὅπερ
1434 4378 1560 4446 χθὲς
1586 4378 1788 4446 ἔλεγον,
1820 4382 1898 4443 είς
1921 4382 2078 4453 ἔργον

519 4453 677 4523 ἐξέϐη
707 4455 835 4508 νῦνο
877 4458 955 4510 ὅτι
995 4458 1145 4510 οὐδὲν
1196 4456 1449 4513 ἀπώνατο
1476 4462 1506 4513 ὁ
1545 4460 1666 4513 Λὼτ
1704 4463 1810 4515 ἀπὶ
1831 4462 1927 4534 τῆς
1969 4466 2078 4518 τῶν

519 4537 801 4605 πρωτείων
840 4538 1066 4609 ἐκλογῆς
1089 4578 1103 4602 ,
1135 4539 1269 4592 ἀλλά
1294 4540 1361 4592 δι’
1391 4542 1567 4594 αὐτῶν
1594 4542 1702 4596 τῶν
1742 4548 2078 4615 πραγμάτων

517 4616 830 4671 ἐπαιδεύετο
875 4620 981 4672 τῶν
1027 4624 1310 4691 πρωτείων
1348 4624 1422 4693 μὴ
1467 4626 1617 4695 ἐρᾷν.
1666 4628 1742 4680 οὐ
1784 4628 1941 4697 μόνον
1968 4633 2076 4700 γάρ

518 4699 665 4769 αὐτῷ
692 4703 754 4754 ἐκ
787 4702 973 4755 τούτου
1019 4704 1168 4756 οὐδὲν
1204 4705 1392 4772 ὄφελος
1423 4708 1641 4775 γέγονεν
1665 4751 1679 4774 ,
1712 4711 1825 4763 ἀλλ’
1857 4712 1961 4767 ἰδοὺ
1984 4699 2075 4767 καὶ

517 4783 858 4864 αἰχμάλωτος
888 4785 1106 4856 ἀπήχθη
1127 4825 1141 4849 ,
1174 4788 1263 4840 καὶ
1297 4788 1562 4857 ἐμάνθανε
1600 4791 1687 4843 διὰ
1726 4792 1834 4846 τῶν
1866 4794 2073 4864 ἔργων,

515 4863 598 4917 ὅτι
626 4865 801 4935 πολλῷ
838 4866 1042 4932 βέλτιον
1067 4864 1133 4938 ἦν
1159 4869 1307 4939 αύτῷ
1329 4870 1425 4939 τῆς
1450 4871 1541 4924 τοῦ
1565 4872 1770 4926 δικαίου
1793 4863 2074 4941 συνουσίας

516 4947 825 5011 ἀπολαύειν,
855 4948 886 5019 ἢ
926 4950 1242 5018 χωρισθέντι
1267 4992 1281 5014 ,
1315 4953 1408 5005 καί
1444 4954 1502 5005 ἐν
1529 4954 1807 5028 ἐλευθερίᾳ
1830 4962 2071 5026 γεγονότι

514 5028 784 5112 τοσούτων
806 5031 1125 5102 πειραθῆναι
1157 5031 1261 5084 τῶν
1297 5037 1603 5104 συμφορῶν.
1651 5036 1780 5090 ’ἰδοὺ
1803 5041 1909 5112 γάρ
1933 5043 2071 5112 ἐχω-

518 5109 674 5185 ρίσθη
694 5110 787 5163 τοῦ
808 5113 1164 5183 πατριάρχου,
1194 5116 1286 5168 καὶ
1315 5116 1563 5186 ἐνόμισεν
1600 5119 1657 5171 ἐν
1686 5109 1889 5175 πλείονι
1934 5109 2071 5178 εἰναι

514 5191 685 5261 ἀδείᾳ,
737 5193 832 5245 καὶ
868 5194 978 5247 τῶν
1032 5198 1311 5265 πρωτείων
1351 5198 1830 5271 ἐπιτετυχηκέναι.
1878 5207 1972 5259 καὶ
2012 5210 2072 5260 ἐν

514 5274 680 5343 πολλῇ
721 5275 1009 5343 τυγχάνειν
1044 5280 1109 5347 τῇ
1142 5279 1399 5349 εὐπορίᾳ,
1435 5283 1527 5334 καὶ
1560 5284 1753 5353 ἀθρόον
1790 5288 2071 5358 αἰχμάλω-

510 5374 623 5421 τος,
663 5358 841 5421 ἄοικος
861 5397 878 5420 ,
923 5359 1169 5423 ἀνέστιος
1207 5362 1445 5429 γίνεταν
1474 5365 1559 5417 ἵνα
1600 5368 1775 5442 μάθῃς
1801 5372 1924 5425 δσον
1953 5374 2071 5427 ἐσαιςί⁵

514 5453 682 5538 κακὸν
705 5453 1037 5523 ῆΐιαίρεσις,
1073 5457 1165 5508 καὶ
1190 5456 1311 5509 ὅσον
1349 5461 1495 5512 ἐστὶν
1526 5462 1726 5531 ἀγαθὸν
1754 5468 1786 5537 ή
1815 5470 2063 5538 ὁμόνοιαο

512 5534 605 5585 καὶ
643 5535 725 5587 ὅτι
761 5538 1023 5606 προσήκει
1070 5538 1143 5608 μὴ
1188 5540 1453 5611 ἐπιπηδᾷν
1488 5547 1599 5608 τοῖς
1645 5534 1918 5617 μείζοσι-ν,
1948 5553 2067 5606 ἀλλ’

512 5617 731 5707 ἀγαπᾷν
778 5617 1127 5707 ἐλαττοῦσθαι
1176 5622 1391 5707 μᾶλλον.
1438 5627 1695 5681 Ἔλασον
1738 5634 1872 5702 7&9.
1912 5639 2063 5707 φησὶ,

648 5697 797 5785 Λὼτ,
816 5699 913 5752 καὶ
934 5700 1047 5766 τὴν
1079 5702 1431 5770 ἀποσκευὴν
1458 5709 1661 5764 αὑτοῦ.
1689 5695 1844 5782 Πόσιρ
1862 5695 2066 5785 μᾶλλον

515 5782 716 5852 βέλτιον
745 5783 812 5858 ἦν
835 5794 1067 5845 συνεῖναι
1102 5791 1177 5863 τῷ
1212 5795 1540 5871 πατριάρχῃ,
1568 5802 1657 5855 καὶ
1690 5782 2059 5865 πάντα-κατα-

1258 392 1317 446 5.
1354 389 1638 445 «ιοΑΝΝιδ
1674 374 2154 444 CHRYSOSTOMl
2189 382 2507 441 Λιιεικερ.
2542 382 3061 446 CONSTANTINOP

2202 499 2448 568 δέχεσθαι
2471 502 2609 574 ὑπὲρ
2644 504 2736 557 τοῦ
2766 504 2841 575 μὴ
2866 505 3259 578 διασπασθῆναι
3276 496 3382 580 ’τὴν
3408 510 3607 580 μεταξὺ
3626 517 3754 586 69.6-

2201 600 2367 648 νοιαν,
2400 586 2432 656 ἢ
2463 587 2814 657 χωρισθέντα,
2866 591 2957 641 καί
2987 590 3055 643 τά
3096 595 3333 660 πρωτεῖα
3366 592 3713 664 ἐκλεξάμενον
3735 638 3754 663 ,

2200 665 2400 729 εὐθέως
2448 668 2717 731 τοσούτοις
2758 671 3019 733 κινδύνοις
3066 673 3489 744 περιϐληθῆναι,
3533 679 3622 731 καὶ
3653 681 3757 732 ὑπὸ

2202 747 2493 831 βαρϐάροις
2523 751 2805 831 γενέσθαι;
2847 756 3328 823 Παραγενόμενος
3362 756 3429 808 δέ
3455 754 3564 823 τις,
3588 764 3718 831 φησί
3736 800 3771 826 ,ν

2200 827 2318 881 τῶν
2336 830 2764 885 ἀνασωθέντων
2781 872 2795 897 ,
2823 833 3142 903 ἀπήγγειλε
3170 836 3251 902 τῷ
3287 840 3350 891 Ἀ
3360 840 3507 907 δραμ
3543 840 3622 905 τῷ
3649 827 3755 895 πε-

2191 911 2366 979 ράτῃ.
2404 912 2590 979 Αὐτὸς
2608 913 2677 966 δὲ
2699 914 2943 979 κατῴκει
2966 917 3111 984 πρὸς
3140 917 3214 985 τῇ
3241 919 3375 986 δρυῒ
3401 920 3473 987 τῇ
3507 923 3755 991 Μαμϐρῆ

2213 994 2457 1062 Ὀμοροῦ
2482 1008 2531 1055 ι,
2582 996 2686 1049 τοῦ
2735 998 3000 1067 ἀδελφοῦ
3048 1000 3313 1069 Ἑσχὼνί.
3351 1004 3446 1055 καί
3489 1004 3760 1076 ἀδελφοῦ

2190 1076 2410 1143 Αὺνᾶν,
2436 1079 2493 1131 οἷ
2515 1076 2678 1148 ἦσαν
2703 1086 3039 1149 συνωμόται
3059 1084 3140 1149 τῷ
3167 1088 3397 1155 Ἀϐραμ.
3421 1088 3544 1155 Πῶς
3573 1094 3760 1146 τοσού-

2198 1176 2291 1212 του
2320 1160 2553 1232 πολέμου
2602 1166 3053 1235 συγκροτηθέντος
3089 1167 3193 1219 οὒκ
3236 1168 3373 1236 ἐγνω
3419 1172 3450 1225 δ
3488 1176 3756 1246 πατριάρ-

2199 1260 2331 1313 χηςς
2367 1246 2495 1310 ἴσως
2526 1248 2659 1303 πολὺ
2682 1250 2738 1301 τὸ
2768 1251 2824 1301 ἐν
2844 1249 2993 1319 μέσῳ
3020 1250 3293 1325 διάστημα
3324 1255 3605 1323 ἐτύγχανε,
3639 1258 3749 1310 δι“δ

2199 1327 2290 1407 καὶ
2315 1330 2598 1399 ⁴ἠγνόησεν.
2638 1332 2862 1386 Ἐλθὼν
2882 1332 2948 1386 δέ
2976 1350 3065 1398 τις
3084 1333 3410 1404 ἀπήγγειλε
3434 1336 3514 1403 τῷ
3542 1339 3758 1407 Ἀϐραμ

2198 1406 2276 1471 τῷ
2313 1409 2569 1479 περάτῃ·
2621 1412 2703 1464 ἵνα
2745 1415 2891 1483 ἡμᾶς
2926 1415 3241 1487 άναμνήσῃ,
3281 1417 3361 1470 δτι
3408 1418 3484 1488 τῷ
3528 1418 3633 1471 ἀπό
3658 1406 3757 1489 τῆς

2198 1490 2468 1555 Χαλδαίας
2484 1494 2843 1547 ἐπανελθόντι.
2878 1494 3091 1565 Ἐπειδὴ
3114 1498 3220 1569 7&9
3236 1498 3409 1569 πέραν
3432 1499 3525 1551 τοῦ
3542 1501 3756 1571 Εὐφρά-

2196 1588 2290 1624 του
2332 1574 2432 1644 την
2475 1576 2789 1645 κατοίκησιν
2848 1572 2989 1647 εἶχε,
3041 1579 3128 1631 διά
3174 1580 3330 1632 τοῦτο
3380 1582 3470 1633 καὶ
3516 1585 3758 1653 περάτης

2198 1654 2431 1723 ἐλέγετο.
2462 1657 2569 1709 Καὶ
2598 1658 2799 1712 ἀνωθεν
2827 1661 2920 1712 καὶ
2948 1660 3005 1726 ἐξ
3033 1661 3205 1729 ἀρχῆς
3228 1662 3277 1714 οί
3307 1666 3481 1729 γονεῖς
3503 1664 3561 1716 τδ
3586 1665 3756 1734 ὄνομα

2197 1738 2345 1808 αὑτῷ
2375 1739 2657 1802 ἐπέθεσαν,
2693 1742 3094 1811 προμηνύοντες
3121 1743 3268 1814 αύτῷ
3296 1744 3393 1814 τὴν
3426 1747 3626 1799 ἐκεῖθεν
3654 1748 3757 1800 αύ-

2195 1819 2291 1871 τοῦ
2338 1822 2750 1891 μετανάστασιν.
2823 1824 3038 1894 Ἐπειδὴ
3059 1825 3166 1896 7&9
3222 1828 3395 1897 περᾷν
3446 1827 3633 1895 ἐμελλε
3660 1827 3758 1881 τὸν

2197 1902 2516 1975 Εὐφράτην.
2544 1905 2636 1958 καὶ
2675 1906 2768 1959 ἐπὶ
2799 1907 2899 1977 τὴν
2938 1907 3299 1976 Παλαιστίνην
3342 1908 3624 1978 ἔρχεσθαι,
3662 1911 3761 1965 διὰ

2195 1984 2351 2039 τοῦτο
2376 1988 2470 2038 καὶ
2502 1985 2725 2057 ’Δϐραμ
2752 1987 3014 2041 ἐκαλεῖτο.

2263 2064 2325 2120 δ’.
2361 2068 2558 2120 Σκόπει
2578 2068 2693 2130 πῶς
2720 2069 2815 2121 καὶ
2832 2069 3044 2123 ἀπιστοι
3064 2068 3214 2135 ὄντες
3237 2075 3284 2127 οἰ
3305 2076 3475 2141 γονεῖς
3498 2072 3597 2127 οὐκ
3620 2073 3756 2127 εἰδό-

2193 2166 2302 2215 τες,
2323 2149 2433 2203 ἀλλ’
2451 2150 2554 2203 ὑπὸ
2584 2151 2679 2221 τῆς
2691 2152 2782 2205 τοῦ
2798 2152 3105 2223 εὐμηχάνου
3118 2155 3248 2208 Θεοῦ
3267 2156 3454 2225 σοφίας
3464 2156 3753 2228 ὁδηγούμε-

2194 2249 2293 2294 νοι,
2318 2231 2377 2285 τὸ
2399 2232 2566 2301 ὄνομα
2582 2233 2844 2287 ἐπέθεσαν
2858 2235 2934 2304 τῷ
2952 2236 3119 2297 παιδὶ,
3144 2238 3390 2308 καθάπερ
3406 2240 3497 2291 καὶ
3518 2240 3545 2291 ὁ
3562 2241 3753 2309 Λάμεχ

2192 2314 2271 2384 τῷ
2294 2314 2436 2367 Νῶε.
2468 2316 2576 2368 Καὶ
2602 2315 2760 2369 τοῦτο
2791 2315 2898 2388 7&9
2926 2317 3023 2387 τῆς
3043 2319 3135 2371 τοῦ
3160 2318 3292 2372 Θεοῦ
3326 2319 3753 2390 φιλανθρωπίας,

2191 2397 2252 2449 τὸ
2294 2400 2387 2449 καὶ
2431 2396 2518 2449 διά
2554 2398 2797 2450 ἀπίστων
2848 2398 3106 2463 πολλάκις
3150 2403 3482 2472 προμηνύειν
3516 2402 3585 2455 τά
3615 2406 3755 2471 μετά

2193 2478 2360 2531 πολὺν
2399 2478 2629 2547 ἐσόμενα
2655 2480 2863 2550 χρόνον.
2895 2481 3247 2551 ’Δπήγγειλεν
3272 2479 3364 2535 οὖν
3393 2482 3579 2545 ἐλθὼν,
3600 2483 3754 2556 [35δῖ

2192 2562 2343 2629 φησὶ,
2372 2560 2455 2623 τὶς
2481 2560 2561 2632 τῷ
2593 2563 2804 2635 περάτῃ
2834 2564 2901 2616 τὰ
2926 2565 3204 2632 γεγονότα,
3230 2566 3324 2617 τοῦ
3356 2565 3628 2633 ἀδελφιδοῦ
3651 2567 3756 2635 τὴν

2189 2644 2582 2714 αἰχμαλωσίαν,
2624 2644 2852 2699 καὶτῶν
2886 2646 3145 2715 βασιλέων
3177 2649 3396 2701 ἐκείνων
3417 2649 3515 2717 τὴν
3551 2648 3752 2717 πολλὴν

2188 2728 2523 2791 δυναστείαν,
2561 2729 2655 2782 καὶ
2693 2730 2791 2801 τὴν
2830 2732 2886 2783 ἐν
2914 2730 3164 2800 Σοδόμοις
3200 2730 3481 2800 πόρθησιν.
3516 2732 3607 2783 καὶ
3648 2732 3757 2800 τὴν

2192 2813 2304 2879 μετ’
2346 2811 2604 2882 αἰσχύνης
2646 2813 2841 2881 φυγήν.
2876 2812 3069 2878 Αὐτὸς
3092 2812 3171 2883 δὲ
3207 2813 3452 2877 κατῴκει
3480 2815 3635 2880 παρὰ
3672 2812 3752 2880 τῆ

2186 2893 2320 2959 δρυῒ
2355 2892 2427 2959 τῇ
2458 2893 2700 2962 Μαμϐρῆ
2746 2885 3012 2962 ’ομοροῧ,
3056 2894 3161 2948 τοῦ
3198 2894 3461 2963 ἀδελφοῦ
3499 2894 3751 2963 Ἐσχὼλ,

2187 2973 2283 3025 καὶ
2316 2973 2537 3037 Αὺνᾶν,
2572 2975 2628 3028 οι
2664 2972 2826 3045 ἦσαν
2855 2970 3199 3045 συνωμόταί
3222 2976 3301 3041 τῷ
3333 2980 3562 3047 Ἅϐραμ.
3605 2978 3741 3030 Ἀλλ’

2188 3053 2316 3117 ἴσως
2338 3054 2569 3109 ἐνταῦθα
2592 3058 2656 3111 ἀν
2679 3074 2762 3120 τις
2791 3057 3061 3128 ζητήσειε·
3086 3058 3224 3121 τίνος
3248 3059 3431 3112 ἕνεκεν
3456 3060 3613 3129 μόνος
3635 3060 3755 3113 τῶνι

2184 3138 2242 3191 ἐν
2276 3138 2525 3208 Σοδόμοις
2547 3141 2891 3209 πεφευγότων
2912 3140 2940 3192 ό
2961 3140 3162 3203 δίκαιος
3180 3140 3304 3194 Λὼτ
3332 3141 3411 3205 εἰς
3431 3142 3527 3212 τὴν
3548 3144 3755 3211 αἰχμάς

2183 3220 2383 3274 λωσίαν
2412 3222 2714 3289 ἀπάγεται;
2751 3223 2860 3292 Οὐχ
2888 3222 3072 3285 ἀπλῶς
3096 3222 3213 3276 ούδέ
3240 3222 3415 3288 τοῦτο,
3445 3223 3565 3276 ούδέ
3595 3224 3742 3292 εἰκῆ,

2184 3304 2297 3357 ἀλλ’
2332 3305 2418 3358 ῖνα
2452 3304 2596 3375 μάθῃ
2625 3304 2692 3357 δι’
2724 3306 2901 3358 αὐτῶν
2930 3303 3038 3357 τῶν
3071 3306 3408 3374 πραγμάτων
3439 3306 3468 3357 ό
3500 3304 3621 3358 Λὼτ
3650 3306 3746 3357 καὶ

2181 3387 2273 3439 τοῦ
2298 3387 2633 3459 πατριάρρυ
2664 3388 2762 3458 τὴν
2790 3387 3009 3458 ἀρετὴν,
3040 3388 3133 3440 καὶ
3160 3386 3225 3439 δι’
3266 3386 3429 3440 αὐτοῦ
3452 3388 3544 3441 καὶ
3567 3389 3746 3458 ἐτεροε

2182 3468 2503 3530 διασωθῶσι.
2538 3470 2630 3522 καὶ
2658 3470 2744 3521 ἵνα
2778 3470 3035 3539 παιδευθῇ
3081 3467 3156 3539 μὴ
3185 3467 3293 3521 τῶν
3334 3468 3612 3539 πρωτείων
3649 3472 3748 3537 ἐφ-

2186 3552 2379 3616 ίεσθαι,
2414 3552 2549 3605 ἀλλά
2582 3554 2924 3621 παραχωρεῖν
2954 3551 3061 3603 τῶν
3088 3550 3364 3621 μειζόνων.
3402 3551 3751 3621 Ἀκούσωμενι

2180 3634 2236 3686 δὲ
2265 3634 2446 3687 λοιπὸν
2474 3633 2580 3686 τῶν
2610 3634 2756 3702 ἑξῆς,
2781 3634 2867 3687 ἵνα
2890 3634 3147 3702 μάθωμεν
3171 3632 3266 3686 καὶ
3296 3633 3389 3686 τοῦ
3417 3632 3624 3686 δικαίου
3645 3633 3748 3704 τὴν

2181 3717 2399 3787 ἀρετὴν,
2434 3717 2524 3769 καὶ
2562 3714 2653 3769 τοῦ
2688 3713 2822 3767 Θεοῦ
2854 3715 2952 3783 τὴν
2975 3714 3178 3783 ἄφατον
3206 3715 3538 3784 συμμαχίαν.
3583 3716 3745 3770 Ἀλλὰ

2180 3800 2473 3870 προσέχετε
2497 3799 2632 3869 μετὰ
2653 3797 2928 3867 ἀκριϐείας
2947 3798 3057 3860 τοῖς
3078 3796 3406 3867 λεγομένοις,
3429 3799 3519 3849 καὶ
3543 3800 3743 3850 συντείσ

2179 3897 2303 3933 νατε
2336 3880 2489 3950 ὑμῶν
2517 3876 2612 3948 τὴν
2632 3879 2886 3933 διάνοιαν.
2917 3878 3090 3931 Πολλά
3115 3879 3221 3947 γάρ
3244 3880 3357 3931 ἐστι
3386 3879 3523 3931 κατά
3546 3878 3742 3931 ταύτδν

2179 3962 2424 4018 ἐντεῦθεν
2461 3962 2737 4033 κερδᾶναι,
2785 3962 2877 4013 καὶ
2911 3961 2974 4013 ἐκ
3000 3961 3108 4013 τῶν
3141 3960 3216 4029 τῷ
3251 3957 3375 4013 Λὼτ
3418 3959 3749 4029 συμϐάντων

2175 4045 2383 4098 ἐκεῖθεν
2424 4044 2771 4113 παιδευθῆναι
2807 4042 3073 4113 μηδέποτε
3112 4042 3406 4111 διαπορεῖν,
3446 4041 3624 4094 εἴποτε
3661 4043 3741 4094 δίο

2177 4144 2320 4181 καιοι
2354 4128 2451 4196 μὲν
2479 4129 2803 4197 πειρασμοῖς
2828 4126 3190 4196 περιπέσοιεν,
3226 4124 3414 4192 φαῦλοι
3436 4122 3491 4177 δέ
3518 4126 3611 4177 καὶ
3636 4140 3737 4177 πο-

2175 4212 2329 4280 νηρολ⁵
2352 4209 2681 4277 διαφύγοιεν,
2711 4211 2843 4278 μήτε
2873 4209 2936 4260 ἐκ
2958 4207 3156 4270 παντὸς
3174 4207 3376 4276 τρόπου
3400 4205 3469 4259 τά
3494 4208 3741 4274 πρωτεῖα

2175 4292 2468 4361 ἐπιζητεῖν.
2502 4292 2639 4362 μήτε
2657 4292 2753 4362 τῆς
2775 4290 2910 4359 μετά
2940 4288 3045 4341 τῶν
3070 4288 3290 4341 δικαίων
3321 4287 3600 4350 συνουσίας
3618 4290 3738 4341 ὅτε·

2178 4376 2267 4446 ρὸν
2312 4392 2366 4429 τι
2410 4375 2797 4445 προτιμότερον
2835 4372 3103 4443 ἡγεῖσθαι.
3150 4371 3283 4425 ἀλλὰ
3329 4372 3433 4426 κᾶν
3467 4372 3746 4425 δουλεύεινΔ

2171 4458 2297 4519 δέοι,
2341 4462 2571 4511 συνεῖναι
2596 4459 2653 4512 δὲ
2672 4460 2941 4529 ὲναρέτοις
2966 4458 3206 4528 ἀνδράσι,
3240 4458 3335 4510 τοῦ
3372 4459 3429 4509 ἐν
3454 4456 3735 4525 ἐλευθερία

2172 4533 2309 4592 εἶναι
2336 4540 2490 4592 τοῦτο
2514 4539 2944 4610 λυσιτελέστερον
2974 4537 3111 4593 εἰναι
3141 4539 3398 4609 νομίζειν.
3442 4538 3552 4591 Καὶ
3589 4537 3729 4606 μεεά

2169 4620 2373 4673 τούτων
2400 4620 2456 4673 δὲ
2499 4621 2592 4673 καὶ
2628 4619 2721 4673 τοῦ
2747 4621 3084 4693 πατριάρχου
3126 4619 3319 4691 μαθεῖν
3343 4617 3587 4672 ἐντεῦθέν
3616 4621 3734 4671 ἐστι

2169 4703 2267 4772 τὴν
2296 4702 2496 4773 πολλὴν
2521 4702 2886 4767 ἀνεξικακίαν,
2921 4704 3018 4772 τῆς
3038 4701 3411 4773 φιλοστοργίας
3434 4700 3533 4771 τὴν
3564 4699 3737 4769 ὑπερι

2169 4782 2351 4855 ϐολήν.
2388 4787 2486 4854 τῆς
2516 4783 2763 4855 ἀνδρείας
2797 4783 2857 4837 τδ
2888 4785 3134 4854 μέγεθος,
3167 4784 3277 4836 τῶν
3310 4782 3605 4852 χρημάτων
3629 4782 3742 4848 τὴν

2169 4866 2489 4937 ὑπεροψίαν,
2543 4867 2642 4935 τῆς
2685 4868 2813 4937 περὶ
2855 4866 3015 4919 αὑτὸν
3048 4865 3142 4918 τοῦ
3180 4865 3314 4918 Θεοῦ
3351 4863 3598 4934 βοηθείας
3629 4864 3737 4930 τὴν.

2167 4950 2368 5017 ἄφατον
2416 4947 2663 5017 δύναμιν.
2718 4948 3003 5013 Ἀκούσας
3040 4947 3127 5008 δὲ,
3166 4948 3347 5015 φησὶν,
3386 4948 3600 5012 ’Δόραμ
3636 4944 3731 4997 ὅτε

2168 5030 2616 5099 ᾑχμαλώτευται
2654 5030 2783 5083 Λὼτ
2813 5029 3169 5097 ἀδελφιδοῦς
3200 5028 3403 5091 αὑτοῦ,
3436 5028 3730 5094 ἠρίθμησε

2165 5114 2306 5177 τοὺς
2332 5112 2517 5178 ἰδίους
2531 5111 2850 5180 οἰκογενεῖς
2878 5112 3251 5178 τριακοσίους
3268 5110 3411 5166 δέκα
3430 5107 3530 5165 καί
3546 5106 3734 5169 ὀκτὼ,

2166 5197 2261 5248 καί
2308 5194 2661 5257 κατεδίωξεν
2702 5194 2890 5247 ὀπίσω
2940 5192 3135 5248 αὐτῶν
3164 5194 3274 5259 ἕως
3312 5194 3449 5254 Δὰν,
3480 5187 3583 5249 καὶ
3628 5188 3729 5244 ἑπ-

2164 5281 2385 5331 έπεσεν
2403 5279 2494 5331 ἐπ’
2511 5277 2731 5343 αὐτοὺς
2753 5276 2869 5344 τὴν
2886 5278 3072 5331 νύκτα
3085 5277 3286 5342 αὐτὸς,
3314 5275 3407 5327 καὶ
3432 5276 3487 5330 οι
3513 5270 3723 5337 παῖδες

2163 5359 2366 5425 αὑτοῦ,
2402 5359 2499 5412 καὶ
2523 5358 2819 5423 ἐπάταξεν
2851 5358 3067 5422 αὐτοὺς
3090 5358 3199 5422 ἕως
3234 5357 3457 5417 Χωσὰλ.
3491 5357 3531 5423 ἦ
3551 5358 3733 5412 ἐστιν

2162 5443 2441 5509 ἀριστερὰ
2481 5443 2815 5511 Δαμασκοῦ.
2850 5441 2956 5495 Καὶ
3003 5439 3331 5507 ἐπέστρεψε
3371 5437 3577 5492 πᾶσαν
3605 5438 3722 5503 τήν

2163 5524 2349 5577 ἵππον
2360 5522 2632 5592 Σοδόμων
2647 5524 2741 5576 καὶ
2765 5522 2888 5576 Λὼτ
2902 5522 3007 5575 τὸν
3022 5522 3381 5589 ἀδελφιδοῦν
3397 5519 3584 5574 αὑτοῦ
3600 5520 3721 5573 (ix-1

2162 5606 2436 5673 έστρεψε,
2454 5605 2554 5659 καὶ
2578 5604 2773 5657 πάντα
2802 5604 2873 5655 τά
2893 5602 3234 5670 ὑπάρχοντα
3258 5602 3459 5666 αὑτοῦ,
3490 5603 3589 5655 καί
3608 5602 3719 5653 τὸν

2162 5691 2333 5755 λαὸν,
2349 5693 2443 5745 καί
2458 5690 2562 5755 τὰς
2573 5687 3076 5758 γυναῖκας.Ἑννὸει
3090 5704 3179 5758 μοι
3190 5683 3718 5755 ἐνταῦθα,ἀγαπητέ,

2228 5819 2254 5851 ⁸
2278 5820 2375 5870 Sex
2402 5832 2515 5868 mss.
2544 5819 2620 5868 hic
2645 5822 2696 5867 et
2734 5815 2851 5868 infra
2877 5816 3101 5879 "09090;.
