4092 6408
233 437 341 494 3⁸25

228 572 348 617 ran,
377 570 494 625 quia
520 562 594 607 est
628 552 680 605 in
705 565 892 606 eremo.
922 551 972 605 7.
1004 547 1070 602 Et
1109 549 1290 602 reversi
1318 556 1556 601 venerunt
1589 543 1657 598 ad
1683 540 1828 595 Fon-

230 658 332 699 tr-m
363 645 556 716 judicii
574 660 594 708 ,'
615 646 726 716 ipsa
754 655 826 698 est
871 642 1031 697 Cades
1048 657 1067 705 ,'
1095 651 1140 695 et
1168 640 1454 694 occiderunt
1483 656 1655 693 omnes
1685 636 1831 707 prin-

227 739 370 804 cipes
411 737 640 803 Amalec,
697 745 745 789 et
796 735 1116 788 Amorrba'os
1145 745 1192 788 et
1220 734 1499 787 habitantes
1527 734 1579 787 in
1609 735 1832 788 Asason-

231 828 459 881 thamar.
510 826 587 882 Ne
630 834 1012 896 praetereamus
1059 825 1251 890 obiter,
1301 824 1501 888 dilecti,
1549 840 1667 895 quae
1692 824 1832 879 dicta

231 930 394 982 sum,
443 934 619 989 neque
682 927 929 988 putemus
994 918 1232 972 inutilem
1280 933 1400 972 esse
1449 917 1830 970 narrationem.

233 1010 426 1064 Dedita
475 1011 620 1064 enim
664 1023 826 1079 opera
852 1008 1030 1063 divina
1058 1009 1326 1078 Scriptum
1352 1007 1632 1078 diligenter
1654 1009 1833 1062 omnia

230 1103 393 1157 nobis
417 1102 674 1166 narravit,
704 1111 760 1156 ut
784 1102 1051 1156 discamus
1079 1110 1330 1172 quantum
1361 1101 1518 1155 fuerit
1558 1100 1740 1166 robur,
1779 1110 1835 1156 et

232 1205 436 1262 quunta
485 1195 719 1264 potentia
772 1194 1141 1260 barbarorum,
1187 1203 1242 1250 et
1283 1203 1482 1265 quanto
1529 1194 1727 1263 impetu
1781 1195 1831 1248 in

233 1279 441 1341 nellum
464 1286 728 1348 venerint,
757 1296 814 1339 ut
839 1287 999 1340 etiam
1026 1288 1286 1355 gigantes,
1325 1285 1426 1340 hoc
1455 1294 1555 1349 est,
1587 1300 1834 1354 proceros

232 1385 291 1430 et
339 1381 506 1431 fortes
553 1392 800 1448 corpore,
852 1377 1204 1442 debellariut,
1259 1390 1552 1446 omnesque
1604 1375 1835 1445 regionis

233 1476 428 1535 gentes
488 1467 540 1520 in
588 1468 764 1536 fugam
817 1469 1090 1522 verterint.
1136 1467 1268 1522 Nam
1296 1468 1432 1522 sicut
1483 1476 1712 1532 torrens,
1745 1468 1834 1536 qui

235 1557 395 1613 valde
421 1558 656 1613 excurrit
684 1569 736 1614 et
765 1560 1006 1626 inundat,
1035 1561 1215 1614 omnia
1243 1574 1426 1614 secum
1471 1559 1609 1628 rapit
1632 1568 1687 1614 et
1714 1575 1837 1630 per-

233 1650 361 1706 dit:
409 1654 480 1706 ita
525 1661 582 1707 et
629 1653 842 1708 barbari
889 1653 962 1707 illi
1001 1653 1307 1706 invaserunt
1330 1667 1518 1707 omnes
1546 1661 1749 1722 gentes,
1783 1663 1836 1706 et

234 1757 430 1798 onmes
461 1759 683 1812 prorsus
712 1744 1074 1813 perdiderunt,
1103 1744 1171 1798 ita
1205 1754 1260 1797 ut
1286 1752 1341 1797 et
1369 1742 1634 1812 principes
1672 1745 1834 1796 Ama-

235 1834 540 1898 lecitarum,
590 1845 644 1890 et
688 1838 822 1892 alios
871 1853 1057 1892 omnes
1106 1838 1158 1890 in
1207 1835 1384 1906 fugam
1411 1837 1686 1891 verterint.
1729 1835 1836 1890 Sed

237 1926 382 1982 forte
413 1927 611 1982 dixerit
657 1929 919 1998 quispiam
955 1946 968 1981 :
1012 1928 1079 1982 Et
1107 1944 1225 1997 quae
1270 1927 1400 1981 mihi
1430 1927 1647 1991 utilitas,
1698 1928 1836 1981 scire

235 2019 592 2075 barbarorum
620 2023 822 2076 robur?
872 2021 986 2076 Non
1013 2032 1212 2076 temere
1266 2036 1438 2090 neque
1489 2019 1682 2074 frustra
1714 2035 1836 2074 nar-

234 2112 437 2166 rationi
489 2112 613 2167 talia
663 2113 950 2168 immiscuit
999 2112 1273 2182 Scriptura
1316 2111 1528 2178 divina,
1573 2126 1676 2166 nec
1721 2111 1838 2166 sine

233 2220 401 2259 causa
431 2221 529 2261 nos
549 2221 578 2259 a
610 2206 872 2276 principio
898 2216 1141 2260 auctores
1171 2206 1320 2261 vobis
1361 2220 1544 2260 sumus
1572 2216 1627 2260 ut
1651 2220 1836 2260 eorum

237 2297 614 2353 fortitudinem
674 2300 933 2354 memoria
977 2301 1245 2354 teneatis:
1277 2300 1370 2355 sed
1412 2309 1468 2356 ut
1517 2301 1839 2369 procedente

238 2389 487 2444 doctrina
520 2391 740 2446 diseatis
783 2401 835 2446 et
877 2392 1145 2460 ingentem
1178 2391 1272 2446 Dei
1319 2395 1629 2460 potentiam,
1661 2401 1715 2446 et
1744 2409 1838 2462 pa-

238 2481 497 2535 triarchae
540 2483 813 2536 virtutem.
862 2483 1062 2538 Contra
1111 2483 1230 2537 illos
1261 2483 1418 2553 igitur
1461 2485 1549 2553 qui
1578 2492 1727 2538 tanto
1754 2500 1840 2538 ro-

240 2571 376 2624 bore
405 2572 608 2640 prmditi
641 2582 813 2639 erant,
841 2583 895 2628 et
917 2581 994 2627 tot
1021 2583 1209 2643 gentes
1254 2575 1304 2627 in
1335 2574 1508 2643 fugam
1548 2584 1837 2642 verterant,

240 2664 300 2716 8.
335 2661 588 2732 Egressus
615 2672 708 2729 est,
739 2663 928 2733 inquit,
951 2665 1005 2717 in
1033 2665 1264 2735 praelium
1291 2680 1382 2717 rex
1401 2663 1762 2729 Sodomorum,
1795 2675 1842 2719 et

241 2753 569 2820 Gomorrlue,
601 2765 648 2809 et
675 2772 766 2809 rea:
791 2756 1009 2822 Adama,
1039 2766 1086 2810 et
1111 2774 1201 2810 rex
1226 2756 1451 2824 Seboim,
1474 2767 1520 2811 et
1545 2774 1632 2810 rex
1657 2757 1841 2834 Balac,

237 2846 357 2916 ipsa
381 2857 456 2900 est
478 2845 643 2918 Segor
662 2865 682 2900 :
706 2858 753 2901 et
777 2848 1065 2903 direxerant
1092 2849 1248 2905 aciem
1274 2849 1326 2902 in
1355 2852 1584 2917 prtelium
1613 2852 1663 2904 in
1700 2848 1844 2906 Valle

240 2939 407 3001 salsa,
452 2938 506 2993 9.
543 2948 719 2992 contra
759 2938 1165 3010 Chodologomor
1207 2952 1252 2994 et
1287 2940 1560 3009 Tharthac,
1585 2954 1633 2998 et
1662 2945 1842 2997 Amar-

241 3030 428 3099 plrath,
477 3039 525 3083 et
564 3031 772 3085 Ariach.
827 3031 1058 3096 Quatuor
1097 3049 1237 3104 reges
1265 3047 1439 3087 contra
1483 3038 1718 3107 quinque.
1752 3037 1838 3091 10.

252 3120 419 3175 Vallis
464 3131 632 3175 autem
675 3123 834 3188 salsa,
883 3125 1019 3192 putei
1041 3123 1318 3178 bituminis.
1350 3124 1550 3180 Deinde
1577 3135 1634 3180 ut
1665 3125 1844 3181 disea-

243 3229 370 3268 mus
409 3215 679 3283 quomodo
722 3231 907 3270 eorum
952 3216 1134 3281 robur,
1181 3227 1234 3270 et
1271 3218 1561 3286 potentiam
1588 3219 1841 3289 obstupe-

241 3312 489 3377 seentes,
513 3305 565 3358 in
590 3303 769 3374 fugam
795 3306 931 3358 versi
949 3313 1094 3371 sunt,
1122 3305 1288 3374 inquit
1309 3305 1395 3366 .Et
1414 3309 1543 3377 fugit
1566 3325 1655 3360 rea:
1675 3309 1847 3363 Sodo-

243 3375 470 3461 moritm,
517 3404 565 3447 et
609 3395 928 3464 Gomorrlue,
978 3406 1024 3450 et
1062 3397 1348 3450 ceciderunt
1396 3375 1501 3451 illic
1545 3399 1631 3452 ubi
1679 3403 1844 3468 fontes

243 3497 394 3539 erant
421 3501 441 3541 :
469 3488 556 3559 qui
576 3497 744 3540 autem
782 3489 981 3559 reliqui,
1015 3494 1253 3561 fugerunt
1289 3492 1342 3544 in
1372 3500 1629 3544 montana.
1652 3491 1844 3545 Vidisti

243 3585 453 3646 quanto
499 3578 692 3632 robore
735 3578 1006 3634 bellabant
1049 3581 1134 3635 isti
1180 3580 1317 3635 viri?
1363 3583 1630 3652 quomodo
1662 3582 1843 3637 hostes

245 3681 379 3722 suos
407 3669 571 3722 etiam
598 3678 817 3739 aspectu
844 3685 941 3724 suo
970 3679 1294 3738 terruerunt,
1315 3680 1368 3726 et
1392 3673 1443 3725 in
1471 3672 1646 3741 fugam
1671 3684 1845 3729 verte-

247 3762 416 3816 runt?
446 3761 577 3816 Vide
603 3762 857 3832 deinceps
884 3764 1151 3833 quomodo
1177 3764 1281 3818 illis
1307 3765 1482 3833 fugam
1519 3767 1841 3833 ineuntibus,

250 3855 344 3908 isti
377 3854 573 3908 ablatis
597 3855 846 3909 omnibus
866 3872 985 3925 qua:
1006 3856 1213 3910 illorum
1240 3866 1412 3918 erant,
1437 3857 1728 3912 redierunt.
1756 3860 1842 3914 11.

248 3945 567 4012 Acceperunt
605 3957 792 4011 autem,
838 3945 1027 4015 inquit,
1060 3957 1318 4011 montana,
1351 3958 1397 4000 et
1422 3965 1618 4002 onmem
1649 3952 1844 4018 equita—

250 4046 364 4088 tum
411 4035 757 4090 Sodomorum
799 4047 846 4091 et
895 4036 1210 4104 Gomorrlue,
1243 4048 1290 4092 et
1341 4056 1512 4094 omnes
1540 4054 1846 4097 commeatus

248 4144 449 4192 eorum,
482 4138 529 4181 et
554 4129 800 4182 abierunt.
829 4129 914 4182 12.
943 4129 1256 4199 Acceperunt
1274 4147 1467 4200 quoque
1487 4143 1532 4186 et
1560 4131 1657 4186 Lot
1681 4135 1844 4202 ﬁlium

250 4221 430 4290 fratris
450 4220 620 4280 Abrat.
650 4231 696 4274 et
715 4222 1078 4290 supellectilem
1098 4225 1224 4294 ejus,
1244 4233 1293 4278 et
1303 4225 1550 4279 abierunt.
1576 4225 1848 4280 llabitabat

249 4312 388 4364 enim
417 4311 470 4375 in
499 4311 760 4366 Sodomis.
785 4313 921 4367 Ecce
942 4311 993 4367 id
1021 4313 1162 4380 quod
1193 4313 1307 4368 heri
1335 4314 1595 4379 dicebam,
1628 4317 1679 4371 id
1707 4334 1847 4374 nunt.

250 4402 469 4466 evenit;
515 4403 644 4456 nihil
686 4403 829 4457 enim
855 4403 1053 4472 profuit
1078 4405 1232 4469 Loto,
1261 4406 1402 4475 quod
1433 4409 1633 4476 potiora
1664 4410 1815 4480 elegc

250 4497 345 4561 rit,
390 4495 485 4550 sed
534 4512 593 4551 re
642 4497 753 4565 ipsa
798 4496 984 4551 didicit
1009 4498 1213 4566 priores
1233 4509 1412 4570 partes
1438 4517 1541 4555 non
1571 4514 1840 4572 appetere.

251 4587 390 4641 Nam
431 4603 498 4642 ex
540 4587 640 4642 hoc
686 4604 791 4642 non
832 4589 1006 4642 solum
1053 4590 1185 4644 nihil
1235 4591 1473 4646 utilitatis
1515 4593 1562 4648 ei
1591 4596 1844 4661 accrevit,

251 4679 350 4732 sed
400 4693 529 4733 ecce
574 4680 817 4748 captivus
863 4679 1021 4733 etiam
1062 4680 1322 4736 abductus
1360 4694 1460 4748 est,
1493 4693 1546 4738 et
1579 4684 1764 4740 didicit
1789 4703 1848 4742 re

251 4770 394 4841 ipsa,
439 4771 612 4826 multo
663 4773 832 4827 satius
871 4774 919 4826 ei
960 4773 1124 4828 fuisse
1167 4774 1239 4828 uti
1281 4777 1665 4832 consuetudine
1694 4779 1844 4847 justi,

251 4878 418 4932 quam
467 4871 801 4931 separatum,
850 4872 906 4918 et
957 4864 1010 4918 in
1061 4866 1304 4922 libertate
1349 4869 1620 4923 viventem
1657 4870 1707 4923 in
1740 4880 1847 4926 tam

251 4955 456 5009 multas
485 4954 818 5009 calamitates
846 4955 1100 5010 incidere.
1131 4957 1268 5012 Ecce
1295 4959 1436 5013 enim
1466 4969 1521 5013 ut
1545 4960 1747 5016 divisus
1767 4971 1850 5017 est

250 5063 281 5102 a
311 5047 641 5118 patriarcha,
672 5064 796 5102 cum
823 5058 1029 5117 putaret
1053 5067 1112 5105 se
1137 5052 1190 5105 in
1217 5053 1401 5122 majori
1428 5070 1548 5110 esse
1580 5056 1844 5123 libertate,

250 5151 306 5197 et
337 5141 546 5209 potiora
579 5155 639 5196 se
658 5150 1024 5210 assequutum,
1047 5151 1100 5196 et
1122 5142 1413 5212 abundare,
1435 5155 1656 5215 repente
1680 5148 1849 5204 factus

250 5242 338 5288 est
383 5246 595 5297 servus,
648 5245 841 5286 carens
889 5231 1069 5296 domo,
1102 5248 1289 5288 carens
1316 5245 1369 5289 et
1398 5235 1516 5291 foco
1545 5255 1558 5290 :
1593 5247 1650 5292 ut
1675 5238 1851 5294 discas

250 5333 518 5392 quantum
561 5321 762 5375 malum
810 5320 1094 5388 dissensio,
1139 5333 1192 5378 et
1216 5334 1468 5394 quantum
1497 5329 1692 5384 bonum
1723 5346 1852 5386 eon-

255 5413 439 5469 cordia
471 5429 486 5467 :
531 5421 585 5466 et
622 5413 762 5467 scias
806 5423 1223 5469 consentaneum
1263 5432 1383 5472 esse
1412 5435 1516 5474 non
1546 5421 1744 5490 majora
1775 5434 1850 5478 te-

255 5523 409 5562 mere
461 5520 774 5577 capessere,
825 5505 921 5560 sed
963 5507 1138 5577 potius
1195 5508 1490 5565 minoribus
1541 5521 1851 5570 contentum

254 5613 402 5653 esse.
450 5600 790 5666 Acceperunt,
836 5597 1026 5666 inquit,
1072 5596 1169 5650 Lat
1216 5607 1263 5651 et
1307 5601 1666 5669 supellectilem
1715 5607 1846 5674 ejus.

257 5697 474 5759 Quanto
520 5690 713 5745 melius
752 5697 869 5745 erat
905 5705 1026 5744 eum
1069 5703 1192 5744 eum
1240 5692 1534 5759 patriarcha
1563 5695 1765 5761 vivere,
1799 5706 1854 5752 et

256 5800 442 5839 mutua
468 5781 631 5846 ferre,
666 5790 724 5836 ut
751 5796 818 5836 ne
840 5781 1122 5837 concordia
1150 5782 1464 5845 solveretur,
1495 5801 1654 5854 quam
1694 5801 1851 5856 sepa-

257 5890 452 5946 ratum
490 5882 544 5932 et
572 5875 755 5932 electis
786 5872 1098 5944 potioribus,
1123 5873 1174 5927 in
1205 5882 1348 5930 tanta
1369 5888 1588 5946 repente
1619 5877 1845 5954 pericula

1210 427 1271 482 Ix
1310 426 1464 484 cur.
1507 413 1644 481 le.
1689 422 1938 480 ceses.
1985 419 2210 475 llO.\llL.
2253 420 2472 476 xxxv.

3422 410 3530 482 39.6

1939 539 2198 604 incidere,
2248 548 2303 592 ct
2349 539 2401 592 in
2450 537 2801 593 barbarorum
2830 539 3018 595 venire
3056 543 3412 610 potestatem?
3441 545 3532 598 13.

1938 629 2220 682 Adveniens
2273 638 2441 681 autem
2496 628 2725 698 quidam,
2778 629 2974 700 inquit,
3009 647 3073 684 ετ
3108 632 3169 686 iis
3219 635 3306 697 qui
3353 638 3533 690 servati

1937 729 2105 786 erant,
2147 722 2392 773 nuntiavit
2430 721 2579 774 Alme
2605 722 2882 776 transitori.
2919 721 2946 776 1
2956 741 3043 791 pse
3077 733 3244 778 autem
3277 726 3533 782 habitabat

1937 811 2086 880 juxta
2127 828 2363 882 quercum
2395 810 2626 866 Mambre
2655 812 2848 877 Omori,
2881 818 3058 883 fratris
3099 815 3310 884 Eschol,
3349 830 3393 872 et
3417 825 3533 892 fra-

1939 905 2030 957 tris
2074 905 2285 968 Aunan,
2328 906 2413 974 qui
2460 917 2605 959 erant
2655 906 2984 978 confaederati
3033 910 3202 965 Abra'.
3251 911 3533 978 Quomodo

1941 1005 2147 1050 tantum
2193 997 2391 1052 bellum
2434 997 2718 1052 conﬂatum
2749 999 3009 1068 ignoravit
3039 1003 3375 1070 patriarcha?
3402 1003 3532 1060 For-

1941 1088 2100 1142 tassis
2130 1105 2316 1158 magna
2349 1089 2597 1144 distantia
2625 1090 2828 1156 aberat,
2861 1100 2917 1146 et
2955 1090 3076 1147 ideo
3112 1094 3389 1162 ignoravit.
3419 1098 3529 1150 Ad-

1941 1181 2142 1234 veniens
2165 1191 2332 1234 autem
2369 1181 2577 1250 quidam
2611 1183 2930 1236 annuntiavit
2955 1184 3104 1239 Abra:
3147 1187 3406 1239 transituri
3429 1202 3448 1240 :
3475 1199 3530 1242 ut

1941 1272 2097 1326 nobis
2117 1285 2499 1327 commemoret
2524 1274 2572 1328 ei
2601 1277 2970 1331 annuntiatum
2999 1291 3139 1344 esse,
3166 1279 3254 1346 qui
3279 1293 3343 1334 ex
3367 1278 3532 1333 Chal-

1940 1362 2054 1417 daaa
2087 1363 2336 1418 redierat.
2373 1364 2504 1419 Nam
2534 1366 2656 1435 quia
2681 1374 2828 1420 trans
2866 1367 2971 1439 (α)
3005 1367 3329 1438 Euphratem
3359 1370 3533 1426 domi-

1940 1454 2120 1508 cilium
2159 1454 2438 1521 habuerat,
2465 1453 2634 1512 dictus
2682 1466 2766 1512 est
2811 1457 3202 1525 transiluvialis,
3237 1459 3323 1514 vel
3351 1470 3529 1515 trans-

1942 1545 2064 1599 itor.
2110 1547 2174 1600 Et
2208 1555 2362 1602 antea
2392 1549 2552 1602 etiam
2575 1548 2643 1601 ab
2665 1549 2814 1602 initio
2847 1559 3092 1619 parentes
3122 1551 3169 1606 ei
3198 1551 3297 1606 hoc
3334 1569 3529 1610 nomen

1943 1635 2262 1700 indiderunt,
2301 1637 2412 1704 jam
2458 1646 2615 1692 antea
2645 1639 3005 1708 signilicantes
3032 1655 3155 1695 eum
3186 1642 3309 1696 inde
3339 1644 3533 1714 migra-

1944 1735 2141 1779 turum.
2190 1726 2419 1782 Vocatus
2472 1729 2612 1781 enim
2663 1738 2746 1782 est
2790 1729 3011 1796 Abram,
3059 1733 3182 1801 quia
3207 1734 3530 1803 migraturus

1942 1828 2058 1872 erat
2082 1828 2231 1874 trans
2261 1821 2608 1889 Euphratem,
2642 1833 2695 1876 et
2721 1822 2774 1876 in
2805 1823 3140 1879 Palmstinam
3169 1837 3440 1882 venturus.

2013 1913 2068 1966 4.
2098 1912 2325 1968 Attende
2351 1913 2618 1984 quomodo
2639 1925 2694 1969 et
2721 1925 2968 1985 parentes
2993 1918 3108 1986 ejus
3135 1920 3259 1974 licet
3288 1920 3531 1976 inﬁdeles

1941 2012 2144 2070 essent,
2163 2003 2323 2060 ductu
2346 2005 2729 2076 potentissima:
2748 2007 3021 2076 sapientia:
3040 2010 3130 2064 Dei
3151 2027 3343 2066 nomen
3367 2028 3531 2082 puero

1945 2095 2346 2163 imposuerunt,
2383 2098 2519 2151 sicut
2543 2106 2599 2152 et
2629 2097 2858 2152 Lamech
2894 2115 2993 2154 suo
3031 2100 3158 2157 Noe.
3192 2103 3283 2156 Est
3312 2105 3452 2156 enim
3479 2114 3533 2158 et

1944 2186 2046 2239 hoc
2081 2186 2274 2241 divina:
2314 2188 2688 2257 benignitatis,
2719 2198 2837 2258 post
2875 2191 3098 2244 multum
3138 2202 3345 2261 tempus
3371 2210 3532 2247 even-

1945 2284 2062 2330 tura
2093 2292 2189 2345 per
2214 2276 2456 2332 inﬁdeles
2481 2280 2862 2348 prmnuntiare.
2894 2281 3192 2335 Adveniens
3222 2282 3396 2353 itaque
3419 2287 3532 2353 qni-

1944 2368 2090 2436 dam,
2119 2368 2307 2439 inquit,
2337 2371 2595 2425 nuntiavit
2630 2372 2899 2426 transituri
2937 2389 3056 2443 qua:
3095 2375 3415 2439 acciderant,
3444 2395 3532 2431 ca-

1946 2459 2242 2527 ptivitatem
2290 2460 2536 2517 videlicet
2581 2462 2674 2516 ﬁlii
2721 2463 2935 2529 fratris,
2984 2474 3037 2520 et
3083 2482 3269 2536 regum
3320 2469 3531 2524 illorum

1948 2565 2195 2618 magnam
2235 2553 2524 2620 potentiam
2551 2596 2565 2620 ,
2597 2554 3057 2625 Sodomorumque
3096 2559 3531 2627 populationem,

1945 2651 1999 2696 et
2029 2641 2220 2696 fmdam
2250 2642 2444 2712 fugam.
2478 2642 2599 2712 Ipse
2629 2656 2798 2698 autem
2817 2689 2831 2706 ,
2863 2646 3065 2716 inquit,
3104 2647 3362 2703 habitabat
3378 2652 3532 2721 juxta

1945 2747 2182 2801 quercum
2214 2731 2444 2788 Mambre
2472 2733 2648 2788 Omori
2666 2777 2680 2800 ,
2709 2737 2882 2806 fratris
2910 2736 3119 2802 Escltol,
3147 2748 3194 2792 et
3217 2739 3422 2807 Aunan,
3446 2743 3534 2811 qui

1947 2835 2091 2879 erant
2116 2826 2442 2895 conftrderati
2472 2827 2639 2882 Abrte.
2670 2828 2786 2882 Jam
2816 2829 2950 2885 forte
2980 2830 3065 2885 hie
3089 2832 3281 2901 aliquis
3306 2834 3534 2888 interro-

1947 2917 2149 2985 gaverit
2183 2916 2398 2984 :Quare
2436 2934 2620 2973 eorum
2660 2921 2748 2989 qui
2790 2921 2842 2974 in
2883 2921 3131 2976 Sodomis
3168 2933 3353 2990 erant,
3385 2927 3534 2981 solus

1941 3007 2116 3076 justus
2143 3007 2243 3062 Lot
2271 3009 2324 3062 in
2353 3010 2709 3078 captivitatem
2737 3011 3059 3067 abducitur?
3083 3013 3197 3068 Non
3233 3017 3347 3070 sine
3371 3032 3532 3071 causa

1949 3101 2082 3166 hoc,
2113 3116 2286 3171 neque
2316 3101 2508 3157 frustra
2541 3119 2554 3157 :
2587 3103 2681 3158 sed
2710 3113 2765 3158 ut
2792 3106 2960 3160 discat
3003 3105 3086 3160 his
3119 3109 3397 3165 eventibus
3437 3110 3535 3166 Lot

1937 3193 2262 3262 “patriarcha:
2303 3194 2546 3250 virtutem
2571 3235 2586 3260 ,
2617 3206 2675 3250 et
2713 3205 2769 3250 ιιι
2807 3207 3022 3267 propter
3057 3198 3228 3268 ipsum
3259 3212 3536 3256 serventur

1947 3295 2002 3340 et
2026 3286 2148 3349 alii,
2180 3297 2337 3356 utque
2364 3287 2618 3341 doceatur
2662 3289 2942 3358 primatum
2980 3306 3084 3347 non
3123 3303 3407 3364 appetere,
3439 3306 3535 3351 sed

1949 3377 2238 3447 majoribus
2267 3378 2478 3433 cedere.
2515 3380 2806 3436 Audiamus
2834 3392 3010 3437 autem
3046 3385 3297 3457 deinceps
3324 3405 3385 3444 ea
3417 3407 3537 3459 qua:

1948 3476 2260 3537 sequuntur,
2296 3477 2352 3522 ut
2379 3470 2646 3525 discamus
2675 3481 2729 3525 et
2761 3474 2890 3541 justi
2922 3477 3197 3542 virtutem,
3227 3489 3281 3533 et
3311 3480 3536 3536 immen-

1949 3577 2066 3616 sum
2102 3562 2193 3617 Dei
2235 3563 2550 3618 subsidium.
2592 3564 2786 3619 Verum
2826 3567 3111 3636 diligenter
3134 3571 3288 3627 dictis
3322 3577 3536 3629 auscul-

1950 3659 2078 3718 tate,
2101 3662 2440 3723 mentemque
2465 3655 2780 3725 reeolligite.
2803 3656 3022 3712 Multum
3044 3660 3183 3713 enim
3208 3662 3336 3716 lucri
3364 3664 3538 3722 facere

1951 3741 2038 3796 hic
2075 3741 2398 3811 poterimus,
2430 3753 2485 3798 et
2510 3759 2575 3800 ex
2606 3745 2670 3798 iis
2695 3761 2811 3814 qua:
2851 3747 2950 3802 Lot
2979 3763 3267 3805 evenerunt
3293 3754 3500 3809 discere
3519 3800 3534 3810 .

1951 3847 2238 3902 numquam
2271 3849 2412 3903 aegre
2442 3833 2737 3900 ferendum,
2769 3837 2812 3891 si
2838 3839 3049 3908 quando
3070 3841 3197 3907 justi
3228 3843 3460 3899 incidant
3486 3865 3538 3901 m

1953 3926 2289 3988 tentationes,
2315 3926 2538 3995 improbi
2563 3943 2691 3981 vero
2713 3939 2766 3983 et
2793 3931 2912 3983 mali
2941 3931 3168 3986 evadant
3194 3951 3207 3988 :
3239 3951 3408 4004 neque
3429 3940 3540 3993 ullo

1951 4015 2111 4069 modo
2141 4017 2310 4085 prima
2343 4017 2628 4087 qumrenda
2659 4035 2778 4073 esse
2798 4062 2813 4085 ,
2844 4037 3015 4090 neque
3043 4022 3237 4093 aliquid
3272 4026 3537 4094 justormn

1952 4106 2292 4161 familiaritati
2331 4118 2383 4162 et
2412 4109 2679 4163 convictui
2724 4113 3141 4180 praeferendum;
3171 4117 3263 4170 sed
3293 4120 3390 4172 etsi
3428 4135 3542 4174 sero

1949 4199 2203 4256 viendum
2233 4199 2302 4254 sit
2335 4199 2620 4256 habitando
2644 4217 2764 4256 cum
2801 4204 2928 4258 viris
2955 4206 3147 4261 virtute
3190 4209 3454 4278 praeditis,
3487 4212 3540 4267 id

1950 4289 2064 4359 ipsa
2099 4291 2341 4345 libertate
2380 4292 2562 4346 utilius
2598 4307 2739 4348 esse.
2784 4293 2850 4348 Et
2894 4295 3111 4364 insuper
3149 4298 3415 4354 discamus
3451 4318 3545 4372 pa-

1953 4381 2199 4437 triarcha:
2245 4382 2506 4452 insignem
2551 4384 2886 4439 tolerantiam
2914 4427 2930 4448 ,
2981 4402 3300 4456 propensum
3343 4392 3394 4446 in
3443 4393 3544 4448 Lot

1952 4488 2190 4527 amorem
2215 4482 2266 4526 et
2288 4473 2733 4539 benevolentiam,
2759 4475 3083 4532 fortitudinis
3105 4481 3550 4550 magnitudinem,-

1953 4579 2112 4632 Opum
2140 4573 2536 4634 contemptum,
2568 4565 2884 4621 ineffabilem
2913 4567 3081 4623 divini
3113 4585 3236 4640 erga
3273 4573 3418 4626 illum
3450 4575 3546 4629 ad-

1949 4654 2135 4723 jutorii
2163 4655 2431 4709 virtutem.
2465 4656 2552 4710 M.
2591 4655 2658 4710 Ut
2687 4666 2854 4710 autem
2879 4659 3096 4724 audit-it,
3129 4660 3328 4730 inquit,
3358 4662 3546 4720 Abram

1952 4746 2086 4815 quod
2113 4756 2290 4815 captus
2316 4757 2440 4800 esset
2471 4745 2564 4800 Lot
2593 4747 2768 4817 fratris
2806 4749 2881 4801 sui
2920 4749 3055 4817 ﬁlius
3075 4793 3088 4813 ,
3116 4755 3395 4807 numeravit
3425 4773 3517 4824 pro

1956 4836 2092 4906 prios
2123 4835 2415 4889 vernaculos
2443 4853 2560 4891 suos
2589 4846 2831 4892 trecentos
2857 4838 3023 4892 decem
3050 4850 3098 4894 et
3122 4851 3232 4894 octo
3254 4883 3269 4907 ,
3298 4853 3344 4896 et
3377 4862 3519 4914 perss

1954 4935 2140 4994 quutus
2167 4935 2238 4979 est
2260 4926 2380 4980 illos
2405 4944 2560 4996 usque
2587 4926 2722 4994 Dan,
2754 4929 2839 4983 15.
2868 4938 2916 4982 et
2942 4930 3089 4982 irruit
3120 4948 3270 5001 super
3295 4949 3378 4988 eos
3407 4952 3550 4991 ηοειυ

1956 5019 2063 5086 ipse
2087 5027 2131 5070 et
2160 5018 2301 5084 pueri
2323 5019 2455 5089 ejus,
2479 5028 2523 5070 et
2549 5021 2790 5088 percussit
2813 5036 2916 5084 eos,
2944 5031 2990 5073 et
3021 5034 3344 5092 persequutus
3372 5037 3443 5081 est
3466 5046 3550 5083 eos

1958 5123 2115 5178 usque
2134 5107 2345 5171 Chobal,
2368 5123 2479 5178 qua:
2505 5120 2575 5162 est
2599 5111 2652 5162 in
2676 5111 2879 5164 sinistra
2906 5110 3161 5167 Damasci.
3193 5115 3279 5170 16.
3309 5115 3376 5170 Et
3398 5121 3552 5173 redu-

1955 5200 2032 5253 xit
2057 5215 2254 5255 omnem
2282 5200 2555 5271 equitatum
2583 5200 2944 5257 Sodomorum.
2966 5201 3035 5257 Et
3063 5203 3160 5260 Lat
3187 5207 3349 5276 ﬁlium
3377 5212 3550 5281 fratris

1957 5291 2036 5344 sui
2061 5290 2262 5347 reduxit
2280 5333 2295 5359 ,
2321 5303 2367 5345 et
2390 5291 2719 5345 substantiam
2747 5294 2887 5364 ejus,
2917 5304 2965 5350 et
2988 5297 3263 5367 populant,
3289 5311 3336 5354 et
3366 5303 3548 5358 mulie-

2022 5449 2225 5527 (a)_\'o_x
2247 5449 2483 5527 ltebraica
2509 5461 2602 5514 est,
2626 5454 2754 5509 me
2779 5473 2792 5508 :
2817 5473 2961 5522 quam
3005 5461 3085 5512 alii
3116 5465 3440 5527 transicrem,
3466 5476 3546 5521 vel

1960 5519 2759 5599 stansftnru'alein,linterpretautur
2788 5519 2929 5599 ςξιέν
2955 5535 3083 5582 enim
3123 5539 3256 5585 trans
3291 5519 3544 5599 significat;

1959 5582 2043 5657 alii
2070 5583 2340 5657 He‘brfeurn‘
2351 5584 2426 5632 hic
2448 5582 2695 5657 appellant
2715 5582 3044 5657 Abrahamum,
3086 5582 3136 5644 et.
3161 5582 3547 5657 pontifiibiﬁ‘éii

1959 5643 2147 5720 deserni
2171 5644 2234 5692 ab
2257 5646 2458 5720 [leberL
2477 5643 2614 5720 patre
2649 5651 2836 5712 Phalec,
2864 5668 2926 5720 εξ
2951 5643 3050 5720 quo
3077 5643 3327 5720 στίάῐηέᾱί
3337 5643 3549 5713 (1ὶίὲὲὤὶ

1961 5705 2228 5780 Abrahaun
2253 5709 2400 5780 Circa_
2422 5705 2754 5780 Hel)r.'eorum__
2763 5705 3139 5780 appellationem
3151 5705 3259 5780 "par
3273 5705 3546 5770 senta-iui:

1961 5781 2074 5844 illum
2090 5768 2346 5844 discrimen
2359 5771 2642 5821 observatur
2667 5768 2808 5844 {aliis
2819 5768 2884 5844 ab
2909 5779 3081 5844 Heber,
3098 5768 3377 5844 trans,_qttia
3394 5768 3545 5831 transp

1962 5830 2194 5898 ﬂuviales
2217 5832 2416 5898 origine
2440 5842 2607 5898 erant,
2643 5835 2752 5888 aliis
2789 5839 2850 5888 ab
2895 5830 3088 5890 Hebero
3125 5830 3371 5894 minimi

1966 5903 2144 5941 nomen
2167 5893 2515 5947 delirantibus".
