4092 6408
546 397 653 455 327

546 533 646 569 res.
682 512 978 568 Considera
1010 509 1127 575 hic,
1156 508 1501 565 dilectissime
1520 549 1536 575 ,
1564 508 2051 577 magnanimitatem
2081 516 2137 562 et

549 606 910 663 fortitudinem
934 603 1097 672 justi,
1124 599 1393 673 quomodo
1423 602 1558 656 bene
1597 599 1727 654 fisus
1760 599 2139 654 misericordiae

552 698 643 753 Dei
661 739 678 762 ,
710 711 814 751 non
842 692 1117 765 perculsus
1140 701 1224 748 est
1250 690 1465 755 animo,
1493 706 1613 745 cum
1642 689 1880 746 audisset
1905 691 2141 745 virorum

548 786 911 844 fortitudinem
931 826 947 851 ,
977 795 1031 838 et
1060 794 1288 853 stragem
1327 798 1486 854 quam
1525 782 1757 837 fecerant
1780 821 1793 842 .
1825 780 2052 850 primum
2085 779 2139 837 in

545 893 736 937 omnes
758 890 948 947 gentes
982 875 1274 945 irruptione
1300 874 1436 930 facta
1463 915 1478 939 ,
1509 873 1891 942 debellatisque
1922 872 2141 926 Amale-

546 971 669 1026 citis
702 981 756 1025 et
786 970 1002 1026 caeteris
1038 968 1286 1029 omnibus
1318 985 1331 1022 :
1359 966 1655 1035 deindeque
1692 981 1813 1019 cum
1849 963 2141 1020 Sodomitis

547 1075 739 1117 manus
764 1066 1109 1116 enttserentes
1131 1098 1146 1122 ,
1174 1067 1227 1113 et
1251 1058 1303 1112 in
1331 1057 1507 1127 fugam
1538 1057 1680 1125 ipsos
1710 1056 1999 1123 verterint,
2023 1071 2140 1109 utn-

548 1168 778 1223 nemque
803 1167 985 1207 eorum
1010 1150 1326 1220 diripuerint
1362 1147 1732 1203 substantiam.
1766 1146 1967 1202 Idcirco
1993 1146 2138 1202 enim

545 1245 789 1316 superius
810 1242 923 1298 hanc
942 1241 1117 1296 omnia
1142 1240 1372 1296 narravit
1391 1240 1544 1295 nobis
1561 1238 1853 1307 Scriptura.
1872 1243 1927 1292 et
1941 1248 2136 1307 quanta

472 1398 475 1403 _
545 1353 641 1395 sua
670 1337 862 1391 virtute
890 1344 1107 1389 strenue
1133 1340 1451 1403 gesserunt,
1484 1340 1541 1384 ut
1568 1330 1708 1384 scias
1737 1345 1843 1384 non
1872 1328 2138 1398 corporali

545 1431 738 1485 robore
775 1444 870 1483 eos
906 1427 1169 1483 devicisse
1215 1425 1567 1495 patriarcham
1592 1465 1605 1489 ,
1638 1424 1730 1478 sed
1760 1438 1854 1478 sua
1885 1423 1937 1477 in
1972 1422 2139 1477 Deum

548 1523 672 1595 (ide,
702 1530 755 1576 et
778 1536 1012 1589 superno
1040 1518 1286 1590 prmsidio
1307 1518 1544 1585 adjutum
1567 1516 1740 1572 omnia
1766 1516 1849 1570 illa
1873 1514 2137 1585 gessisse;

545 1631 653 1672 non
683 1630 829 1668 arma
860 1613 1043 1679 movit,
1074 1626 1174 1667 nec
1202 1612 1324 1676 tela,
1359 1624 1456 1663 nec
1485 1608 1715 1671 lanceas,
1747 1622 1848 1662 nec
1875 1617 2030 1661 arcus
2060 1604 2141 1660 in-

546 1704 739 1770 tendit,
771 1720 869 1759 nec
893 1713 1041 1758 scuta
1068 1702 1283 1772 objecit,
1314 1700 1405 1754 Sed
1433 1700 1605 1754 solum
1631 1715 1751 1754 cum
1780 1697 2099 1753 vernaculis.

617 1795 722 1851 Cur
747 1806 988 1850 trecentos
1017 1792 1310 1848 vernaculos
1348 1791 1618 1862 sumpserit
1647 1790 1923 1844 Abraham.
1948 1818 2021 1830 —
2051 1789 2141 1843 Di-

546 1892 685 1944 xerit
708 1890 897 1959 aliquis
926 1908 939 1944 :
971 1889 1035 1942 Et
1060 1902 1225 1956 quare
1251 1885 1550 1941 numeravit
1576 1894 1844 1940 trecentos
1869 1884 2055 1939 decem
2084 1891 2141 1939 et

547 1994 670 2037 icto
694 1980 1045 2035 vernaculos?
1067 1978 1138 2035 Ut
1162 1979 1298 2032 scias
1327 1992 1450 2033 eum
1490 1992 1596 2031 non
1629 1976 1906 2031 universos
1932 1990 2140 2031 assum-

546 2074 738 2143 psisse,
768 2072 862 2127 sed
893 2071 1229 2136 vernaculos,
1256 2078 1313 2125 et
1337 2070 1423 2138 qui
1451 2084 1571 2123 cum
1603 2068 1702 2123 Lot
1728 2068 1935 2123 educati
1963 2076 2136 2131 erant,

544 2176 603 2221 ut
634 2167 887 2220 ultionem
915 2173 1107 2234 sponte
1129 2172 1185 2218 et
1208 2161 1466 2218 benevole
1496 2163 1761 2222 facerent.
1792 2170 1974 2231 utpote
2000 2160 2138 2215 servi

546 2273 645 2327 pro
681 2273 779 2311 suo
815 2256 1036 2311 domino
1061 2264 1349 2311 certantes.
1382 2254 1447 2309 Et
1471 2254 1592 2309 vide
1615 2297 1630 2319 ,
1662 2254 1919 2319 obsecro,
1950 2255 2139 2308 miram

551 2348 646 2407 Dei
678 2350 989 2418 potentiam,
1016 2357 1212 2417 quanta
1239 2346 1519 2401 velocitate
1544 2346 1764 2415 conligit
1789 2345 2027 2401 victoria.
2056 2344 2141 2401 Ir-

542 2440 645 2493 ruit
675 2439 838 2501 enim,
872 2438 1060 2508 inquit,
1090 2454 1245 2507 super
1273 2438 1387 2492 illos
1414 2447 1575 2503 nocte,
1604 2438 1730 2507 ipse,
1760 2445 1812 2491 et
1844 2437 1973 2492 servi
1999 2440 2135 2508 ejus,

542 2540 590 2605 et
615 2532 858 2601 percussit
886 2547 999 2596 eos,
1031 2540 1078 2584 et
1110 2541 1435 2600 persequutus
1462 2539 1532 2582 est
1557 2544 1663 2582 eos.
1697 2528 1825 2583 Erat
1847 2530 1990 2585 enim
2028 2546 2141 2584 ma-

544 2638 646 2676 nus
669 2637 919 2692 superna.
948 2638 1066 2693 qua:
1094 2621 1380 2691 adjuvabat
1405 2632 1459 2675 et
1485 2620 1887 2677 commilitahat.
1923 2621 1990 2676 Et
2017 2622 2141 2677 ideo

544 2730 718 2785 neque
760 2714 960 2781 armis,
1002 2729 1175 2784 neque
1216 2713 1481 2769 machinis
1521 2729 1657 2786 opus
1699 2713 2012 2770 habebant:
2044 2713 2141 2770 sed

547 2818 750 2867 tantum
780 2818 836 2861 ut
866 2806 1167 2876 comparuit
1191 2822 1314 2862 cum
1354 2806 1587 2873 famulis,
1612 2806 1748 2861 alios
1775 2807 1989 2877 quidem
2020 2821 2141 2876 per-

543 2900 711 2956 cussit
728 2940 743 2963 ,
770 2899 905 2953 alios
933 2906 1111 2953 autem
1142 2898 1197 2953 in
1223 2896 1398 2968 fugam
1426 2899 1617 2961 vertit,
1640 2905 1697 2953 et
1722 2908 2008 2967 utrumque
2036 2898 2141 2951 im-

546 2991 755 3061 pavide,
778 3006 901 3046 cum
928 2990 1105 3045 nullus
1125 2998 1272 3046 esset
1293 2991 1383 3060 qui
1408 2989 1736 3053 obturbaret,
1764 2999 1821 3045 et
1838 2998 1946 3043 tam
1972 3004 2142 3059 equos

547 3082 687 3153 regis
708 3081 1066 3137 Sodomorum
1089 3080 1320 3145 reduxit,
1344 3095 1503 3151 quam
1524 3079 1623 3135 Lot
1642 3079 1821 3135 fratris
1840 3079 1922 3135 sui
1949 3080 2138 3148 illium,

545 3181 601 3226 et
630 3186 844 3227 omnem
869 3173 985 3241 ejus
1010 3171 1361 3227 substantiam
1389 3179 1442 3226 et
1480 3171 1752 3227 mulieres.
1788 3170 1945 3227 Vides
1974 3188 2142 3242 quare

546 3264 666 3320 aliis
696 3264 813 3334 fuga
845 3263 1197 3329 elabentibus,
1227 3263 1518 3333 permissus
1547 3262 1616 3317 sit
1644 3262 1743 3317 Lot
1774 3263 1825 3317 in
1854 3264 2141 3333 captivita-

550 3366 658 3411 tem
684 3355 867 3411 venire
884 3357 909 3407 Ἰ
933 3354 1136 3425 Nempe
1162 3362 1221 3408 ut
1243 3363 1296 3409 et
1332 3352 1644 3423 patriarcha:
1680 3352 1848 3409 virtus
1882 3356 2143 3411 claresce-

546 3459 663 3517 ret,
694 3456 747 3503 ct
774 3456 991 3518 propter
1028 3447 1202 3517 ipsum
1234 3445 1324 3501 alii
1355 3445 1504 3501 multi
1536 3446 1763 3501 salutem
1791 3460 2143 3516 assequeren-

547 3551 652 3598 tur.
682 3542 858 3597 Rediit
879 3550 1057 3595 autem
1079 3553 1273 3611 magno
1301 3548 1355 3593 et
1382 3538 1643 3609 pmclaro
1669 3548 1870 3608 tropea
1895 3538 2139 3609 insignis,

545 3649 670 3690 cum
697 3633 799 3689 Lot
826 3647 1027 3704 equos.
1056 3641 1110 3687 et
1150 3630 1407 3687 mulieres
1426 3671 1441 3695 .
1469 3639 1525 3687 et
1558 3640 1780 3686 cazteras
1815 3629 2142 3686 substantias

548 3727 808 3783 reducens
826 3767 843 3793 ,
874 3736 930 3781 et
955 3725 1100 3781 clara
1124 3740 1188 3780 ac
1215 3725 1369 3794 plena
1399 3738 1530 3780 voce
1558 3723 1881 3794 praedicans,
1911 3724 2141 3793 tubaque

546 3818 785 3874 vocalius
809 3818 1067 3882 clamans,
1100 3831 1160 3871 se
1186 3832 1293 3871 nou
1319 3814 1550 3871 humana
1575 3816 1795 3885 virtute,
1821 3830 1993 3886 neque
2019 3830 2142 3870 eor-

546 3911 717 3982 porali
745 3912 937 3966 robore
957 3918 1012 3965 et
1032 3909 1152 3965 illos
1174 3907 1503 3979 proﬂigasse,
1525 3917 1580 3963 ct
1605 3910 1861 3963 victorem
1879 3909 2136 3974 evasisse,

545 4002 642 4058 sed
669 4016 900 4072 superna
928 4016 1088 4056 manu
1116 3998 1345 4056 faciente
1372 3999 1572 4054 omnia.
1611 3997 1798 4053 Vidisti
1840 4015 1935 4069 per
1960 4000 2136 4053 omnia

548 4096 745 4163 iustum
765 4096 1047 4151 clariorem
1071 4093 1206 4159 ﬁeri,
1232 4103 1286 4149 et
1310 4092 1549 4163 quotidie
1573 4093 1743 4163 magis
1760 4090 2020 4147 declarari
2046 4090 2136 4147 Dei

546 4205 670 4258 erga
716 4203 840 4244 eum
888 4187 1312 4258 providentiam?
1349 4184 1483 4241 Vide
1524 4194 1641 4255 post
1681 4184 1829 4252 hmo,
1871 4186 2138 4255 quomodo

547 4282 726 4335 studet
749 4292 805 4336 ut
827 4280 1119 4335 Sodomitis
1143 4278 1309 4334 divini
1334 4278 1510 4333 cultus
1529 4276 1719 4333 doctor
1746 4276 1856 4332 flat.
1884 4277 1971 4332 Ait
1992 4278 2138 4334 enim

550 4373 824 4442 Scriptura
855 4390 868 4426 :
893 4371 980 4427 l7.
1011 4368 1259 4441 Egressus
1292 4380 1366 4425 est
1393 4386 1487 4425 rea:
1511 4370 1851 4424 Sodomorum
1873 4370 1926 4424 in
1953 4386 2134 4425 occur-

546 4479 661 4517 sum
687 4462 735 4517 ei
751 4503 765 4525 .
793 4471 1059 4533 postquam
1095 4477 1322 4517 reversus
1357 4472 1428 4516 est
1453 4478 1486 4515 a
1511 4472 1680 4533 strage
1707 4459 2134 4533 Chodologomor,

547 4563 594 4608 et
627 4570 803 4625 regum
836 4554 921 4623 qui
949 4570 1066 4607 cum
1100 4553 1212 4607 illo.
1255 4552 1486 4608 Attende
1519 4553 1703 4622 quanti
1746 4553 1817 4607 sit
1855 4552 2054 4617 virtus,
2082 4564 2138 4609 et

547 4646 714 4702 divini
756 4646 934 4703 auxilii
970 4645 1361 4701 commilitium.
1390 4644 1505 4701 Rex
1541 4646 1822 4715 peregrino
1848 4655 1904 4701 et
1935 4646 2050 4701 seni
2081 4646 2134 4701 in

547 4752 833 4793 occursum
868 4736 1138 4807 egreditur
1160 4777 1176 4803 ,
1206 4745 1262 4791 et
1294 4750 1510 4791 omnem
1554 4735 1814 4791 honorem
1857 4737 2131 4806 impendit.

549 4827 667 4885 iam
694 4831 837 4886 enim
865 4826 1142 4890 didicerat.
1168 4826 1297 4881 nihil
1330 4826 1584 4896 prodesse
1610 4842 1831 4898 regnum
1854 4828 1901 4882 ei
1927 4828 2017 4899 qui
2042 4843 2133 4883 su-

551 4936 721 4993 perno
742 4920 943 4975 auxilio
965 4928 1049 4974 est
1074 4919 1377 4984 destitutus,
1403 4927 1459 4974 et
1485 4918 1615 4973 nihil
1643 4918 1907 4987 potentius
1930 4935 2050 4975 esse
2070 4934 2137 4975 eo

550 5012 640 5084 qui
670 5027 830 5067 manu
861 5012 953 5067 Dei
980 5011 1285 5081 adiuvatur.
1312 5011 1401 5066 l8.
1432 5008 1500 5064 Et
1538 5008 1899 5076 Melchisedec,
1929 5011 2098 5081 inquit
2118 5050 2134 5075 ,

550 5119 641 5159 res
693 5103 867 5159 Solem
897 5104 1108 5173 protulit
1136 5120 1292 5174 panes
1319 5114 1367 5157 et
1394 5104 1584 5157 sinum.
1618 5101 1746 5156 Erat
1770 5111 1936 5159 autem
1962 5118 2134 5159 sacer-

549 5195 644 5251 dos
672 5194 769 5249 Dei
794 5195 1048 5249 altissimi.

623 5286 678 5343 5.
705 5284 843 5354 Quid
881 5286 981 5340 sibi
1014 5285 1127 5340 vult
1164 5284 1280 5341 haec
1306 5286 1640 5352 observatio,
1672 5284 1783 5341 Rea:
1832 5286 2035 5349 Solent.
2079 5298 2136 5344 et

552 5376 805 5433 Sacerdos
830 5375 927 5431 Dei
949 5377 1180 5432 altissimi
1199 5379 1227 5431 .’
1248 5378 1360 5434 Rex
1384 5379 1599 5449 quidem
1623 5389 1737 5434 erat
1760 5380 1956 5435 Salem.
1985 5379 2135 5435 Illum

550 5473 697 5529 etum
722 5470 876 5528 nobis
908 5481 965 5527 et
1000 5471 1187 5528 beatus
1219 5470 1414 5529 Paulus
1456 5473 1695 5528 scribens
1726 5473 1792 5527 ad
1833 5489 1927 5529 eos
1952 5474 2042 5544 qui
2069 5490 2136 5530 ex

551 5561 795 5620 Hebreis
819 5563 1188 5630 crediderant,
1216 5580 1337 5619 cum
1364 5564 1417 5619 in
1445 5566 1677 5621 medium
1707 5566 2011 5621 adduxisset
2035 5606 2050 5631 ,
2081 5579 2137 5623 et

553 5668 749 5710 nomen
773 5655 895 5727 ejus
920 5664 1172 5711 tractaret
1198 5664 1356 5726 atque
1378 5658 1666 5721 civitatem,
1693 5657 1848 5713 simul
1873 5659 2138 5731 signiﬁca-

554 5739 756 5801 tionem
777 5747 1007 5803 nominis
1025 5746 1143 5817 ejus
1164 5747 1565 5818 interpretatur,
1593 5758 1650 5802 et
1669 5764 1794 5803 usus
1816 5751 2132 5821 etymologia

552 5836 782 5906 φικὴιι
811 5838 891 5895 ait
919 5855 933 5894 :
965 5836 1297 5894 lefchisedee
1315 5878 1330 5906 ,
1359 5854 1448 5893 rex
1479 5839 1695 5927 iustitia
1720 5838 1742 5916 (
1768 5839 1921 5897 Hebr.
1951 5840 2005 5897 1.
2035 5841 2128 5915 Ξ).

1257 394 1316 449 S.
1356 390 1634 450 JOANNIS
1669 390 2148 449 CIIRYSOSTOMI
2186 391 2508 449 ARCIlIEP.
2544 391 3077 451 CONSTANTIN‘OP.

3723 402 3843 461 533

2246 504 2380 560 Nam
2420 505 2712 563 secundum
2750 506 3065 562 Hebraicam
3107 507 3339 579 linguam
3384 508 3569 573 Melchi
3613 527 3843 582 regnum

2245 595 2507 667 significat
2535 614 2548 650 :
2574 605 2631 652 et
2658 596 2826 653 Sedec
2846 640 2861 663 ,
2887 598 3170 667 justitiam.
3202 599 3268 652 Et
3292 615 3414 654 cum
3437 600 3503 656 ad
3530 617 3725 657 nomen
3750 605 3841 659 ci-

2244 688 2422 742 vitatis
2443 690 2605 751 venit,
2630 687 2742 744 Rea:
2763 691 2923 760 pacis,
2942 691 3114 759 inquit
3136 709 3148 745 :
3171 692 3348 747 Salem
3369 694 3509 747 enim
3530 693 3671 750 idem
3692 696 3843 763 quod

2244 796 2347 852 pax
2371 789 2471 836 est.
2497 781 2760 837 Sacerdos
2785 791 2964 837 autem
2993 793 3128 849 erat,
3157 784 3295 839 forte
3321 800 3350 838 a
3380 788 3668 856 semetipso
3692 789 3845 842 ordio

2247 882 2404 929 natus
2434 892 2447 927 :
2476 874 2555 928 sic
2576 874 2717 928 enim
2745 883 2869 929 tunc
2892 886 3046 930 erant
3067 877 3371 933 sacerdotes
3393 895 3407 931 :
3430 880 3513 934 vel
3532 882 3654 948 quia
3680 890 3844 935 :etate

2245 966 2547 1035 provectior
2570 976 2707 1033 erat,
2728 983 2759 1022 a
2780 969 2889 1022 suis
2916 967 3057 1023 hunc
3077 968 3334 1025 honorem
3358 972 3591 1040 accepit;
3620 974 3700 1027 vel
3723 973 3844 1042 ipse

2243 1057 2551 1113 sacriﬁcare
2584 1058 2806 1125 studuit,
2834 1059 2972 1114 sicut
2999 1068 3053 1113 et
3076 1059 3210 1127 Noe,
3239 1060 3391 1127 Abel,
3420 1063 3637 1126 Abram,
3662 1080 3841 1134 quan-

2243 1148 2313 1205 do
2338 1149 2596 1203 sacril‘tcia
2627 1150 2954 1206 obtulerunt.
2985 1152 3233 1222 Alioquin
3259 1163 3311 1207 et
3338 1164 3493 1224 typus
3521 1156 3715 1210 Christi
3752 1156 3835 1210 fu-

2246 1250 2396 1295 turus
2434 1254 2569 1297 erat.
2603 1242 2755 1299 Unde
2783 1254 2838 1297 et
2874 1244 3067 1299 Paulus
3109 1245 3187 1301 sic
3225 1261 3345 1301 eum
3384 1248 3578 1318 accipit
3603 1248 3790 1305 dicens
3819 1294 3839 1309 .

2248 1333 2374 1390 Sine
2400 1346 2544 1405 patre
2562 1376 2576 1401 ,
2602 1336 2711 1391 sine
2734 1345 2927 1403 matre,
2954 1337 3063 1390 sine
3097 1337 3391 1408 genealogia
3408 1380 3423 1403 ,
3452 1355 3610 1410 neque
3636 1341 3845 1395 initium

2243 1428 2463 1493 dierum,
2495 1445 2652 1500 neque
2673 1430 2786 1484 vita:
2807 1430 2960 1499 finem
2985 1430 3191 1496 habens,
3220 1432 3528 1487 assimilatas
3548 1442 3717 1488 autem
3744 1433 3817 1487 Fs

2244 1520 2313 1574 lio
2340 1519 2458 1588 Dei,
2485 1532 2651 1576 manet
2680 1523 2915 1577 sacerdos
2944 1524 2997 1576 in
3038 1534 3334 1593 perpetuum
3360 1524 3541 1597 (Hebr.
3574 1529 3626 1582 7.
3662 1530 3741 1597 3).
3774 1530 3842 1584 Et

2242 1611 2534 1682 quomodo,
2561 1611 2726 1677 dices,
2758 1613 3009 1682 possibile
3032 1624 3115 1669 est
3140 1614 3413 1671 hominem
3437 1617 3638 1688 absque
3662 1628 3841 1688 patre,

2242 1711 2297 1757 et
2326 1712 2494 1758 matre
2512 1744 2528 1767 ,
2554 1711 2607 1758 et
2637 1704 2753 1757 sine
2780 1704 3089 1775 genealogis
3129 1720 3249 1761 esse
3271 1747 3286 1771 ,
3310 1715 3365 1762 et
3392 1723 3497 1762 non
3526 1708 3725 1765 habere
3751 1710 3843 1764 vel

2245 1795 2475 1859 initium,
2502 1796 2583 1851 vel
2611 1796 2771 1853 finem
2796 1798 2961 1852 vitae?
2990 1798 3192 1853 Audisti
3220 1815 3341 1854 eum
3374 1802 3592 1871 ﬁguram
3623 1802 3793 1859 fuisse
3822 1820 3841 1836 ο

2243 1900 2311 1939 ne
2335 1901 2462 1956 ergo
2490 1886 2756 1943 admirare
2776 1927 2793 1951 ,
2821 1903 2993 1959 neque
3022 1891 3200 1945 omnia
3241 1892 3451 1961 require
3479 1894 3529 1948 in
3557 1904 3702 1964 typo.
3733 1894 3842 1950 Ne—

2242 1992 2347 2047 que
2377 1978 2520 2032 enim
2551 1989 2707 2050 typus
2732 1989 2907 2045 esset,
2937 1981 2981 2035 si
3008 1983 3185 2036 omnia
3214 1998 3332 2052 quae
3363 1983 3414 2036 in
3446 1985 3668 2040 veritate
3702 2002 3839 2042 cun-

2244 2070 2490 2141 tingunt,
2528 2071 2771 2128 haberet.
2810 2071 2948 2140 Quid
2994 2074 3153 2144 igitur
3188 2084 3271 2129 est
3306 2075 3449 2146 quod
3489 2077 3559 2131 ibi
3600 2077 3839 2135 dicitur!

2241 2160 2389 2217 Sicut
2428 2162 2515 2217 ille
2538 2203 2555 2229 ,
2586 2163 2753 2235 inquit
2778 2205 2793 2229 ,
2822 2179 2889 2219 eo
2918 2164 3057 2235 quod
3089 2165 3234 2221 nulla
3264 2166 3336 2221 sit
3362 2169 3619 2223 memoria
3646 2185 3841 2227 eorum

2244 2256 2335 2326 qui
2364 2266 2664 2326 genuerunt
2687 2298 2702 2323 ,
2734 2256 2928 2311 dicitur
2962 2259 3079 2313 sine
3122 2267 3269 2327 patre
3300 2267 3357 2314 et
3392 2260 3508 2315 sine
3546 2272 3754 2326 matre,
3784 2270 3846 2318 et

2242 2346 2363 2416 quia
2392 2362 2499 2401 non
2532 2358 2842 2403 recensetur
2869 2348 2984 2419 ejus
3009 2349 3315 2420 genealogis
3334 2392 3350 2415 ,
3381 2351 3575 2407 dicitur
3601 2353 3719 2409 sine
3740 2368 3842 2424 go-

2244 2436 2481 2506 nealogia
2511 2454 2525 2491 :
2555 2438 2626 2491 ita
2653 2448 2708 2494 et
2732 2436 2975 2493 Christus
2993 2480 3009 2503 ,
3040 2440 3162 2510 quia
3194 2457 3298 2495 non
3326 2440 3486 2496 habet
3510 2443 3601 2497 vel
3620 2444 3677 2498 in
3699 2445 3842 2499 celo

2246 2539 2491 2592 matrem,
2522 2529 2603 2583 vel
2631 2531 2682 2584 in
2713 2538 2851 2585 terra
2880 2540 3105 2599 patrem,
3133 2531 3335 2601 absque
3366 2534 3675 2604 genealogia
3700 2534 3843 2590 dici-

2245 2629 2331 2677 tur
2354 2633 2407 2677 et
2430 2633 2531 2677 est.
2556 2622 2689 2678 Vide
2712 2623 2980 2693 quomodo
3003 2639 3098 2693 per
3124 2627 3380 2680 honorem
3405 2628 3456 2680 in
3484 2627 3842 2695 patriarcham

2243 2712 2493 2768 collatum
2520 2755 2535 2778 ,
2578 2716 2890 2785 mysterium
2932 2715 3149 2785 aliquod
3180 2716 3334 2770 nobis
3361 2716 3676 2771 insinuatur.
3708 2717 3845 2773 Pro~

2252 2807 2371 2861 tulit
2397 2808 2539 2863 enim
2573 2823 2762 2878 panem
2790 2818 2844 2865 et
2875 2810 3079 2864 vinum.
3112 2808 3312 2865 Videns
3339 2820 3518 2881 typum
3538 2853 3555 2878 ,
3583 2813 3759 2884 cogita
3787 2823 3847 2871 et

2244 2898 2523 2953 veritatem
2544 2940 2561 2965 ,
2596 2910 2647 2953 et
2690 2899 2954 2955 admirare
2980 2899 3177 2955 divina:
3212 2900 3502 2971 Scriptum
3529 2902 3636 2963 vim
3662 2946 3678 2967 ,
3706 2920 3844 2974 quo-

2245 2988 2406 3043 modo
2444 2990 2811 3059 superioribus
2849 2991 3057 3045 saeculis
3081 2999 3134 3046 et
3159 2990 3228 3046 ab
3254 2991 3405 3047 initio
3443 2992 3616 3048 futura
3652 2995 3844 3064 praesi-

2243 3078 2532 3149 gnificavit.
2562 3079 2649 3135 l9.
2678 3079 2742 3133 Et
2768 3080 3038 3147 benedixit,
3068 3081 3257 3152 inquit,
3280 3082 3573 3148 Abramum,
3596 3094 3643 3138 et
3668 3086 3799 3139 dixit
3820 3102 3843 3141 :

2246 3170 2544 3226 Benedictus
2584 3172 2772 3226 Abram
2813 3171 2919 3228 Deo
2955 3174 3203 3227 altissimo
3225 3214 3244 3240 ,
3269 3175 3355 3243 qui
3377 3177 3561 3231 meavit
3583 3178 3763 3232 calum
3788 3188 3842 3233 et

2247 3272 2449 3315 terram.
2478 3260 2570 3318 ει).
2605 3261 2670 3317 Et
2697 3262 2983 3317 benedictus
3007 3263 3146 3319 Deus
3171 3266 3447 3321 altissimus
3470 3308 3485 3332 ,
3512 3269 3601 3337 qui
3629 3268 3844 3323 tradidit

2243 3353 2474 3407 inimicos
2496 3362 2607 3407 tuos
2646 3354 2699 3407 in
2726 3371 2907 3409 manus
2934 3365 3070 3409 tuas.
3104 3355 3221 3410 Non
3247 3356 3422 3411 solum
3462 3357 3632 3426 ipsum
3675 3358 3844 3415 bene-

2241 3441 2421 3511 dixit,
2452 3444 2546 3499 sed
2572 3453 2627 3499 et
2658 3445 2825 3501 Deum
2853 3445 3186 3515 glorificavit.
3217 3446 3284 3504 Ut
3308 3447 3444 3504 dixit
3466 3450 3644 3516 enim,
3676 3448 3844 3504 Besso-

2243 3534 2409 3587 dictus
2444 3536 2631 3589 Abram
2669 3534 2779 3590 Deo
2814 3536 3060 3592 altissimo
3082 3580 3099 3605 ,
3129 3538 3216 3607 qui
3245 3540 3429 3593 creavit
3456 3541 3633 3594 cadum
3660 3551 3705 3595 et
3732 3551 3841 3595 ter-

2243 3642 2373 3691 ram,
2396 3642 2427 3682 a
2448 3629 2705 3683 creaturis
2726 3628 2971 3683 virtutem
2996 3629 3086 3684 Dei
3113 3629 3265 3684 nobis
3288 3622 3593 3686 declaravit.
3618 3630 3673 3686 Si
3693 3632 3840 3688 enim

2245 3718 2389 3773 Deus
2413 3727 2496 3773 est
2520 3718 2609 3773 ille
2633 3721 2721 3789 qui
2752 3720 3000 3788 produxit
3028 3720 3215 3775 etclam
3242 3729 3297 3776 et
3324 3730 3541 3788 terram,
3572 3737 3677 3777 non
3709 3734 3838 3779 sunt

2240 3811 2350 3881 jam
2380 3811 2452 3866 dii
2479 3811 2569 3882 qui
2596 3812 2661 3866 ab
2690 3812 2992 3867 hominibus
3020 3813 3305 3868 coluntur:
3337 3812 3426 3868 Dii
3450 3815 3613 3879 enim,
3642 3815 3837 3886 inquit,

2242 3904 2328 3973 qui
2351 3903 2530 3957 ctelum
2550 3913 2598 3956 et
2618 3912 2800 3958 terram
2822 3921 2921 3958 non
2947 3907 3191 3977 fecerunt,
3217 3917 3420 3977 pereant
3442 3905 3574 3976 (Jer.
3606 3907 3691 3962 10.
3720 3908 3837 3975 ll).

2246 3992 2578 4061 Benedictus,
2608 3994 2811 4065 inquit,
2841 3993 2975 4050 Deus
2993 4038 3009 4061 ,
3039 3996 3125 4067 qui
3151 3997 3359 4051 tradidit
3384 3997 3613 4052 inimicos
3644 4009 3755 4052 tuos
3783 4001 3841 4055 ist

2244 4097 2426 4137 manus
2462 4094 2594 4139 tuas.
2626 4083 2756 4140 Vide
2779 4126 2795 4152 ,
2823 4100 2920 4141 oro
2942 4127 2958 4151 ,
2982 4087 3250 4158 quomodo
3291 4103 3397 4142 non
3435 4088 3610 4144 solum
3630 4092 3839 4159 justum

2244 4175 2515 4244 praedicat,
2546 4176 2643 4233 sed
2669 4185 2725 4231 et
2752 4177 2845 4232 Dei
2872 4178 3168 4234 subsidium
3194 4180 3455 4250 agnoscit.
3481 4180 3664 4251 Neque
3688 4183 3839 4237 enim

2241 4268 2443 4339 absque
2484 4269 2627 4324 illius
2654 4270 2821 4342 gratia
2869 4271 3129 4341 potuisset
3163 4279 3309 4326 tanta
3338 4274 3572 4342 potentia
3600 4275 3843 4330 munitos

2242 4359 2479 4416 vincere.
2513 4361 2614 4429 Qui
2653 4360 2861 4415 tradidit
2880 4401 2898 4428 ,
2929 4362 3133 4431 inquit,
3162 4362 3533 4418 inimicosotuos
3562 4380 3583 4419 :
3610 4365 3729 4435 ipse
3752 4374 3841 4420 est

2240 4452 2329 4521 qui
2357 4460 2524 4507 totum
2553 4464 2803 4523 Operatus
2827 4462 2949 4519 est,
2976 4454 3091 4523 ipse
3118 4462 3204 4509 est
3224 4453 3316 4523 qui
3344 4452 3512 4508 fortes
3537 4453 3661 4508 fecit
3686 4454 3839 4509 inﬁr-

2240 4560 2378 4611 mos,
2411 4544 2525 4615 ipse
2549 4555 2632 4599 est
2658 4545 2747 4616 qui
2773 4560 2867 4616 per
2894 4544 3130 4601 inermes
3156 4555 3390 4601 armatos
3415 4543 3606 4614 dejecit
3632 4561 3647 4599 :
3675 4546 3744 4601 ab
3768 4562 3839 4601 eo

2240 4647 2322 4693 est
2364 4638 2655 4705 auxilium,
2690 4638 2835 4709 quod
2878 4646 3079 4693 tantam
3127 4638 3198 4693 ibi
3245 4635 3493 4693 virtutem
3542 4640 3835 4694 concessit.

2242 4730 2344 4795 Qui
2367 4730 2595 4798 tradidit,
2623 4732 2810 4800 inquit,
2836 4731 3067 4785 inimicos
3089 4740 3199 4784 tuos
3224 4731 3277 4783 in
3303 4747 3483 4784 manus
3508 4741 3638 4785 tuas.
3672 4729 3837 4786 Vides

2238 4825 2508 4896 quomodo
2535 4825 2769 4879 ostendit
2813 4824 2976 4896 ipsius
3010 4823 3349 4879 concordiam
3373 4864 3391 4890 ,
3423 4834 3477 4879 et
3508 4839 3835 4895 propensum

2239 4934 2478 4975 antorem
2508 4919 2561 4975 in
2600 4918 2701 4975 Lot
2732 4936 2745 4973 :
2774 4918 3112 4989 declaratque
3149 4934 3271 4974 cum
3307 4930 3405 4989 pro
3444 4916 3673 4975 inimicis
3700 4918 3835 4973 istos

2240 5010 2491 5067 habuisse
2514 5050 2531 5077 ,
2572 5019 2789 5082 propter
2824 5024 2888 5065 ea
2922 5025 3042 5080 qua:
3072 5010 3123 5064 in
3153 5008 3330 5065 fratris
3354 5009 3521 5064 illium
3550 5005 3833 5063 fecerant?

2241 5108 2308 5163 Et
2333 5110 2470 5163 dedit
2492 5109 2559 5174 ei,
2590 5108 2776 5179 inquit,
2804 5105 3025 5162 decimas
3049 5106 3112 5161 de
3136 5105 3386 5160 omnibus.
3414 5103 3526 5159 Hoc
3549 5112 3607 5159 et
3630 5101 3833 5159 Paulus

2239 5200 2367 5256 dicit
2388 5217 2402 5255 :
2421 5197 2747 5254 Considerate
2765 5209 2933 5253 autem
2945 5208 3161 5268 quantus
3179 5196 3288 5263 ille,
3302 5196 3383 5251 cui
3402 5195 3621 5249 decimas
3639 5194 3835 5249 Abram

2242 5292 2529 5363 patriarcha
2552 5291 2689 5345 dedit
2712 5290 2775 5345 de
2800 5291 3034 5360 primitiis
3059 5288 3253 5359 (Hebr.
3282 5289 3333 5342 7.
3361 5288 3397 5342 4
3414 5289 3463 5355 );
3493 5286 3739 5342 videlicet
3762 5301 3831 5341 ex

2239 5385 2426 5454 spoliis
2451 5398 2570 5454 quae
2594 5381 2813 5437 adduxit
2847 5390 3222 5437 remuneratus
3247 5389 3330 5435 est
3356 5378 3833 5441 Uolehisedecem,

2239 5490 2294 5534 et
2318 5477 2553 5533 decimas
2576 5476 2627 5531 ei
2654 5476 2951 5547 segregavit
2978 5474 3045 5529 de
3069 5473 3319 5529 omnibus
3346 5487 3464 5542 qua
3488 5470 3659 5525 attulit
3691 5488 3705 5523 :
3732 5484 3833 5539 per

2240 5570 2341 5625 hoc
2382 5569 2570 5624 doctor
2612 5568 2781 5623 factus
2825 5566 3110 5632 omnibus,
3153 5575 3211 5620 ut
3248 5575 3455 5635 gratum
3494 5562 3831 5618 declarantes

2238 5662 2473 5715 animum
2498 5701 2512 5723 ,
2542 5658 2801 5728 primitias
2839 5672 3025 5714 eorum
3052 5672 3171 5728 qua:
3196 5656 3296 5713 sibi
3323 5670 3355 5711 a
3385 5654 3497 5712 Deo
3523 5653 3831 5709 concedun-

2238 5763 2347 5817 tur,
2374 5750 2619 5805 oﬂ‘erant.
2652 5750 2780 5805 Post
2821 5748 2941 5805 haec
2982 5747 3334 5805 Sodomorum
3376 5763 3470 5804 rex
3509 5742 3827 5819 patriarcha

2238 5840 2728 5911 magnanimitatem
2757 5840 3141 5911 obstupesccns
3165 5838 3294 5896 dicit
3330 5839 3381 5897 ei
3410 5859 3423 5893 ;
3454 5837 3543 5893 2|.
3586 5836 3669 5891 Du
3704 5835 3829 5889 mihi
