  <div class='ocr_page' id='page_1' title='image "/cluster/home/n/w/nwhite01/storage/ocr_20150623/53/nnc1.0046978453/327.png"; bbox 0 0 4092 6408; ppageno 0'>
   <div class='ocr_carea' id='block_1_1' title="bbox 599 354 711 412">
    <p class='ocr_par' dir='ltr' id='par_1_1' title="bbox 599 354 711 412">
     <span class='ocr_line' id='line_1_1' title="bbox 599 354 711 412; baseline 0.018 -2"><span class='ocrx_word' id='word_1_1' title='bbox 599 354 711 412; x_wconf 72' lang='lat'>3‘29</span> 
     </span>
    </p>
   </div>
   <div class='ocr_carea' id='block_1_2' title="bbox 601 465 2190 542">
    <p class='ocr_par' dir='ltr' id='par_1_2' title="bbox 601 465 2190 542">
     <span class='ocr_line' id='line_1_2' title="bbox 601 465 2190 542; baseline 0.001 -19"><span class='ocrx_word' id='word_1_2' title='bbox 601 472 757 538; x_wconf 83' lang='grc' dir='ltr'>ἁγειν</span> <span class='ocrx_word' id='word_1_3' title='bbox 784 467 894 522; x_wconf 88' lang='grc' dir='ltr'>τῶν</span> <span class='ocrx_word' id='word_1_4' title='bbox 923 469 1073 539; x_wconf 84' lang='grc' dir='ltr'>παρά</span> <span class='ocrx_word' id='word_1_5' title='bbox 1098 467 1192 522; x_wconf 90' lang='grc' dir='ltr'>τοῦ</span> <span class='ocrx_word' id='word_1_6' title='bbox 1227 469 1360 522; x_wconf 86' lang='grc' dir='ltr'>Θεοῦ</span> <span class='ocrx_word' id='word_1_7' title='bbox 1392 472 1523 540; x_wconf 81' lang='grc' dir='ltr'>ἡμῖν</span> <span class='ocrx_word' id='word_1_8' title='bbox 1550 469 2018 542; x_wconf 78' lang='grc' dir='ltr'>παρασχεθέντων.</span> <span class='ocrx_word' id='word_1_9' title='bbox 2058 465 2190 525; x_wconf 77' lang='grc' dir='ltr'>Εἶτα</span> 
     </span>
    </p>
   </div>
   <div class='ocr_carea' id='block_1_3' title="bbox 603 554 2192 628">
    <p class='ocr_par' dir='ltr' id='par_1_3' title="bbox 603 554 2192 628">
     <span class='ocr_line' id='line_1_3' title="bbox 603 554 2192 628; baseline 0.003 -21"><span class='ocrx_word' id='word_1_10' title='bbox 603 554 899 621; x_wconf 80' lang='grc' dir='ltr'>ἐκπλαγεὶς</span> <span class='ocrx_word' id='word_1_11' title='bbox 925 554 1018 608; x_wconf 85' lang='grc' dir='ltr'>τοῦ</span> <span class='ocrx_word' id='word_1_12' title='bbox 1048 554 1388 626; x_wconf 75' lang='grc' dir='ltr'>πατριάρχου</span> <span class='ocrx_word' id='word_1_13' title='bbox 1421 554 1572 627; x_wconf 77' lang='lat'><strong>[558]</strong></span> <span class='ocrx_word' id='word_1_14' title='bbox 1603 556 1703 626; x_wconf 83' lang='grc' dir='ltr'>τὴν</span> <span class='ocrx_word' id='word_1_15' title='bbox 1736 555 2140 628; x_wconf 74' lang='grc' dir='ltr'>μεγαλοψυχίαν</span> <span class='ocrx_word' id='word_1_16' title='bbox 2165 560 2192 612; x_wconf 86' lang='grc' dir='ltr'>ὁ</span> 
     </span>
    </p>
   </div>
   <div class='ocr_carea' id='block_1_4' title="bbox 604 635 2193 711">
    <p class='ocr_par' dir='ltr' id='par_1_4' title="bbox 604 635 2193 711">
     <span class='ocr_line' id='line_1_4' title="bbox 604 635 2193 711; baseline 0.001 -20"><span class='ocrx_word' id='word_1_17' title='bbox 604 638 857 707; x_wconf 81' lang='grc' dir='ltr'>βασιλεὺς</span> <span class='ocrx_word' id='word_1_18' title='bbox 907 635 1159 709; x_wconf 78' lang='grc' dir='ltr'>Σοδόμων</span> <span class='ocrx_word' id='word_1_19' title='bbox 1207 640 1339 709; x_wconf 76' lang='grc' dir='ltr'>φησὶ</span> <span class='ocrx_word' id='word_1_20' title='bbox 1388 640 1523 711; x_wconf 82' lang='grc' dir='ltr'>πρὸς</span> <span class='ocrx_word' id='word_1_21' title='bbox 1554 640 1737 693; x_wconf 87' lang='grc' dir='ltr'>αὐτόν·</span> <span class='ocrx_word' id='word_1_22' title='bbox 1778 642 1891 703; x_wconf 85' lang='grc' dir='ltr'>Δός</span> <span class='ocrx_word' id='word_1_23' title='bbox 1920 660 2021 710; x_wconf 87' lang='grc' dir='ltr'>μοι</span> <span class='ocrx_word' id='word_1_24' title='bbox 2050 643 2193 709; x_wconf 83' lang='grc' dir='ltr'>τοὺς</span> 
     </span>
    </p>
   </div>
   <div class='ocr_carea' id='block_1_5' title="bbox 600 720 2193 797">
    <p class='ocr_par' dir='ltr' id='par_1_5' title="bbox 600 720 2193 797">
     <span class='ocr_line' id='line_1_5' title="bbox 600 720 2193 797; baseline 0.004 -24"><span class='ocrx_word' id='word_1_25' title='bbox 600 721 846 789; x_wconf 71' lang='grc' dir='ltr'>ἄνδρας,</span> <span class='ocrx_word' id='word_1_26' title='bbox 872 723 985 789; x_wconf 83' lang='grc' dir='ltr'>τὴν</span> <span class='ocrx_word' id='word_1_27' title='bbox 1017 720 1085 775; x_wconf 86' lang='grc' dir='ltr'>δὲ</span> <span class='ocrx_word' id='word_1_28' title='bbox 1117 723 1305 776; x_wconf 76' lang='grc' dir='ltr'>Ζππον</span> <span class='ocrx_word' id='word_1_29' title='bbox 1332 722 1478 776; x_wconf 79' lang='grc' dir='ltr'>λάϐε</span> <span class='ocrx_word' id='word_1_30' title='bbox 1506 721 1763 788; x_wconf 83' lang='grc' dir='ltr'>σεαυτῷ.</span> <span class='ocrx_word' id='word_1_31' title='bbox 1790 724 1945 795; x_wconf 81' lang='grc' dir='ltr'>Καλὴ</span> <span class='ocrx_word' id='word_1_32' title='bbox 1971 724 2065 779; x_wconf 91' lang='grc' dir='ltr'>τοῦ</span> <span class='ocrx_word' id='word_1_33' title='bbox 2095 725 2193 797; x_wconf 87' lang='grc' dir='ltr'>βα-</span> 
     </span>
    </p>
   </div>
   <div class='ocr_carea' id='block_1_6' title="bbox 603 804 2191 877">
    <p class='ocr_par' dir='ltr' id='par_1_6' title="bbox 603 804 2191 877">
     <span class='ocr_line' id='line_1_6' title="bbox 603 804 2191 877; baseline 0.004 -21"><span class='ocrx_word' id='word_1_34' title='bbox 603 805 794 867; x_wconf 84' lang='grc' dir='ltr'>σιλέως</span> <span class='ocrx_word' id='word_1_35' title='bbox 815 806 849 876; x_wconf 85' lang='grc' dir='ltr'>ή</span> <span class='ocrx_word' id='word_1_36' title='bbox 878 804 1284 877; x_wconf 75' lang='grc' dir='ltr'>εὐγνωμοσύνηο</span> <span class='ocrx_word' id='word_1_37' title='bbox 1309 806 1423 860; x_wconf 84' lang='grc' dir='ltr'>ἀλλ’</span> <span class='ocrx_word' id='word_1_38' title='bbox 1448 808 1549 877; x_wconf 82' lang='grc' dir='ltr'>ὅρα</span> <span class='ocrx_word' id='word_1_39' title='bbox 1568 805 1661 859; x_wconf 92' lang='grc' dir='ltr'>τοῦ</span> <span class='ocrx_word' id='word_1_40' title='bbox 1683 806 1891 860; x_wconf 77' lang='grc' dir='ltr'>δικαίου</span> <span class='ocrx_word' id='word_1_41' title='bbox 1915 808 2012 877; x_wconf 83' lang='grc' dir='ltr'>τὴν</span> <span class='ocrx_word' id='word_1_42' title='bbox 2043 809 2191 877; x_wconf 85' lang='grc' dir='ltr'>φιλο-</span> 
     </span>
    </p>
   </div>
   <div class='ocr_carea' id='block_1_7' title="bbox 602 885 2186 961">
    <p class='ocr_par' dir='ltr' id='par_1_7' title="bbox 602 885 2186 961">
     <span class='ocr_line' id='line_1_7' title="bbox 602 885 2186 961; baseline 0.001 -20"><span class='ocrx_word' id='word_1_43' title='bbox 602 888 815 956; x_wconf 76' lang='grc' dir='ltr'>σοφίαν.</span> <span class='ocrx_word' id='word_1_44' title='bbox 840 885 984 943; x_wconf 80' lang='grc' dir='ltr'>Εἷπε</span> <span class='ocrx_word' id='word_1_45' title='bbox 997 888 1064 943; x_wconf 80' lang='grc' dir='ltr'>δὲ</span> <span class='ocrx_word' id='word_1_46' title='bbox 1086 890 1310 959; x_wconf 80' lang='grc' dir='ltr'>Ἀϐραμ</span> <span class='ocrx_word' id='word_1_47' title='bbox 1330 890 1481 959; x_wconf 83' lang='grc' dir='ltr'>πρὸς</span> <span class='ocrx_word' id='word_1_48' title='bbox 1498 889 1876 954; x_wconf 76' lang='grc' dir='ltr'>τὸνβασιλέα</span> <span class='ocrx_word' id='word_1_49' title='bbox 1891 891 2186 961; x_wconf 79' lang='grc' dir='ltr'>Σοδόμων·</span> 
     </span>
    </p>
   </div>
   <div class='ocr_carea' id='block_1_8' title="bbox 612 971 2191 1043">
    <p class='ocr_par' dir='ltr' id='par_1_8' title="bbox 612 971 2191 1043">
     <span class='ocr_line' id='line_1_8' title="bbox 612 971 2191 1043; baseline 0.003 -20"><span class='ocrx_word' id='word_1_50' title='bbox 612 971 861 1025; x_wconf 79' lang='grc' dir='ltr'>Ἐκτενῶ</span> <span class='ocrx_word' id='word_1_51' title='bbox 892 972 1007 1041; x_wconf 83' lang='grc' dir='ltr'>τὴν</span> <span class='ocrx_word' id='word_1_52' title='bbox 1040 971 1208 1041; x_wconf 82' lang='grc' dir='ltr'>χεῖρά</span> <span class='ocrx_word' id='word_1_53' title='bbox 1236 990 1357 1041; x_wconf 87' lang='grc' dir='ltr'>μου</span> <span class='ocrx_word' id='word_1_54' title='bbox 1400 972 1549 1039; x_wconf 82' lang='grc' dir='ltr'>πρὸς</span> <span class='ocrx_word' id='word_1_55' title='bbox 1579 972 1688 1026; x_wconf 85' lang='grc' dir='ltr'>τὸν</span> <span class='ocrx_word' id='word_1_56' title='bbox 1726 974 1874 1026; x_wconf 84' lang='grc' dir='ltr'>Θεὸν</span> <span class='ocrx_word' id='word_1_57' title='bbox 1911 974 2020 1027; x_wconf 87' lang='grc' dir='ltr'>τὸν</span> <span class='ocrx_word' id='word_1_58' title='bbox 2053 975 2191 1043; x_wconf 75' lang='grc' dir='ltr'>ὕψι-</span> 
     </span>
    </p>
   </div>
   <div class='ocr_carea' id='block_1_9' title="bbox 600 1054 2190 1127">
    <p class='ocr_par' dir='ltr' id='par_1_9' title="bbox 600 1054 2190 1127">
     <span class='ocr_line' id='line_1_9' title="bbox 600 1054 2190 1127; baseline 0.003 -20"><span class='ocrx_word' id='word_1_59' title='bbox 600 1070 772 1119; x_wconf 79' lang='grc' dir='ltr'>στον,</span> <span class='ocrx_word' id='word_1_60' title='bbox 798 1054 869 1121; x_wconf 86' lang='grc' dir='ltr'>δς</span> <span class='ocrx_word' id='word_1_61' title='bbox 889 1056 1140 1122; x_wconf 79' lang='grc' dir='ltr'>ἐποίησε</span> <span class='ocrx_word' id='word_1_62' title='bbox 1161 1054 1267 1107; x_wconf 84' lang='grc' dir='ltr'>τὸν</span> <span class='ocrx_word' id='word_1_63' title='bbox 1289 1056 1549 1123; x_wconf 82' lang='grc' dir='ltr'>οὐρανὸν</span> <span class='ocrx_word' id='word_1_64' title='bbox 1575 1056 1672 1108; x_wconf 75' lang='grc' dir='ltr'>καὶ</span> <span class='ocrx_word' id='word_1_65' title='bbox 1701 1054 1817 1124; x_wconf 78' lang='grc' dir='ltr'>τὴν</span> <span class='ocrx_word' id='word_1_66' title='bbox 1837 1055 1972 1127; x_wconf 74' lang='grc' dir='ltr'>γῆν,</span> <span class='ocrx_word' id='word_1_67' title='bbox 1995 1060 2047 1111; x_wconf 87' lang='grc' dir='ltr'>εί</span> <span class='ocrx_word' id='word_1_68' title='bbox 2069 1059 2190 1112; x_wconf 84' lang='grc' dir='ltr'>ἀπὸ</span> 
     </span>
    </p>
   </div>
   <div class='ocr_carea' id='block_1_10' title="bbox 598 1144 2189 1215">
    <p class='ocr_par' dir='ltr' id='par_1_10' title="bbox 598 1144 2189 1215">
     <span class='ocr_line' id='line_1_10' title="bbox 598 1144 2189 1215; baseline 0.001 -18"><span class='ocrx_word' id='word_1_69' title='bbox 598 1144 897 1213; x_wconf 78' lang='grc' dir='ltr'>σπαρτίου</span> <span class='ocrx_word' id='word_1_70' title='bbox 922 1145 1034 1210; x_wconf 86' lang='grc' dir='ltr'>ἓως</span> <span class='ocrx_word' id='word_1_71' title='bbox 1054 1144 1469 1213; x_wconf 61' lang='grc' dir='ltr'>σφαιρωτῆρος</span> <span class='ocrx_word' id='word_1_72' title='bbox 1496 1145 1877 1213; x_wconf 78' lang='grc' dir='ltr'>ὑποδήματος</span> <span class='ocrx_word' id='word_1_73' title='bbox 1916 1145 2189 1215; x_wconf 72' lang='grc' dir='ltr'>,λήψομαι</span> 
     </span>
    </p>
   </div>
   <div class='ocr_carea' id='block_1_11' title="bbox 598 1226 2189 1299">
    <p class='ocr_par' dir='ltr' id='par_1_11' title="bbox 598 1226 2189 1299">
     <span class='ocr_line' id='line_1_11' title="bbox 598 1226 2189 1299; baseline 0.001 -19"><span class='ocrx_word' id='word_1_74' title='bbox 598 1226 719 1280; x_wconf 79' lang='grc' dir='ltr'>ἀπὸ</span> <span class='ocrx_word' id='word_1_75' title='bbox 761 1227 1005 1281; x_wconf 77' lang='grc' dir='ltr'>πάντων</span> <span class='ocrx_word' id='word_1_76' title='bbox 1046 1226 1167 1281; x_wconf 88' lang='grc' dir='ltr'>τῶν</span> <span class='ocrx_word' id='word_1_77' title='bbox 1203 1227 1351 1293; x_wconf 87' lang='grc' dir='ltr'>σῶν,</span> <span class='ocrx_word' id='word_1_78' title='bbox 1394 1229 1495 1281; x_wconf 78' lang='grc' dir='ltr'>ἵνα</span> <span class='ocrx_word' id='word_1_79' title='bbox 1524 1227 1610 1297; x_wconf 81' lang='grc' dir='ltr'>μὴ</span> <span class='ocrx_word' id='word_1_80' title='bbox 1649 1230 1846 1296; x_wconf 77' lang='grc' dir='ltr'>εἴπῃς,</span> <span class='ocrx_word' id='word_1_81' title='bbox 1895 1229 1984 1281; x_wconf 84' lang='grc' dir='ltr'>ὅτι</span> <span class='ocrx_word' id='word_1_82' title='bbox 2042 1230 2189 1299; x_wconf 69' lang='grc' dir='ltr'>Ἐγὼ</span> 
     </span>
    </p>
   </div>
   <div class='ocr_carea' id='block_1_12' title="bbox 599 1310 2186 1383">
    <p class='ocr_par' dir='ltr' id='par_1_12' title="bbox 599 1310 2186 1383">
     <span class='ocr_line' id='line_1_12' title="bbox 599 1310 2186 1383; baseline 0.002 -20"><span class='ocrx_word' id='word_1_83' title='bbox 599 1312 973 1364; x_wconf 58' lang='grc' dir='ltr'>πεπλούτικεν</span> <span class='ocrx_word' id='word_1_84' title='bbox 1003 1310 1111 1364; x_wconf 88' lang='grc' dir='ltr'>τὸν</span> <span class='ocrx_word' id='word_1_85' title='bbox 1147 1312 1381 1380; x_wconf 83' lang='grc' dir='ltr'>Ἀϐραμ.</span> <span class='ocrx_word' id='word_1_86' title='bbox 1421 1310 1594 1381; x_wconf 82' lang='grc' dir='ltr'><strong>Πολλὴ</strong></span> <span class='ocrx_word' id='word_1_87' title='bbox 1633 1312 1727 1365; x_wconf 87' lang='grc' dir='ltr'>τοῦ</span> <span class='ocrx_word' id='word_1_88' title='bbox 1771 1314 2109 1383; x_wconf 77' lang='grc' dir='ltr'>πατριάρχου</span> <span class='ocrx_word' id='word_1_89' title='bbox 2152 1315 2186 1383; x_wconf 88' lang='grc' dir='ltr'>ή</span> 
     </span>
    </p>
   </div>
   <div class='ocr_carea' id='block_1_13' title="bbox 579 1392 2185 1466">
    <p class='ocr_par' dir='ltr' id='par_1_13' title="bbox 579 1392 2185 1466">
     <span class='ocr_line' id='line_1_13' title="bbox 579 1392 2185 1466; baseline 0.004 -24"><span class='ocrx_word' id='word_1_90' title='bbox 579 1394 729 1465; x_wconf 75' lang='grc' dir='ltr'>,περὶ</span> <span class='ocrx_word' id='word_1_91' title='bbox 771 1392 840 1446; x_wconf 82' lang='grc' dir='ltr'>τά</span> <span class='ocrx_word' id='word_1_92' title='bbox 872 1395 1129 1466; x_wconf 87' lang='grc' dir='ltr'>χρήματα</span> <span class='ocrx_word' id='word_1_93' title='bbox 1168 1393 1455 1465; x_wconf 77' lang='grc' dir='ltr'>ὑπεροψία.</span> <span class='ocrx_word' id='word_1_94' title='bbox 1494 1394 1605 1447; x_wconf 99' lang='lat' dir='ltr'>Kal</span> <span class='ocrx_word' id='word_1_95' title='bbox 1652 1395 1797 1458; x_wconf 89' lang='grc' dir='ltr'>τίνος</span> <span class='ocrx_word' id='word_1_96' title='bbox 1843 1396 2027 1449; x_wconf 74' lang='grc' dir='ltr'>ἕνεκεν</span> <span class='ocrx_word' id='word_1_97' title='bbox 2067 1396 2185 1465; x_wconf 86' lang='grc' dir='ltr'>μεθ’</span> 
     </span>
    </p>
   </div>
   <div class='ocr_carea' id='block_1_14' title="bbox 598 1475 2188 1549">
    <p class='ocr_par' dir='ltr' id='par_1_14' title="bbox 598 1475 2188 1549">
     <span class='ocr_line' id='line_1_14' title="bbox 598 1475 2188 1549; baseline 0.002 -20"><span class='ocrx_word' id='word_1_98' title='bbox 598 1475 762 1546; x_wconf 78' lang='grc' dir='ltr'>ὅρκου</span> <span class='ocrx_word' id='word_1_99' title='bbox 787 1476 886 1547; x_wconf 78' lang='grc' dir='ltr'>τήν</span> <span class='ocrx_word' id='word_1_100' title='bbox 915 1476 1285 1549; x_wconf 80' lang='grc' dir='ltr'>ἀπαγόρευσιν</span> <span class='ocrx_word' id='word_1_101' title='bbox 1310 1481 1564 1538; x_wconf 84' lang='grc' dir='ltr'>ποιεῖται,</span> <span class='ocrx_word' id='word_1_102' title='bbox 1590 1477 1685 1531; x_wconf 88' lang='grc' dir='ltr'>καί</span> <span class='ocrx_word' id='word_1_103' title='bbox 1709 1495 1894 1549; x_wconf 88' lang='grc' dir='ltr'>φησιν,</span> <span class='ocrx_word' id='word_1_104' title='bbox 1937 1477 2188 1532; x_wconf 81' lang='grc' dir='ltr'>Ἑκτενῶ</span> 
     </span>
    </p>
   </div>
   <div class='ocr_carea' id='block_1_15' title="bbox 598 1558 2187 1629">
    <p class='ocr_par' dir='ltr' id='par_1_15' title="bbox 598 1558 2187 1629">
     <span class='ocr_line' id='line_1_15' title="bbox 598 1558 2187 1629; baseline 0.003 -18"><span class='ocrx_word' id='word_1_105' title='bbox 598 1559 713 1625; x_wconf 79' lang='grc' dir='ltr'>τὴν</span> <span class='ocrx_word' id='word_1_106' title='bbox 756 1558 925 1628; x_wconf 65' lang='grc' dir='ltr'>χεῷά</span> <span class='ocrx_word' id='word_1_107' title='bbox 960 1578 1084 1628; x_wconf 88' lang='grc' dir='ltr'>μου</span> <span class='ocrx_word' id='word_1_108' title='bbox 1125 1560 1276 1628; x_wconf 85' lang='grc' dir='ltr'>πρὸς</span> <span class='ocrx_word' id='word_1_109' title='bbox 1320 1560 1429 1613; x_wconf 87' lang='grc' dir='ltr'><em>τὸν</em></span> <span class='ocrx_word' id='word_1_110' title='bbox 1478 1560 1628 1615; x_wconf 81' lang='grc' dir='ltr'><em>Θεὸν</em></span> <span class='ocrx_word' id='word_1_111' title='bbox 1660 1562 1767 1614; x_wconf 83' lang='grc' dir='ltr'>τὸν</span> <span class='ocrx_word' id='word_1_112' title='bbox 1805 1561 2093 1629; x_wconf 69' lang='grc' dir='ltr'>ὕψιστον,</span> <span class='ocrx_word' id='word_1_113' title='bbox 2118 1562 2187 1629; x_wconf 81' lang='grc' dir='ltr'>ὃς</span> 
     </span>
    </p>
   </div>
   <div class='ocr_carea' id='block_1_16' title="bbox 598 1642 1688 1713">
    <p class='ocr_par' dir='ltr' id='par_1_16' title="bbox 598 1642 1688 1713">
     <span class='ocr_line' id='line_1_16' title="bbox 598 1642 1688 1713; baseline 0.003 -19"><span class='ocrx_word' id='word_1_114' title='bbox 598 1642 801 1696; x_wconf 72' lang='grc' dir='ltr'>ἔκτισε</span> <span class='ocrx_word' id='word_1_115' title='bbox 835 1644 941 1698; x_wconf 86' lang='grc' dir='ltr'><em>τὸν</em></span> <span class='ocrx_word' id='word_1_116' title='bbox 962 1642 1225 1711; x_wconf 83' lang='grc' dir='ltr'>οὐρανὸν</span> <span class='ocrx_word' id='word_1_117' title='bbox 1257 1644 1357 1697; x_wconf 76' lang='grc' dir='ltr'>καί</span> <span class='ocrx_word' id='word_1_118' title='bbox 1396 1643 1512 1711; x_wconf 80' lang='grc' dir='ltr'>τὴν</span> <span class='ocrx_word' id='word_1_119' title='bbox 1532 1642 1688 1713; x_wconf 78' lang='grc' dir='ltr'>γῆν;</span> 
     </span>
    </p>
   </div>
   <div class='ocr_carea' id='block_1_17' title="bbox 672 1725 2185 1799">
    <p class='ocr_par' dir='ltr' id='par_1_17' title="bbox 672 1725 2185 1799">
     <span class='ocr_line' id='line_1_17' title="bbox 672 1725 2185 1799; baseline 0.002 -21"><span class='ocrx_word' id='word_1_120' title='bbox 672 1725 746 1790; x_wconf 84' lang='grc' dir='ltr'>ς’.</span> <span class='ocrx_word' id='word_1_121' title='bbox 768 1726 1075 1797; x_wconf 80' lang='grc' dir='ltr'>’Ᾱμφότερα</span> <span class='ocrx_word' id='word_1_122' title='bbox 1111 1726 1662 1797; x_wconf 85' lang='grc' dir='ltr'>βούλεταιπαιδεῦσαι</span> <span class='ocrx_word' id='word_1_123' title='bbox 1684 1726 1774 1780; x_wconf 82' lang='grc' dir='ltr'>τὸν</span> <span class='ocrx_word' id='word_1_124' title='bbox 1789 1726 1897 1780; x_wconf 91' lang='grc' dir='ltr'>τῶν</span> <span class='ocrx_word' id='word_1_125' title='bbox 1934 1726 2185 1799; x_wconf 81' lang='grc' dir='ltr'>Σοδόμων</span> 
     </span>
    </p>
   </div>
   <div class='ocr_carea' id='block_1_18' title="bbox 601 1808 2185 1882">
    <p class='ocr_par' dir='ltr' id='par_1_18' title="bbox 601 1808 2185 1882">
     <span class='ocr_line' id='line_1_18' title="bbox 601 1808 2185 1882; baseline 0.001 -20"><span class='ocrx_word' id='word_1_126' title='bbox 601 1808 846 1878; x_wconf 64' lang='grc' dir='ltr'>βασιλέα,</span> <span class='ocrx_word' id='word_1_127' title='bbox 883 1811 978 1863; x_wconf 76' lang='grc' dir='ltr'>καὶ</span> <span class='ocrx_word' id='word_1_128' title='bbox 1014 1811 1096 1863; x_wconf 84' lang='grc' dir='ltr'>ὃτι</span> <span class='ocrx_word' id='word_1_129' title='bbox 1131 1811 1394 1881; x_wconf 85' lang='grc' dir='ltr'>κρείττων</span> <span class='ocrx_word' id='word_1_130' title='bbox 1429 1811 1545 1863; x_wconf 82' lang='grc' dir='ltr'>ἐστὶ</span> <span class='ocrx_word' id='word_1_131' title='bbox 1578 1810 1687 1864; x_wconf 92' lang='grc' dir='ltr'>τῶν</span> <span class='ocrx_word' id='word_1_132' title='bbox 1733 1813 1865 1882; x_wconf 83' lang='grc' dir='ltr'>παρ’</span> <span class='ocrx_word' id='word_1_133' title='bbox 1898 1810 2064 1864; x_wconf 87' lang='grc' dir='ltr'>αὐτοῦ</span> <span class='ocrx_word' id='word_1_134' title='bbox 2095 1811 2185 1863; x_wconf 89' lang='grc' dir='ltr'>δε-</span> 
     </span>
    </p>
   </div>
   <div class='ocr_carea' id='block_1_19' title="bbox 597 1894 2185 1966">
    <p class='ocr_par' dir='ltr' id='par_1_19' title="bbox 597 1894 2185 1966">
     <span class='ocr_line' id='line_1_19' title="bbox 597 1894 2185 1966; baseline 0.001 -19"><span class='ocrx_word' id='word_1_135' title='bbox 597 1894 858 1964; x_wconf 80' lang='grc' dir='ltr'>δομένων,</span> <span class='ocrx_word' id='word_1_136' title='bbox 884 1897 976 1949; x_wconf 77' lang='grc' dir='ltr'>καὶ</span> <span class='ocrx_word' id='word_1_137' title='bbox 1000 1894 1199 1965; x_wconf 83' lang='grc' dir='ltr'>πολλὴν</span> <span class='ocrx_word' id='word_1_138' title='bbox 1222 1894 1583 1947; x_wconf 88' lang='grc' dir='ltr'>ἐπιδείκνυται</span> <span class='ocrx_word' id='word_1_139' title='bbox 1604 1894 1703 1966; x_wconf 77' lang='grc' dir='ltr'>τὴν</span> <span class='ocrx_word' id='word_1_140' title='bbox 1728 1894 2067 1964; x_wconf 81' lang='grc' dir='ltr'>φιλοσοφίαν,</span> <span class='ocrx_word' id='word_1_141' title='bbox 2091 1895 2185 1949; x_wconf 74' lang='grc' dir='ltr'>καὶ</span> 
     </span>
    </p>
   </div>
   <div class='ocr_carea' id='block_1_20' title="bbox 598 1978 2186 2051">
    <p class='ocr_par' dir='ltr' id='par_1_20' title="bbox 598 1978 2186 2051">
     <span class='ocr_line' id='line_1_20' title="bbox 598 1978 2186 2051; baseline 0.002 -20"><span class='ocrx_word' id='word_1_142' title='bbox 598 1978 908 2040; x_wconf 81' lang='grc' dir='ltr'>θεοσεϐείας</span> <span class='ocrx_word' id='word_1_143' title='bbox 933 1979 1081 2050; x_wconf 82' lang='grc' dir='ltr'>αὐτῷ</span> <span class='ocrx_word' id='word_1_144' title='bbox 1104 1978 1420 2042; x_wconf 81' lang='grc' dir='ltr'>διδάσκαλος</span> <span class='ocrx_word' id='word_1_145' title='bbox 1454 1980 1708 2048; x_wconf 88' lang='grc' dir='ltr'>γενέσθαι</span> <span class='ocrx_word' id='word_1_146' title='bbox 1748 1980 2058 2045; x_wconf 84' lang='grc' dir='ltr'>σπουδάζει,</span> <span class='ocrx_word' id='word_1_147' title='bbox 2094 1998 2186 2051; x_wconf 82' lang='grc' dir='ltr'>μο·</span> 
     </span>
    </p>
   </div>
   <div class='ocr_carea' id='block_1_21' title="bbox 597 2061 2183 2133">
    <p class='ocr_par' dir='ltr' id='par_1_21' title="bbox 597 2061 2183 2133">
     <span class='ocr_line' id='line_1_21' title="bbox 597 2061 2183 2133; baseline 0.001 -19"><span class='ocrx_word' id='word_1_148' title='bbox 597 2062 809 2130; x_wconf 74' lang='grc' dir='ltr'>νονουχὶ</span> <span class='ocrx_word' id='word_1_149' title='bbox 834 2061 1098 2115; x_wconf 79' lang='grc' dir='ltr'>διδάσκων</span> <span class='ocrx_word' id='word_1_150' title='bbox 1122 2062 1303 2125; x_wconf 74' lang='grc' dir='ltr'>αὐτὸν,</span> <span class='ocrx_word' id='word_1_151' title='bbox 1333 2063 1415 2116; x_wconf 84' lang='grc' dir='ltr'>ὅτι</span> <span class='ocrx_word' id='word_1_152' title='bbox 1442 2063 1651 2115; x_wconf 83' lang='grc' dir='ltr'>ἐκεῖνόν</span> <span class='ocrx_word' id='word_1_153' title='bbox 1678 2079 1759 2115; x_wconf 89' lang='grc' dir='ltr'>σοι</span> <span class='ocrx_word' id='word_1_154' title='bbox 1788 2062 2015 2133; x_wconf 86' lang='grc' dir='ltr'>παρέχω</span> <span class='ocrx_word' id='word_1_155' title='bbox 2042 2062 2183 2133; x_wconf 87' lang='grc' dir='ltr'>μάρ-</span> 
     </span>
    </p>
   </div>
   <div class='ocr_carea' id='block_1_22' title="bbox 596 2144 2184 2216">
    <p class='ocr_par' dir='ltr' id='par_1_22' title="bbox 596 2144 2184 2216">
     <span class='ocr_line' id='line_1_22' title="bbox 596 2144 2184 2216; baseline 0.002 -20"><span class='ocrx_word' id='word_1_156' title='bbox 596 2161 757 2216; x_wconf 87' lang='grc' dir='ltr'>τυρα,</span> <span class='ocrx_word' id='word_1_157' title='bbox 785 2146 866 2198; x_wconf 84' lang='grc' dir='ltr'>ὅτι</span> <span class='ocrx_word' id='word_1_158' title='bbox 894 2145 1045 2197; x_wconf 79' lang='grc' dir='ltr'>οὐδὲν</span> <span class='ocrx_word' id='word_1_159' title='bbox 1071 2144 1179 2197; x_wconf 91' lang='grc' dir='ltr'>τῶν</span> <span class='ocrx_word' id='word_1_160' title='bbox 1209 2145 1362 2215; x_wconf 85' lang='grc' dir='ltr'>παρά</span> <span class='ocrx_word' id='word_1_161' title='bbox 1391 2144 1484 2197; x_wconf 90' lang='grc' dir='ltr'>σοῦ</span> <span class='ocrx_word' id='word_1_162' title='bbox 1518 2144 1780 2216; x_wconf 78' lang='grc' dir='ltr'>λήψομαι,</span> <span class='ocrx_word' id='word_1_163' title='bbox 1812 2146 1901 2198; x_wconf 75' lang='grc' dir='ltr'>τὸν</span> <span class='ocrx_word' id='word_1_164' title='bbox 1928 2146 2184 2199; x_wconf 87' lang='grc' dir='ltr'>ἀπάντων</span> 
     </span>
    </p>
   </div>
   <div class='ocr_carea' id='block_1_23' title="bbox 590 2228 2181 2300">
    <p class='ocr_par' dir='ltr' id='par_1_23' title="bbox 590 2228 2181 2300">
     <span class='ocr_line' id='line_1_23' title="bbox 590 2228 2181 2300; baseline 0.001 -20"><span class='ocrx_word' id='word_1_165' title='bbox 590 2228 945 2300; x_wconf 82' lang='grc' dir='ltr'>δημιουργὸν,</span> <span class='ocrx_word' id='word_1_166' title='bbox 978 2230 1063 2282; x_wconf 80' lang='grc' dir='ltr'>ἴνα</span> <span class='ocrx_word' id='word_1_167' title='bbox 1101 2228 1299 2281; x_wconf 73' lang='grc' dir='ltr'>εἰδέναι</span> <span class='ocrx_word' id='word_1_168' title='bbox 1330 2228 1473 2299; x_wconf 75' lang='grc' dir='ltr'>ἔχοις</span> <span class='ocrx_word' id='word_1_169' title='bbox 1514 2230 1603 2282; x_wconf 80' lang='grc' dir='ltr'>τὸν</span> <span class='ocrx_word' id='word_1_170' title='bbox 1638 2231 1730 2282; x_wconf 79' lang='grc' dir='ltr'>ἐπὶ</span> <span class='ocrx_word' id='word_1_171' title='bbox 1762 2230 1981 2283; x_wconf 89' lang='grc' dir='ltr'>πάντων</span> <span class='ocrx_word' id='word_1_172' title='bbox 2025 2229 2181 2294; x_wconf 72' lang='grc' dir='ltr'>Θεὸν,</span> 
     </span>
    </p>
   </div>
   <div class='ocr_carea' id='block_1_24' title="bbox 597 2307 2183 2383">
    <p class='ocr_par' dir='ltr' id='par_1_24' title="bbox 597 2307 2183 2383">
     <span class='ocr_line' id='line_1_24' title="bbox 597 2307 2183 2383; baseline 0 -18"><span class='ocrx_word' id='word_1_173' title='bbox 597 2314 691 2366; x_wconf 74' lang='grc' dir='ltr'>καὶ</span> <span class='ocrx_word' id='word_1_174' title='bbox 724 2312 797 2383; x_wconf 81' lang='grc' dir='ltr'>μή</span> <span class='ocrx_word' id='word_1_175' title='bbox 820 2311 1046 2383; x_wconf 77' lang='grc' dir='ltr'>νομίσῃς</span> <span class='ocrx_word' id='word_1_176' title='bbox 1068 2307 1208 2366; x_wconf 85' lang='grc' dir='ltr'>εἶναι</span> <span class='ocrx_word' id='word_1_177' title='bbox 1242 2312 1398 2375; x_wconf 80' lang='grc' dir='ltr'>θεοὺς</span> <span class='ocrx_word' id='word_1_178' title='bbox 1425 2312 1494 2365; x_wconf 90' lang='grc' dir='ltr'>τά</span> <span class='ocrx_word' id='word_1_179' title='bbox 1523 2312 1627 2364; x_wconf 85' lang='grc' dir='ltr'>ὑπὸ</span> <span class='ocrx_word' id='word_1_180' title='bbox 1652 2313 1850 2383; x_wconf 88' lang='grc' dir='ltr'>χειρῶν</span> <span class='ocrx_word' id='word_1_181' title='bbox 1880 2311 2183 2383; x_wconf 85' lang='grc' dir='ltr'>ἀνθρώπων</span> 
     </span>
    </p>
   </div>
   <div class='ocr_carea' id='block_1_25' title="bbox 596 2392 2184 2467">
    <p class='ocr_par' dir='ltr' id='par_1_25' title="bbox 596 2392 2184 2467">
     <span class='ocr_line' id='line_1_25' title="bbox 596 2392 2184 2467; baseline 0 -18"><span class='ocrx_word' id='word_1_182' title='bbox 596 2398 1128 2467; x_wconf 77' lang='grc' dir='ltr'>κατασκευαζόμενα.</span> <span class='ocrx_word' id='word_1_183' title='bbox 1157 2392 1326 2459; x_wconf 72' lang='grc' dir='ltr'>Οὗτος</span> <span class='ocrx_word' id='word_1_184' title='bbox 1348 2396 1458 2467; x_wconf 85' lang='grc' dir='ltr'>γὰρ</span> <span class='ocrx_word' id='word_1_185' title='bbox 1480 2396 1755 2467; x_wconf 87' lang='grc' dir='ltr'>δούρανοῦ</span> <span class='ocrx_word' id='word_1_186' title='bbox 1785 2397 1879 2450; x_wconf 76' lang='grc' dir='ltr'>καὶ</span> <span class='ocrx_word' id='word_1_187' title='bbox 1904 2398 2006 2466; x_wconf 87' lang='grc' dir='ltr'>γῆς</span> <span class='ocrx_word' id='word_1_188' title='bbox 2028 2412 2184 2467; x_wconf 86' lang='grc' dir='ltr'>ποιη-</span> 
     </span>
    </p>
   </div>
   <div class='ocr_carea' id='block_1_26' title="bbox 594 2479 2183 2551">
    <p class='ocr_par' dir='ltr' id='par_1_26' title="bbox 594 2479 2183 2551">
     <span class='ocr_line' id='line_1_26' title="bbox 594 2479 2183 2551; baseline -0.001 -18"><span class='ocrx_word' id='word_1_189' title='bbox 594 2481 715 2551; x_wconf 78' lang='grc' dir='ltr'>τὴς,</span> <span class='ocrx_word' id='word_1_190' title='bbox 748 2480 908 2542; x_wconf 71' lang='grc' dir='ltr'>αὐτὸς</span> <span class='ocrx_word' id='word_1_191' title='bbox 945 2481 1039 2533; x_wconf 79' lang='grc' dir='ltr'>καὶ</span> <span class='ocrx_word' id='word_1_192' title='bbox 1074 2480 1165 2533; x_wconf 88' lang='grc' dir='ltr'>τὸν</span> <span class='ocrx_word' id='word_1_193' title='bbox 1192 2479 1429 2549; x_wconf 83' lang='grc' dir='ltr'>πόλεμον</span> <span class='ocrx_word' id='word_1_194' title='bbox 1462 2481 1651 2532; x_wconf 88' lang='grc' dir='ltr'>τοῦτον</span> <span class='ocrx_word' id='word_1_195' title='bbox 1684 2480 2058 2551; x_wconf 69' lang='grc' dir='ltr'>ἐτροπώσιτο,</span> <span class='ocrx_word' id='word_1_196' title='bbox 2087 2481 2183 2533; x_wconf 75' lang='grc' dir='ltr'>καὶ</span> 
     </span>
    </p>
   </div>
   <div class='ocr_carea' id='block_1_27' title="bbox 593 2562 2178 2635">
    <p class='ocr_par' dir='ltr' id='par_1_27' title="bbox 593 2562 2178 2635">
     <span class='ocr_line' id='line_1_27' title="bbox 593 2562 2178 2635; baseline 0.014 -22"><span class='ocrx_word' id='word_1_197' title='bbox 593 2565 694 2634; x_wconf 78' lang='grc' dir='ltr'>τῆς</span> <span class='ocrx_word' id='word_1_198' title='bbox 737 2563 894 2634; x_wconf 85' lang='grc' dir='ltr'>νίκης</span> <span class='ocrx_word' id='word_1_199' title='bbox 934 2565 1103 2626; x_wconf 80' lang='grc' dir='ltr'>αῖτιος</span> <span class='ocrx_word' id='word_1_200' title='bbox 1146 2562 1405 2633; x_wconf 76' lang='grc' dir='ltr'>κατέστη.</span> <span class='ocrx_word' id='word_1_201' title='bbox 1451 2564 1545 2634; x_wconf 85' lang='grc' dir='ltr'>Μὴ</span> <span class='ocrx_word' id='word_1_202' title='bbox 1577 2564 1758 2617; x_wconf 83' lang='grc' dir='ltr'>τοίνυν</span> <span class='ocrx_word' id='word_1_203' title='bbox 1804 2563 2178 2635; x_wconf 65' lang='grc' dir='ltr'>προσδοκήσῃς</span> 
     </span>
    </p>
   </div>
   <div class='ocr_carea' id='block_1_28' title="bbox 594 2645 2183 2718">
    <p class='ocr_par' dir='ltr' id='par_1_28' title="bbox 594 2645 2183 2718">
     <span class='ocr_line' id='line_1_28' title="bbox 594 2645 2183 2718; baseline -0.002 -17"><span class='ocrx_word' id='word_1_204' title='bbox 594 2648 694 2717; x_wconf 73' lang='grc' dir='ltr'>ἐμὲ</span> <span class='ocrx_word' id='word_1_205' title='bbox 718 2645 999 2713; x_wconf 75' lang='grc' dir='ltr'>ἀνέξεσθαί</span> <span class='ocrx_word' id='word_1_206' title='bbox 1030 2664 1083 2699; x_wconf 89' lang='grc' dir='ltr'>τι</span> <span class='ocrx_word' id='word_1_207' title='bbox 1109 2646 1291 2699; x_wconf 81' lang='grc' dir='ltr'>λαϐεῖν</span> <span class='ocrx_word' id='word_1_208' title='bbox 1312 2646 1422 2699; x_wconf 90' lang='grc' dir='ltr'>τῶν</span> <span class='ocrx_word' id='word_1_209' title='bbox 1445 2647 1596 2717; x_wconf 85' lang='grc' dir='ltr'>παρά</span> <span class='ocrx_word' id='word_1_210' title='bbox 1618 2646 1712 2701; x_wconf 91' lang='grc' dir='ltr'>σοῦ</span> <span class='ocrx_word' id='word_1_211' title='bbox 1735 2647 2047 2718; x_wconf 75' lang='grc' dir='ltr'>διδομένων.</span> <span class='ocrx_word' id='word_1_212' title='bbox 2078 2647 2183 2699; x_wconf 86' lang='grc' dir='ltr'>Οὐ-</span> 
     </span>
    </p>
   </div>
   <div class='ocr_carea' id='block_1_29' title="bbox 593 2728 2181 2802">
    <p class='ocr_par' dir='ltr' id='par_1_29' title="bbox 593 2728 2181 2802">
     <span class='ocr_line' id='line_1_29' title="bbox 593 2728 2181 2802; baseline 0 -19"><span class='ocrx_word' id='word_1_213' title='bbox 593 2731 648 2783; x_wconf 82' lang='grc' dir='ltr'>δέ</span> <span class='ocrx_word' id='word_1_214' title='bbox 696 2731 805 2801; x_wconf 81' lang='grc' dir='ltr'>γάρ</span> <span class='ocrx_word' id='word_1_215' title='bbox 849 2729 941 2783; x_wconf 79' lang='grc' dir='ltr'>ἐπὶ</span> <span class='ocrx_word' id='word_1_216' title='bbox 989 2728 1167 2799; x_wconf 83' lang='grc' dir='ltr'>μισθῷ</span> <span class='ocrx_word' id='word_1_217' title='bbox 1211 2728 1310 2798; x_wconf 79' lang='grc' dir='ltr'>τὴν</span> <span class='ocrx_word' id='word_1_218' title='bbox 1351 2728 1594 2782; x_wconf 74' lang='grc' dir='ltr'>ἐκδικίαν</span> <span class='ocrx_word' id='word_1_219' title='bbox 1635 2731 1998 2802; x_wconf 88' lang='grc' dir='ltr'>ἐποιησάμην,</span> <span class='ocrx_word' id='word_1_220' title='bbox 2046 2730 2181 2785; x_wconf 82' lang='grc' dir='ltr'>ἀλλά</span> 
     </span>
    </p>
   </div>
   <div class='ocr_carea' id='block_1_30' title="bbox 594 2813 2180 2888">
    <p class='ocr_par' dir='ltr' id='par_1_30' title="bbox 594 2813 2180 2888">
     <span class='ocr_line' id='line_1_30' title="bbox 594 2813 2180 2888; baseline 0.001 -21"><span class='ocrx_word' id='word_1_221' title='bbox 594 2815 860 2887; x_wconf 86' lang='grc' dir='ltr'>πρότερον</span> <span class='ocrx_word' id='word_1_222' title='bbox 901 2814 1001 2885; x_wconf 76' lang='grc' dir='ltr'>μὲν</span> <span class='ocrx_word' id='word_1_223' title='bbox 1030 2813 1116 2867; x_wconf 83' lang='grc' dir='ltr'>διά</span> <span class='ocrx_word' id='word_1_224' title='bbox 1143 2813 1241 2883; x_wconf 80' lang='grc' dir='ltr'>τὴν</span> <span class='ocrx_word' id='word_1_225' title='bbox 1267 2814 1396 2884; x_wconf 74' lang='grc' dir='ltr'>περὶ</span> <span class='ocrx_word' id='word_1_226' title='bbox 1428 2814 1520 2867; x_wconf 80' lang='grc' dir='ltr'>τὸν</span> <span class='ocrx_word' id='word_1_227' title='bbox 1555 2814 1866 2882; x_wconf 81' lang='grc' dir='ltr'>ἀδελφιδοῦν</span> <span class='ocrx_word' id='word_1_228' title='bbox 1894 2817 2180 2888; x_wconf 82' lang='grc' dir='ltr'>φιλοστορ-</span> 
     </span>
    </p>
   </div>
   <div class='ocr_carea' id='block_1_31' title="bbox 594 2896 2177 2970">
    <p class='ocr_par' dir='ltr' id='par_1_31' title="bbox 594 2896 2177 2970">
     <span class='ocr_line' id='line_1_31' title="bbox 594 2896 2177 2970; baseline 0.003 -22"><span class='ocrx_word' id='word_1_229' title='bbox 594 2899 740 2966; x_wconf 86' lang='grc' dir='ltr'>γίαν,</span> <span class='ocrx_word' id='word_1_230' title='bbox 781 2898 971 2950; x_wconf 75' lang='grc' dir='ltr'>ἔπειτα</span> <span class='ocrx_word' id='word_1_231' title='bbox 994 2896 1049 2950; x_wconf 77' lang='grc' dir='ltr'>δὲ</span> <span class='ocrx_word' id='word_1_232' title='bbox 1075 2897 1170 2949; x_wconf 68' lang='grc' dir='ltr'>καὶ</span> <span class='ocrx_word' id='word_1_233' title='bbox 1201 2897 1267 2949; x_wconf 79' lang='grc' dir='ltr'>δι’</span> <span class='ocrx_word' id='word_1_234' title='bbox 1295 2898 1467 2968; x_wconf 81' lang='grc' dir='ltr'>αὐτὴν</span> <span class='ocrx_word' id='word_1_235' title='bbox 1495 2896 1589 2949; x_wconf 90' lang='grc' dir='ltr'>τοῦ</span> <span class='ocrx_word' id='word_1_236' title='bbox 1624 2897 1833 2951; x_wconf 83' lang='grc' dir='ltr'>δικαίου</span> <span class='ocrx_word' id='word_1_237' title='bbox 1866 2898 1966 2970; x_wconf 80' lang='grc' dir='ltr'>τὴν</span> <span class='ocrx_word' id='word_1_238' title='bbox 1997 2899 2177 2969; x_wconf 91' lang='grc' dir='ltr'>φύσιν,</span> 
     </span>
    </p>
   </div>
   <div class='ocr_carea' id='block_1_32' title="bbox 592 2981 2181 3054">
    <p class='ocr_par' dir='ltr' id='par_1_32' title="bbox 592 2981 2181 3054">
     <span class='ocr_line' id='line_1_32' title="bbox 592 2981 2181 3054; baseline 0.001 -18"><span class='ocrx_word' id='word_1_239' title='bbox 592 2982 735 3036; x_wconf 79' lang='grc' dir='ltr'>ὥστε</span> <span class='ocrx_word' id='word_1_240' title='bbox 759 2983 884 3047; x_wconf 78' lang='grc' dir='ltr'>τοὺς</span> <span class='ocrx_word' id='word_1_241' title='bbox 903 2981 1103 3043; x_wconf 90' lang='grc' dir='ltr'>ἀδίκως</span> <span class='ocrx_word' id='word_1_242' title='bbox 1127 2981 1479 3052; x_wconf 82' lang='grc' dir='ltr'>ἀπηγμένους</span> <span class='ocrx_word' id='word_1_243' title='bbox 1507 2981 1811 3053; x_wconf 77' lang='grc' dir='ltr'>ἐξαρπάσαι</span> <span class='ocrx_word' id='word_1_244' title='bbox 1838 2982 1946 3037; x_wconf 88' lang='grc' dir='ltr'>τῶν</span> <span class='ocrx_word' id='word_1_245' title='bbox 1972 2983 2181 3054; x_wconf 84' lang='grc' dir='ltr'>βαρϐα-</span> 
     </span>
    </p>
   </div>
   <div class='ocr_carea' id='block_1_33' title="bbox 596 3064 2183 3137">
    <p class='ocr_par' dir='ltr' id='par_1_33' title="bbox 596 3064 2183 3137">
     <span class='ocr_line' id='line_1_33' title="bbox 596 3064 2183 3137; baseline 0.002 -21"><span class='ocrx_word' id='word_1_246' title='bbox 596 3065 765 3137; x_wconf 89' lang='grc' dir='ltr'>ρικῶν</span> <span class='ocrx_word' id='word_1_247' title='bbox 788 3064 1007 3136; x_wconf 84' lang='grc' dir='ltr'>χειρῶν.</span> <span class='ocrx_word' id='word_1_248' title='bbox 1040 3067 1107 3118; x_wconf 77' lang='lat' dir='ltr'><strong><em>El</em></strong></span> <span class='ocrx_word' id='word_1_249' title='bbox 1136 3065 1256 3119; x_wconf 78' lang='grc' dir='ltr'>ἀπὸ</span> <span class='ocrx_word' id='word_1_250' title='bbox 1285 3067 1604 3133; x_wconf 79' lang='grc' dir='ltr'>σπαρτίου,</span> <span class='ocrx_word' id='word_1_251' title='bbox 1640 3066 1825 3136; x_wconf 75' lang='grc' dir='ltr'>φησὶν,</span> <span class='ocrx_word' id='word_1_252' title='bbox 1860 3065 1971 3132; x_wconf 81' lang='grc' dir='ltr'>ἕως</span> <span class='ocrx_word' id='word_1_253' title='bbox 2003 3080 2183 3135; x_wconf 70' lang='grc' dir='ltr'>σφαι-</span> 
     </span>
    </p>
   </div>
   <div class='ocr_carea' id='block_1_34' title="bbox 593 3146 2179 3217">
    <p class='ocr_par' dir='ltr' id='par_1_34' title="bbox 593 3146 2179 3217">
     <span class='ocr_line' id='line_1_34' title="bbox 593 3146 2179 3217; baseline 0.001 -17"><span class='ocrx_word' id='word_1_254' title='bbox 593 3146 857 3215; x_wconf 79' lang='grc' dir='ltr'>ρωτῆρος</span> <span class='ocrx_word' id='word_1_255' title='bbox 901 3147 1175 3217; x_wconf 67' lang='grc' dir='ltr'>λήψομαι</span> <span class='ocrx_word' id='word_1_256' title='bbox 1222 3146 1344 3201; x_wconf 75' lang='grc' dir='ltr'>ἀπὸ</span> <span class='ocrx_word' id='word_1_257' title='bbox 1384 3147 1627 3202; x_wconf 80' lang='grc' dir='ltr'>πάντων</span> <span class='ocrx_word' id='word_1_258' title='bbox 1674 3147 1795 3201; x_wconf 83' lang='grc' dir='ltr'>τῶν</span> <span class='ocrx_word' id='word_1_259' title='bbox 1834 3148 1983 3202; x_wconf 69' lang='grc' dir='ltr'>σῶν*</span> <span class='ocrx_word' id='word_1_260' title='bbox 2037 3148 2179 3202; x_wconf 79' lang='grc' dir='ltr'>τοῦτ’</span> 
     </span>
    </p>
   </div>
   <div class='ocr_carea' id='block_1_35' title="bbox 594 3230 2182 3302">
    <p class='ocr_par' dir='ltr' id='par_1_35' title="bbox 594 3230 2182 3302">
     <span class='ocr_line' id='line_1_35' title="bbox 594 3230 2182 3302; baseline 0.002 -19"><span class='ocrx_word' id='word_1_261' title='bbox 594 3231 763 3294; x_wconf 71' lang='grc' dir='ltr'>ἔστιν,</span> <span class='ocrx_word' id='word_1_262' title='bbox 790 3231 911 3284; x_wconf 75' lang='grc' dir='ltr'>οὐδὲ</span> <span class='ocrx_word' id='word_1_263' title='bbox 937 3230 999 3283; x_wconf 80' lang='grc' dir='ltr'>τὸ</span> <span class='ocrx_word' id='word_1_264' title='bbox 1025 3230 1209 3302; x_wconf 73' lang='grc' dir='ltr'>τυχὸν,</span> <span class='ocrx_word' id='word_1_265' title='bbox 1236 3231 1358 3284; x_wconf 86' lang='grc' dir='ltr'>οὐδέ</span> <span class='ocrx_word' id='word_1_266' title='bbox 1382 3232 1442 3285; x_wconf 85' lang='grc' dir='ltr'>τὸ</span> <span class='ocrx_word' id='word_1_267' title='bbox 1470 3232 1705 3297; x_wconf 83' lang='grc' dir='ltr'>εὐτελὲς,</span> <span class='ocrx_word' id='word_1_268' title='bbox 1725 3232 1847 3287; x_wconf 77' lang='grc' dir='ltr'>οὐδὲ</span> <span class='ocrx_word' id='word_1_269' title='bbox 1872 3232 1936 3286; x_wconf 70' lang='grc' dir='ltr'>ἰδ</span> <span class='ocrx_word' id='word_1_270' title='bbox 1957 3233 2182 3286; x_wconf 89' lang='grc' dir='ltr'>εὐκατα-</span> 
     </span>
    </p>
   </div>
   <div class='ocr_carea' id='block_1_36' title="bbox 591 3314 2180 3389">
    <p class='ocr_par' dir='ltr' id='par_1_36' title="bbox 591 3314 2180 3389">
     <span class='ocr_line' id='line_1_36' title="bbox 591 3314 2180 3389; baseline 0.004 -23"><span class='ocrx_word' id='word_1_271' title='bbox 591 3315 862 3387; x_wconf 84' lang='grc' dir='ltr'>φρόνητον</span> <span class='ocrx_word' id='word_1_272' title='bbox 899 3314 1274 3385; x_wconf 85' lang='grc' dir='ltr'>νομιζόμενον.</span> <span class='ocrx_word' id='word_1_273' title='bbox 1302 3315 1414 3369; x_wconf 87' lang='lat' dir='ltr'>Kal</span> <span class='ocrx_word' id='word_1_274' title='bbox 1431 3316 1539 3388; x_wconf 85' lang='grc' dir='ltr'>γάρ</span> <span class='ocrx_word' id='word_1_275' title='bbox 1575 3318 1933 3389; x_wconf 85' lang='grc' dir='ltr'>σφαιρωτῆρα</span> <span class='ocrx_word' id='word_1_276' title='bbox 1957 3317 2180 3373; x_wconf 85' lang='grc' dir='ltr'>εἰώθασι</span> 
     </span>
    </p>
   </div>
   <div class='ocr_carea' id='block_1_37' title="bbox 593 3398 2177 3474">
    <p class='ocr_par' dir='ltr' id='par_1_37' title="bbox 593 3398 2177 3474">
     <span class='ocr_line' id='line_1_37' title="bbox 593 3398 2177 3474; baseline 0.001 -20"><span class='ocrx_word' id='word_1_277' title='bbox 593 3401 774 3468; x_wconf 81' lang='grc' dir='ltr'>λέγειν</span> <span class='ocrx_word' id='word_1_278' title='bbox 816 3401 878 3453; x_wconf 82' lang='grc' dir='ltr'>τὸ</span> <span class='ocrx_word' id='word_1_279' title='bbox 910 3398 1079 3469; x_wconf 81' lang='grc' dir='ltr'>ἀκρον</span> <span class='ocrx_word' id='word_1_280' title='bbox 1121 3398 1215 3452; x_wconf 87' lang='grc' dir='ltr'>τοῦ</span> <span class='ocrx_word' id='word_1_281' title='bbox 1262 3399 1609 3472; x_wconf 81' lang='grc' dir='ltr'>ὑποδήματος</span> <span class='ocrx_word' id='word_1_282' title='bbox 1650 3401 1711 3473; x_wconf 56' lang='grc' dir='ltr'>τὸ</span> <span class='ocrx_word' id='word_1_283' title='bbox 1738 3403 1818 3465; x_wconf 82' lang='grc' dir='ltr'>είς</span> <span class='ocrx_word' id='word_1_284' title='bbox 1851 3402 1945 3468; x_wconf 77' lang='grc' dir='ltr'>ὀξὺ</span> <span class='ocrx_word' id='word_1_285' title='bbox 1993 3402 2177 3474; x_wconf 74' lang='grc' dir='ltr'>λῆγονο</span> 
     </span>
    </p>
   </div>
   <div class='ocr_carea' id='block_1_38' title="bbox 591 3482 2181 3558">
    <p class='ocr_par' dir='ltr' id='par_1_38' title="bbox 591 3482 2181 3558">
     <span class='ocr_line' id='line_1_38' title="bbox 591 3482 2181 3558; baseline 0.002 -20"><span class='ocrx_word' id='word_1_286' title='bbox 591 3484 855 3548; x_wconf 80' lang='grc' dir='ltr'>τοιούτοις</span> <span class='ocrx_word' id='word_1_287' title='bbox 872 3483 982 3556; x_wconf 83' lang='grc' dir='ltr'>γάρ</span> <span class='ocrx_word' id='word_1_288' title='bbox 1004 3482 1122 3546; x_wconf 80' lang='grc' dir='ltr'>ἐθος</span> <span class='ocrx_word' id='word_1_289' title='bbox 1141 3482 1325 3553; x_wconf 76' lang='grc' dir='ltr'>έχουσι</span> <span class='ocrx_word' id='word_1_290' title='bbox 1349 3484 1646 3555; x_wconf 84' lang='grc' dir='ltr'>κεχρῆσθαι</span> <span class='ocrx_word' id='word_1_291' title='bbox 1667 3486 1715 3537; x_wconf 87' lang='grc' dir='ltr'>οί</span> <span class='ocrx_word' id='word_1_292' title='bbox 1739 3484 2024 3558; x_wconf 82' lang='grc' dir='ltr'>βάρϐαροι.</span> <span class='ocrx_word' id='word_1_293' title='bbox 2048 3484 2181 3541; x_wconf 82' lang='grc' dir='ltr'>Εἶτα</span> 
     </span>
    </p>
   </div>
   <div class='ocr_carea' id='block_1_39' title="bbox 592 3560 2182 3641">
    <p class='ocr_par' dir='ltr' id='par_1_39' title="bbox 592 3560 2182 3641">
     <span class='ocr_line' id='line_1_39' title="bbox 592 3560 2182 3641; baseline 0.001 -19"><span class='ocrx_word' id='word_1_294' title='bbox 592 3570 691 3622; x_wconf 80' lang='grc' dir='ltr'>καὶ</span> <span class='ocrx_word' id='word_1_295' title='bbox 722 3569 822 3637; x_wconf 71' lang='grc' dir='ltr'>τὴν</span> <span class='ocrx_word' id='word_1_296' title='bbox 846 3560 1026 3621; x_wconf 83' lang='grc' dir='ltr'>αἰτίαν</span> <span class='ocrx_word' id='word_1_297' title='bbox 1052 3568 1150 3637; x_wconf 86' lang='grc' dir='ltr'>τῆς</span> <span class='ocrx_word' id='word_1_298' title='bbox 1178 3567 1562 3638; x_wconf 91' lang='grc' dir='ltr'>παραιτήσεώς</span> <span class='ocrx_word' id='word_1_299' title='bbox 1594 3586 1780 3639; x_wconf 89' lang='grc' dir='ltr'>φησιν,</span> <span class='ocrx_word' id='word_1_300' title='bbox 1815 3571 1950 3625; x_wconf 83' lang='grc' dir='ltr'>Ἵνα</span> <span class='ocrx_word' id='word_1_301' title='bbox 1984 3571 2072 3641; x_wconf 79' lang='grc' dir='ltr'>μὴ</span> <span class='ocrx_word' id='word_1_302' title='bbox 2099 3572 2182 3627; x_wconf 74' lang='grc' dir='ltr'>εἰ-</span> 
     </span>
    </p>
   </div>
   <div class='ocr_carea' id='block_1_40' title="bbox 593 3651 2178 3727">
    <p class='ocr_par' dir='ltr' id='par_1_40' title="bbox 593 3651 2178 3727">
     <span class='ocr_line' id='line_1_40' title="bbox 593 3651 2178 3727; baseline 0.001 -19"><span class='ocrx_word' id='word_1_303' title='bbox 593 3670 738 3721; x_wconf 75' lang='grc' dir='ltr'>πῃς,</span> <span class='ocrx_word' id='word_1_304' title='bbox 783 3651 933 3722; x_wconf 69' lang='grc' dir='ltr'>Ἐγὼ</span> <span class='ocrx_word' id='word_1_305' title='bbox 961 3653 1334 3706; x_wconf 76' lang='grc' dir='ltr'>πεπλούτικα</span> <span class='ocrx_word' id='word_1_306' title='bbox 1373 3652 1483 3706; x_wconf 87' lang='grc' dir='ltr'><em>τὸν</em></span> <span class='ocrx_word' id='word_1_307' title='bbox 1513 3654 1757 3723; x_wconf 78' lang='grc' dir='ltr'>Ἀϐραμ.</span> <span class='ocrx_word' id='word_1_308' title='bbox 1797 3656 1946 3726; x_wconf 85' lang='grc' dir='ltr'>Ἔχω</span> <span class='ocrx_word' id='word_1_309' title='bbox 1972 3656 2062 3709; x_wconf 84' lang='grc' dir='ltr'>τὸν</span> <span class='ocrx_word' id='word_1_310' title='bbox 2088 3674 2178 3727; x_wconf 80' lang='grc' dir='ltr'>χοο</span> 
     </span>
    </p>
   </div>
   <div class='ocr_carea' id='block_1_41' title="bbox 596 3734 2183 3810">
    <p class='ocr_par' dir='ltr' id='par_1_41' title="bbox 596 3734 2183 3810">
     <span class='ocr_line' id='line_1_41' title="bbox 596 3734 2183 3810; baseline 0.001 -21"><span class='ocrx_word' id='word_1_311' title='bbox 596 3738 765 3810; x_wconf 79' lang='grc' dir='ltr'>ρηγδν</span> <span class='ocrx_word' id='word_1_312' title='bbox 793 3735 900 3788; x_wconf 87' lang='grc' dir='ltr'>τῶν</span> <span class='ocrx_word' id='word_1_313' title='bbox 922 3736 1129 3807; x_wconf 89' lang='grc' dir='ltr'>μυρίων</span> <span class='ocrx_word' id='word_1_314' title='bbox 1156 3734 1397 3804; x_wconf 80' lang='grc' dir='ltr'>ἀγαθῶν,</span> <span class='ocrx_word' id='word_1_315' title='bbox 1425 3735 1625 3807; x_wconf 89' lang='grc' dir='ltr'>πολλῆς</span> <span class='ocrx_word' id='word_1_316' title='bbox 1645 3737 1904 3791; x_wconf 84' lang='grc' dir='ltr'>ἀπολαύω</span> <span class='ocrx_word' id='word_1_317' title='bbox 1924 3739 2022 3807; x_wconf 91' lang='grc' dir='ltr'>τῆς</span> <span class='ocrx_word' id='word_1_318' title='bbox 2038 3739 2183 3792; x_wconf 88' lang='grc' dir='ltr'>άνω-</span> 
     </span>
    </p>
   </div>
   <div class='ocr_carea' id='block_1_42' title="bbox 593 3819 2183 3895">
    <p class='ocr_par' dir='ltr' id='par_1_42' title="bbox 593 3819 2183 3895">
     <span class='ocr_line' id='line_1_42' title="bbox 593 3819 2183 3895; baseline 0.001 -19"><span class='ocrx_word' id='word_1_319' title='bbox 593 3824 685 3877; x_wconf 88' lang='grc' dir='ltr'>θεν</span> <span class='ocrx_word' id='word_1_320' title='bbox 717 3820 909 3893; x_wconf 72' lang='grc' dir='ltr'>ῥοπῆς,</span> <span class='ocrx_word' id='word_1_321' title='bbox 935 3820 995 3872; x_wconf 86' lang='grc' dir='ltr'>οὐ</span> <span class='ocrx_word' id='word_1_322' title='bbox 1016 3820 1205 3890; x_wconf 81' lang='grc' dir='ltr'>δέομαι</span> <span class='ocrx_word' id='word_1_323' title='bbox 1227 3821 1322 3873; x_wconf 92' lang='grc' dir='ltr'>τοῦ</span> <span class='ocrx_word' id='word_1_324' title='bbox 1350 3819 1501 3892; x_wconf 82' lang='grc' dir='ltr'>παρὰ</span> <span class='ocrx_word' id='word_1_325' title='bbox 1523 3821 1615 3874; x_wconf 88' lang='grc' dir='ltr'>σοῦ</span> <span class='ocrx_word' id='word_1_326' title='bbox 1639 3821 1891 3884; x_wconf 87' lang='grc' dir='ltr'>πλούτου,</span> <span class='ocrx_word' id='word_1_327' title='bbox 1913 3824 1974 3876; x_wconf 91' lang='grc' dir='ltr'>οὐ</span> <span class='ocrx_word' id='word_1_328' title='bbox 1996 3824 2183 3895; x_wconf 75' lang='grc' dir='ltr'>χρῄζω</span> 
     </span>
    </p>
   </div>
   <div class='ocr_carea' id='block_1_43' title="bbox 593 3901 2181 3977">
    <p class='ocr_par' dir='ltr' id='par_1_43' title="bbox 593 3901 2181 3977">
     <span class='ocr_line' id='line_1_43' title="bbox 593 3901 2181 3977; baseline 0.001 -18"><span class='ocrx_word' id='word_1_329' title='bbox 593 3904 943 3977; x_wconf 85' lang='grc' dir='ltr'>ἀνθρωπίνης</span> <span class='ocrx_word' id='word_1_330' title='bbox 972 3902 1257 3975; x_wconf 81' lang='grc' dir='ltr'>εὐπορίας,</span> <span class='ocrx_word' id='word_1_331' title='bbox 1302 3901 1673 3975; x_wconf 83' lang='grc' dir='ltr'>ἀρκοῦμαιτῇ</span> <span class='ocrx_word' id='word_1_332' title='bbox 1715 3905 1867 3977; x_wconf 90' lang='grc' dir='ltr'>παρά</span> <span class='ocrx_word' id='word_1_333' title='bbox 1919 3907 2010 3960; x_wconf 90' lang='grc' dir='ltr'>τοῦ</span> <span class='ocrx_word' id='word_1_334' title='bbox 2046 3908 2181 3961; x_wconf 89' lang='grc' dir='ltr'>Θεοῦ</span> 
     </span>
    </p>
   </div>
   <div class='ocr_carea' id='block_1_44' title="bbox 594 3981 2179 4063">
    <p class='ocr_par' dir='ltr' id='par_1_44' title="bbox 594 3981 2179 4063">
     <span class='ocr_line' id='line_1_44' title="bbox 594 3981 2179 4063; baseline 0.001 -21"><span class='ocrx_word' id='word_1_335' title='bbox 594 3991 674 4051; x_wconf 81' lang='grc' dir='ltr'>είς</span> <span class='ocrx_word' id='word_1_336' title='bbox 700 3988 798 4059; x_wconf 82' lang='grc' dir='ltr'>ἐμὲ</span> <span class='ocrx_word' id='word_1_337' title='bbox 824 3985 1124 4057; x_wconf 65' lang='grc' dir='ltr'>φιλοτιμία,</span> <span class='ocrx_word' id='word_1_338' title='bbox 1151 3981 1269 4039; x_wconf 80' lang='grc' dir='ltr'>οἴδα</span> <span class='ocrx_word' id='word_1_339' title='bbox 1295 3984 1459 4039; x_wconf 89' lang='grc' dir='ltr'>αὑτοῦ</span> <span class='ocrx_word' id='word_1_340' title='bbox 1483 3987 1543 4040; x_wconf 84' lang='grc' dir='ltr'>τὸ</span> <span class='ocrx_word' id='word_1_341' title='bbox 1571 3987 1789 4057; x_wconf 75' lang='grc' dir='ltr'>δαψιλὲς</span> <span class='ocrx_word' id='word_1_342' title='bbox 1815 3989 1924 4042; x_wconf 88' lang='grc' dir='ltr'>τῶν</span> <span class='ocrx_word' id='word_1_343' title='bbox 1941 3990 2179 4063; x_wconf 85' lang='grc' dir='ltr'>δωρεῶν.</span> 
     </span>
    </p>
   </div>
   <div class='ocr_carea' id='block_1_45' title="bbox 596 4068 2185 4144">
    <p class='ocr_par' dir='ltr' id='par_1_45' title="bbox 596 4068 2185 4144">
     <span class='ocr_line' id='line_1_45' title="bbox 596 4068 2185 4144; baseline 0.002 -20"><span class='ocrx_word' id='word_1_344' title='bbox 596 4072 718 4125; x_wconf 84' lang='grc' dir='ltr'>Τῶν</span> <span class='ocrx_word' id='word_1_345' title='bbox 753 4069 962 4143; x_wconf 80' lang='grc' dir='ltr'>μικρῶν</span> <span class='ocrx_word' id='word_1_346' title='bbox 992 4071 1086 4123; x_wconf 80' lang='grc' dir='ltr'>καὶ</span> <span class='ocrx_word' id='word_1_347' title='bbox 1116 4068 1348 4122; x_wconf 85' lang='grc' dir='ltr'>εὐτελῶν</span> <span class='ocrx_word' id='word_1_348' title='bbox 1370 4072 1783 4143; x_wconf 84' lang='grc' dir='ltr'>παραχωρήσας</span> <span class='ocrx_word' id='word_1_349' title='bbox 1809 4071 1886 4142; x_wconf 85' lang='grc' dir='ltr'>τῷ</span> <span class='ocrx_word' id='word_1_350' title='bbox 1914 4071 2058 4135; x_wconf 88' lang='grc' dir='ltr'>Λὼτ,</span> <span class='ocrx_word' id='word_1_351' title='bbox 2094 4091 2185 4144; x_wconf 79' lang='grc' dir='ltr'>με·</span> 
     </span>
    </p>
   </div>
   <div class='ocr_carea' id='block_1_46' title="bbox 595 4150 2183 4226">
    <p class='ocr_par' dir='ltr' id='par_1_46' title="bbox 595 4150 2183 4226">
     <span class='ocr_line' id='line_1_46' title="bbox 595 4150 2183 4226; baseline 0 -15"><span class='ocrx_word' id='word_1_352' title='bbox 595 4156 778 4225; x_wconf 85' lang='grc' dir='ltr'>γάλων</span> <span class='ocrx_word' id='word_1_353' title='bbox 809 4154 904 4207; x_wconf 80' lang='grc' dir='ltr'>καὶ</span> <span class='ocrx_word' id='word_1_354' title='bbox 942 4154 1269 4224; x_wconf 72' lang='grc' dir='ltr'>ἀπορρήτων</span> <span class='ocrx_word' id='word_1_355' title='bbox 1299 4150 1538 4225; x_wconf 75' lang='grc' dir='ltr'>ἠξιώθην</span> <span class='ocrx_word' id='word_1_356' title='bbox 1567 4155 1932 4226; x_wconf 83' lang='grc' dir='ltr'>ὑποσχέσεων·</span> <span class='ocrx_word' id='word_1_357' title='bbox 1969 4156 2061 4211; x_wconf 78' lang='grc' dir='ltr'>καὶ</span> <span class='ocrx_word' id='word_1_358' title='bbox 2087 4157 2183 4213; x_wconf 89' lang='grc' dir='ltr'>νῦν</span> 
     </span>
    </p>
   </div>
   <div class='ocr_carea' id='block_1_47' title="bbox 600 4235 2182 4309">
    <p class='ocr_par' dir='ltr' id='par_1_47' title="bbox 600 4235 2182 4309">
     <span class='ocr_line' id='line_1_47' title="bbox 600 4235 2182 4309; baseline 0.003 -18"><span class='ocrx_word' id='word_1_359' title='bbox 600 4238 821 4309; x_wconf 86' lang='grc' dir='ltr'>μείζονα</span> <span class='ocrx_word' id='word_1_360' title='bbox 845 4236 1072 4290; x_wconf 87' lang='grc' dir='ltr'>πλοῦτον</span> <span class='ocrx_word' id='word_1_361' title='bbox 1088 4235 1266 4306; x_wconf 76' lang='grc' dir='ltr'>ἑαυτῷ</span> <span class='ocrx_word' id='word_1_362' title='bbox 1286 4237 1826 4309; x_wconf 85' lang='grc' dir='ltr'>πραγματευόμενος,</span> <span class='ocrx_word' id='word_1_363' title='bbox 1850 4239 1943 4293; x_wconf 80' lang='grc' dir='ltr'>καὶ</span> <span class='ocrx_word' id='word_1_364' title='bbox 1964 4240 2182 4296; x_wconf 83' lang='grc' dir='ltr'>πλείονα</span> 
     </span>
    </p>
   </div>
   <div class='ocr_carea' id='block_1_48' title="bbox 597 4319 2181 4395">
    <p class='ocr_par' dir='ltr' id='par_1_48' title="bbox 597 4319 2181 4395">
     <span class='ocr_line' id='line_1_48' title="bbox 597 4319 2181 4395; baseline 0.004 -22"><span class='ocrx_word' id='word_1_365' title='bbox 597 4323 727 4391; x_wconf 82' lang='grc' dir='ltr'>παρ’</span> <span class='ocrx_word' id='word_1_366' title='bbox 777 4320 942 4375; x_wconf 88' lang='grc' dir='ltr'>αὐτοῦ</span> <span class='ocrx_word' id='word_1_367' title='bbox 995 4319 1209 4373; x_wconf 75' lang='grc' dir='ltr'>εὔνοιαν</span> <span class='ocrx_word' id='word_1_368' title='bbox 1270 4322 1671 4391; x_wconf 84' lang='grc' dir='ltr'>ἐπισπώμενος,</span> <span class='ocrx_word' id='word_1_369' title='bbox 1732 4323 1823 4376; x_wconf 79' lang='grc' dir='ltr'>τὸν</span> <span class='ocrx_word' id='word_1_370' title='bbox 1884 4325 2035 4395; x_wconf 88' lang='grc' dir='ltr'>παρά</span> <span class='ocrx_word' id='word_1_371' title='bbox 2085 4325 2181 4379; x_wconf 89' lang='grc' dir='ltr'>σοῦ</span> 
     </span>
    </p>
   </div>
   <div class='ocr_carea' id='block_1_49' title="bbox 598 4402 2182 4477">
    <p class='ocr_par' dir='ltr' id='par_1_49' title="bbox 598 4402 2182 4477">
     <span class='ocr_line' id='line_1_49' title="bbox 598 4402 2182 4477; baseline 0.003 -19"><span class='ocrx_word' id='word_1_372' title='bbox 598 4405 829 4459; x_wconf 88' lang='grc' dir='ltr'>πλοῦτον</span> <span class='ocrx_word' id='word_1_373' title='bbox 851 4403 913 4456; x_wconf 87' lang='grc' dir='ltr'>οὐ</span> <span class='ocrx_word' id='word_1_374' title='bbox 938 4403 1251 4474; x_wconf 88' lang='grc' dir='ltr'>προσίεμαι.</span> <span class='ocrx_word' id='word_1_375' title='bbox 1278 4404 1377 4457; x_wconf 84' lang='grc' dir='ltr'>Διά</span> <span class='ocrx_word' id='word_1_376' title='bbox 1395 4403 1554 4457; x_wconf 89' lang='grc' dir='ltr'>τοῦτο</span> <span class='ocrx_word' id='word_1_377' title='bbox 1573 4404 1654 4467; x_wconf 84' lang='grc' dir='ltr'>δέ,</span> <span class='ocrx_word' id='word_1_378' title='bbox 1676 4406 1754 4469; x_wconf 87' lang='grc' dir='ltr'>ὡς</span> <span class='ocrx_word' id='word_1_379' title='bbox 1777 4402 1950 4477; x_wconf 72' lang='grc' dir='ltr'>οἶμαι,</span> <span class='ocrx_word' id='word_1_380' title='bbox 1978 4408 2071 4462; x_wconf 76' lang='lat' dir='ltr'><strong><em>xal</em></strong></span> <span class='ocrx_word' id='word_1_381' title='bbox 2093 4408 2182 4462; x_wconf 78' lang='grc' dir='ltr'>τὸν</span> 
     </span>
    </p>
   </div>
   <div class='ocr_carea' id='block_1_50' title="bbox 597 4483 2183 4564">
    <p class='ocr_par' dir='ltr' id='par_1_50' title="bbox 597 4483 2183 4564">
     <span class='ocr_line' id='line_1_50' title="bbox 597 4483 2183 4564; baseline 0.006 -24"><span class='ocrx_word' id='word_1_382' title='bbox 597 4491 759 4561; x_wconf 78' lang='grc' dir='ltr'>ὅρκον</span> <span class='ocrx_word' id='word_1_383' title='bbox 817 4486 1145 4559; x_wconf 78' lang='grc' dir='ltr'>προσέθηκε,</span> <span class='ocrx_word' id='word_1_384' title='bbox 1194 4486 1290 4540; x_wconf 72' lang='grc' dir='ltr'>καὶ</span> <span class='ocrx_word' id='word_1_385' title='bbox 1336 4483 1507 4552; x_wconf 74' lang='grc' dir='ltr'>εἶπεν,</span> <span class='ocrx_word' id='word_1_386' title='bbox 1570 4488 1824 4543; x_wconf 82' lang='grc' dir='ltr'>Ἑκτενῶ</span> <span class='ocrx_word' id='word_1_387' title='bbox 1866 4491 1982 4559; x_wconf 79' lang='grc' dir='ltr'>τὴν</span> <span class='ocrx_word' id='word_1_388' title='bbox 2016 4494 2183 4564; x_wconf 80' lang='grc' dir='ltr'>χεῖρά</span> 
     </span>
    </p>
   </div>
   <div class='ocr_carea' id='block_1_51' title="bbox 595 4568 2181 4651">
    <p class='ocr_par' dir='ltr' id='par_1_51' title="bbox 595 4568 2181 4651">
     <span class='ocr_line' id='line_1_51' title="bbox 595 4568 2181 4651; baseline 0.004 -25"><span class='ocrx_word' id='word_1_389' title='bbox 595 4590 714 4643; x_wconf 83' lang='grc' dir='ltr'>μου</span> <span class='ocrx_word' id='word_1_390' title='bbox 753 4571 904 4640; x_wconf 79' lang='grc' dir='ltr'>πρὸς</span> <span class='ocrx_word' id='word_1_391' title='bbox 942 4569 1050 4623; x_wconf 89' lang='grc' dir='ltr'><em>τὸν</em></span> <span class='ocrx_word' id='word_1_392' title='bbox 1092 4568 1241 4623; x_wconf 80' lang='grc' dir='ltr'><em>Θεὸν</em></span> <span class='ocrx_word' id='word_1_393' title='bbox 1281 4570 1389 4624; x_wconf 88' lang='grc' dir='ltr'><em>τὸν</em></span> <span class='ocrx_word' id='word_1_394' title='bbox 1429 4571 1714 4651; x_wconf 73' lang='grc' dir='ltr'>ὕψιστον,</span> <span class='ocrx_word' id='word_1_395' title='bbox 1751 4574 1836 4627; x_wconf 84' lang='grc' dir='ltr'>ἵνα</span> <span class='ocrx_word' id='word_1_396' title='bbox 1880 4575 1954 4648; x_wconf 82' lang='grc' dir='ltr'>μὴ</span> <span class='ocrx_word' id='word_1_397' title='bbox 1986 4578 2181 4651; x_wconf 79' lang='grc' dir='ltr'>νομίσῃ</span> 
     </span>
    </p>
   </div>
   <div class='ocr_carea' id='block_1_52' title="bbox 598 4650 2181 4727">
    <p class='ocr_par' dir='ltr' id='par_1_52' title="bbox 598 4650 2181 4727">
     <span class='ocr_line' id='line_1_52' title="bbox 598 4650 2181 4727; baseline 0.001 -15"><span class='ocrx_word' id='word_1_398' title='bbox 598 4654 785 4718; x_wconf 77' lang='grc' dir='ltr'>ἁπλῶς</span> <span class='ocrx_word' id='word_1_399' title='bbox 817 4653 979 4709; x_wconf 78' lang='grc' dir='ltr'>αὐτὸν</span> <span class='ocrx_word' id='word_1_400' title='bbox 1013 4653 1463 4724; x_wconf 77' lang='grc' dir='ltr'>σχηματίζεσθαι,</span> <span class='ocrx_word' id='word_1_401' title='bbox 1508 4650 1598 4711; x_wconf 76' lang='grc' dir='ltr'>οἷα</span> <span class='ocrx_word' id='word_1_402' title='bbox 1640 4657 1960 4727; x_wconf 85' lang='grc' dir='ltr'>συμϐαίνειν</span> <span class='ocrx_word' id='word_1_403' title='bbox 2014 4662 2181 4725; x_wconf 78' lang='grc' dir='ltr'>εἰκός·</span> 
     </span>
    </p>
   </div>
   <div class='ocr_carea' id='block_1_53' title="bbox 599 4736 2186 4815">
    <p class='ocr_par' dir='ltr' id='par_1_53' title="bbox 599 4736 2186 4815">
     <span class='ocr_line' id='line_1_53' title="bbox 599 4736 2186 4815; baseline 0.004 -23"><span class='ocrx_word' id='word_1_404' title='bbox 599 4739 716 4793; x_wconf 88' lang='grc' dir='ltr'>ἀλλ’</span> <span class='ocrx_word' id='word_1_405' title='bbox 746 4738 833 4792; x_wconf 85' lang='grc' dir='ltr'>ῖνα</span> <span class='ocrx_word' id='word_1_406' title='bbox 878 4736 1025 4809; x_wconf 81' lang='grc' dir='ltr'>μάθῃ</span> <span class='ocrx_word' id='word_1_407' title='bbox 1057 4737 1138 4789; x_wconf 77' lang='grc' dir='ltr'>ὅτι</span> <span class='ocrx_word' id='word_1_408' title='bbox 1171 4736 1327 4789; x_wconf 90' lang='grc' dir='ltr'>τοῦτο</span> <span class='ocrx_word' id='word_1_409' title='bbox 1359 4736 1508 4808; x_wconf 82' lang='grc' dir='ltr'>αὐτῷ</span> <span class='ocrx_word' id='word_1_410' title='bbox 1545 4739 1812 4805; x_wconf 87' lang='grc' dir='ltr'>δέδοκται,</span> <span class='ocrx_word' id='word_1_411' title='bbox 1853 4742 1915 4796; x_wconf 82' lang='grc' dir='ltr'>τὺ</span> <span class='ocrx_word' id='word_1_412' title='bbox 1952 4743 2087 4815; x_wconf 83' lang='grc' dir='ltr'>μηδὲ</span> <span class='ocrx_word' id='word_1_413' title='bbox 2126 4745 2186 4797; x_wconf 81' lang='grc' dir='ltr'>τὸ</span> 
     </span>
    </p>
   </div>
   <div class='ocr_carea' id='block_1_54' title="bbox 598 4818 2186 4899">
    <p class='ocr_par' dir='ltr' id='par_1_54' title="bbox 598 4818 2186 4899">
     <span class='ocr_line' id='line_1_54' title="bbox 598 4818 2186 4899; baseline -0.004 -22"><span class='ocrx_word' id='word_1_414' title='bbox 598 4822 762 4894; x_wconf 80' lang='grc' dir='ltr'>τυχὸν</span> <span class='ocrx_word' id='word_1_415' title='bbox 795 4821 1005 4875; x_wconf 85' lang='grc' dir='ltr'>ἐκεῖθεν</span> <span class='ocrx_word' id='word_1_416' title='bbox 1030 4818 1406 4890; x_wconf 86' lang='grc' dir='ltr'>νοσφίσασθαι.</span> <span class='ocrx_word' id='word_1_417' title='bbox 1442 4822 1549 4875; x_wconf 90' lang='lat' dir='ltr'>Kal</span> <span class='ocrx_word' id='word_1_418' title='bbox 1590 4822 1828 4895; x_wconf 75' lang='grc' dir='ltr'>ἐπλήρου</span> <span class='ocrx_word' id='word_1_419' title='bbox 1874 4827 1936 4879; x_wconf 83' lang='grc' dir='ltr'>τὸ</span> <span class='ocrx_word' id='word_1_420' title='bbox 1967 4829 2186 4899; x_wconf 79' lang='grc' dir='ltr'>παράγ-</span> 
     </span>
    </p>
   </div>
   <div class='ocr_carea' id='block_1_55' title="bbox 600 4901 2188 4979">
    <p class='ocr_par' dir='ltr' id='par_1_55' title="bbox 600 4901 2188 4979">
     <span class='ocr_line' id='line_1_55' title="bbox 600 4901 2188 4979; baseline 0.001 -20"><span class='ocrx_word' id='word_1_421' title='bbox 600 4907 779 4979; x_wconf 87' lang='grc' dir='ltr'>γελμα</span> <span class='ocrx_word' id='word_1_422' title='bbox 808 4907 984 4959; x_wconf 83' lang='grc' dir='ltr'>ἐκεῖνο</span> <span class='ocrx_word' id='word_1_423' title='bbox 1014 4904 1074 4957; x_wconf 84' lang='grc' dir='ltr'>τὸ</span> <span class='ocrx_word' id='word_1_424' title='bbox 1095 4902 1243 4976; x_wconf 81' lang='grc' dir='ltr'>παρὰ</span> <span class='ocrx_word' id='word_1_425' title='bbox 1266 4901 1361 4956; x_wconf 88' lang='grc' dir='ltr'>τοῦ</span> <span class='ocrx_word' id='word_1_426' title='bbox 1401 4904 1638 4973; x_wconf 89' lang='grc' dir='ltr'>Χριστοῦ</span> <span class='ocrx_word' id='word_1_427' title='bbox 1669 4909 1782 4969; x_wconf 89' lang='grc' dir='ltr'>τοῖς</span> <span class='ocrx_word' id='word_1_428' title='bbox 1821 4908 2089 4979; x_wconf 85' lang='grc' dir='ltr'>μαθηταῖς</span> <span class='ocrx_word' id='word_1_429' title='bbox 2118 4914 2188 4964; x_wconf 87' lang='grc' dir='ltr'>εἰ-</span> 
     </span>
    </p>
   </div>
   <div class='ocr_carea' id='block_1_56' title="bbox 602 4986 2185 5065">
    <p class='ocr_par' dir='ltr' id='par_1_56' title="bbox 602 4986 2185 5065">
     <span class='ocr_line' id='line_1_56' title="bbox 602 4986 2185 5065; baseline 0.003 -22"><span class='ocrx_word' id='word_1_430' title='bbox 602 4991 859 5062; x_wconf 86' lang='grc' dir='ltr'>ρημένον·</span> <span class='ocrx_word' id='word_1_431' title='bbox 917 4987 1150 5057; x_wconf 86' lang='grc' dir='ltr'>Δωρεὰν</span> <span class='ocrx_word' id='word_1_432' title='bbox 1179 4986 1444 5050; x_wconf 77' lang='grc' dir='ltr'>ἐλάϐετε,</span> <span class='ocrx_word' id='word_1_433' title='bbox 1478 4986 1703 5057; x_wconf 84' lang='grc' dir='ltr'>δωρεὰν</span> <span class='ocrx_word' id='word_1_434' title='bbox 1746 4990 1903 5046; x_wconf 85' lang='grc' dir='ltr'>δότε.</span> <span class='ocrx_word' id='word_1_435' title='bbox 1944 4995 2036 5064; x_wconf 85' lang='grc' dir='ltr'>Μὴ</span> <span class='ocrx_word' id='word_1_436' title='bbox 2080 4994 2185 5065; x_wconf 85' lang='grc' dir='ltr'>γάρ</span> 
     </span>
    </p>
   </div>
   <div class='ocr_carea' id='block_1_57' title="bbox 601 5072 2186 5147">
    <p class='ocr_par' dir='ltr' id='par_1_57' title="bbox 601 5072 2186 5147">
     <span class='ocr_line' id='line_1_57' title="bbox 601 5072 2186 5147; baseline 0.003 -21"><span class='ocrx_word' id='word_1_437' title='bbox 601 5073 714 5143; x_wconf 81' lang='grc' dir='ltr'>ἐγώ</span> <span class='ocrx_word' id='word_1_438' title='bbox 742 5090 794 5126; x_wconf 90' lang='grc' dir='ltr'>τι</span> <span class='ocrx_word' id='word_1_439' title='bbox 819 5073 1023 5136; x_wconf 85' lang='grc' dir='ltr'>πλεῖον,</span> <span class='ocrx_word' id='word_1_440' title='bbox 1048 5072 1233 5143; x_wconf 73' lang='grc' dir='ltr'>φησὶν,</span> <span class='ocrx_word' id='word_1_441' title='bbox 1262 5072 1556 5142; x_wconf 82' lang='grc' dir='ltr'>εἰσήνεγκα</span> <span class='ocrx_word' id='word_1_442' title='bbox 1582 5074 1661 5136; x_wconf 86' lang='grc' dir='ltr'>είς</span> <span class='ocrx_word' id='word_1_443' title='bbox 1692 5072 1790 5144; x_wconf 79' lang='grc' dir='ltr'>τὴν</span> <span class='ocrx_word' id='word_1_444' title='bbox 1819 5074 1913 5129; x_wconf 87' lang='grc' dir='ltr'>τοῦ</span> <span class='ocrx_word' id='word_1_445' title='bbox 1948 5077 2186 5147; x_wconf 87' lang='grc' dir='ltr'>πολέμου</span> 
     </span>
    </p>
   </div>
   <div class='ocr_carea' id='block_1_58' title="bbox 602 5153 2184 5231">
    <p class='ocr_par' dir='ltr' id='par_1_58' title="bbox 602 5153 2184 5231">
     <span class='ocr_line' id='line_1_58' title="bbox 602 5153 2184 5231; baseline 0.001 -20"><span class='ocrx_word' id='word_1_446' title='bbox 602 5157 878 5219; x_wconf 86' lang='grc' dir='ltr'>ὑπόθεσιν,</span> <span class='ocrx_word' id='word_1_447' title='bbox 905 5158 940 5228; x_wconf 76' lang='grc' dir='ltr'>ἢ</span> <span class='ocrx_word' id='word_1_448' title='bbox 981 5156 1142 5227; x_wconf 91' lang='grc' dir='ltr'>μόνον</span> <span class='ocrx_word' id='word_1_449' title='bbox 1177 5155 1277 5227; x_wconf 80' lang='grc' dir='ltr'>τὴν</span> <span class='ocrx_word' id='word_1_450' title='bbox 1314 5153 1540 5226; x_wconf 82' lang='grc' dir='ltr'>γνώμην</span> <span class='ocrx_word' id='word_1_451' title='bbox 1571 5156 1665 5209; x_wconf 82' lang='grc' dir='ltr'>καὶ</span> <span class='ocrx_word' id='word_1_452' title='bbox 1705 5157 1805 5227; x_wconf 65' lang='grc' dir='ltr'>τὴν</span> <span class='ocrx_word' id='word_1_453' title='bbox 1845 5158 2184 5231; x_wconf 85' lang='grc' dir='ltr'>προθυμίαν;</span> 
     </span>
    </p>
   </div>
   <div class='ocr_carea' id='block_1_59' title="bbox 602 5237 2185 5316">
    <p class='ocr_par' dir='ltr' id='par_1_59' title="bbox 602 5237 2185 5316">
     <span class='ocr_line' id='line_1_59' title="bbox 602 5237 2185 5316; baseline 0.003 -23"><span class='ocrx_word' id='word_1_454' title='bbox 602 5241 717 5311; x_wconf 82' lang='grc' dir='ltr'>Τὴν</span> <span class='ocrx_word' id='word_1_455' title='bbox 768 5239 825 5295; x_wconf 84' lang='grc' dir='ltr'>δὲ</span> <span class='ocrx_word' id='word_1_456' title='bbox 884 5240 1042 5310; x_wconf 88' lang='grc' dir='ltr'>νίκην</span> <span class='ocrx_word' id='word_1_457' title='bbox 1101 5239 1196 5293; x_wconf 74' lang='grc' dir='ltr'>καὶ</span> <span class='ocrx_word' id='word_1_458' title='bbox 1230 5239 1294 5291; x_wconf 83' lang='grc' dir='ltr'>τὸ</span> <span class='ocrx_word' id='word_1_459' title='bbox 1330 5237 1613 5309; x_wconf 87' lang='grc' dir='ltr'>τρόπαιον,</span> <span class='ocrx_word' id='word_1_460' title='bbox 1646 5240 1741 5294; x_wconf 80' lang='grc' dir='ltr'>καὶ</span> <span class='ocrx_word' id='word_1_461' title='bbox 1784 5240 1851 5294; x_wconf 90' lang='grc' dir='ltr'>τά</span> <span class='ocrx_word' id='word_1_462' title='bbox 1880 5241 2013 5295; x_wconf 85' lang='grc' dir='ltr'>ἀλλα</span> <span class='ocrx_word' id='word_1_463' title='bbox 2034 5240 2185 5316; x_wconf 76' lang='lat'>[559]</span> 
     </span>
    </p>
   </div>
   <div class='ocr_carea' id='block_1_60' title="bbox 600 5323 2186 5398">
    <p class='ocr_par' dir='ltr' id='par_1_60' title="bbox 600 5323 2186 5398">
     <span class='ocr_line' id='line_1_60' title="bbox 600 5323 2186 5398; baseline 0.003 -20"><span class='ocrx_word' id='word_1_464' title='bbox 600 5325 783 5378; x_wconf 88' lang='grc' dir='ltr'>πάντα</span> <span class='ocrx_word' id='word_1_465' title='bbox 820 5326 983 5388; x_wconf 82' lang='grc' dir='ltr'>αὐτὸς</span> <span class='ocrx_word' id='word_1_466' title='bbox 1014 5324 1313 5395; x_wconf 72' lang='grc' dir='ltr'>εἰργάσατο</span> <span class='ocrx_word' id='word_1_467' title='bbox 1332 5327 1399 5395; x_wconf 85' lang='grc' dir='ltr'>τῇ</span> <span class='ocrx_word' id='word_1_468' title='bbox 1432 5326 1649 5397; x_wconf 86' lang='grc' dir='ltr'>ἀοράτῳ</span> <span class='ocrx_word' id='word_1_469' title='bbox 1670 5325 1917 5398; x_wconf 90' lang='grc' dir='ltr'>δυνάμει.</span> <span class='ocrx_word' id='word_1_470' title='bbox 1942 5323 2075 5383; x_wconf 77' lang='grc' dir='ltr'>Εἶτα</span> <span class='ocrx_word' id='word_1_471' title='bbox 2100 5329 2186 5384; x_wconf 72' lang='grc' dir='ltr'>ἵνα</span> 
     </span>
    </p>
   </div>
   <div class='ocr_carea' id='block_1_61' title="bbox 606 5407 2191 5484">
    <p class='ocr_par' dir='ltr' id='par_1_61' title="bbox 606 5407 2191 5484">
     <span class='ocr_line' id='line_1_61' title="bbox 606 5407 2191 5484; baseline 0.001 -22"><span class='ocrx_word' id='word_1_472' title='bbox 606 5410 683 5481; x_wconf 81' lang='grc' dir='ltr'>μὴ</span> <span class='ocrx_word' id='word_1_473' title='bbox 705 5409 904 5481; x_wconf 81' lang='grc' dir='ltr'>νομίσῃ</span> <span class='ocrx_word' id='word_1_474' title='bbox 928 5409 957 5460; x_wconf 86' lang='grc' dir='ltr'>ὁ</span> <span class='ocrx_word' id='word_1_475' title='bbox 980 5407 1252 5478; x_wconf 83' lang='grc' dir='ltr'>βασιλεὺς,</span> <span class='ocrx_word' id='word_1_476' title='bbox 1278 5408 1360 5460; x_wconf 84' lang='grc' dir='ltr'>ὅτι</span> <span class='ocrx_word' id='word_1_477' title='bbox 1378 5407 1445 5460; x_wconf 82' lang='grc' dir='ltr'>δι’</span> <span class='ocrx_word' id='word_1_478' title='bbox 1466 5408 1768 5479; x_wconf 79' lang='grc' dir='ltr'>ὑπεροψίαν</span> <span class='ocrx_word' id='word_1_479' title='bbox 1792 5409 1887 5464; x_wconf 71' lang='grc' dir='ltr'>καὶ</span> <span class='ocrx_word' id='word_1_480' title='bbox 1915 5411 2191 5484; x_wconf 87' lang='grc' dir='ltr'>καταφρό-</span> 
     </span>
    </p>
   </div>
   <div class='ocr_carea' id='block_1_62' title="bbox 602 5491 2189 5565">
    <p class='ocr_par' dir='ltr' id='par_1_62' title="bbox 602 5491 2189 5565">
     <span class='ocr_line' id='line_1_62' title="bbox 602 5491 2189 5565; baseline 0.003 -18"><span class='ocrx_word' id='word_1_481' title='bbox 602 5510 758 5565; x_wconf 91' lang='grc' dir='ltr'>νησιν</span> <span class='ocrx_word' id='word_1_482' title='bbox 797 5493 861 5547; x_wconf 90' lang='grc' dir='ltr'>οὐ</span> <span class='ocrx_word' id='word_1_483' title='bbox 892 5492 1178 5564; x_wconf 88' lang='grc' dir='ltr'>προσίεται</span> <span class='ocrx_word' id='word_1_484' title='bbox 1206 5491 1276 5545; x_wconf 91' lang='grc' dir='ltr'>τά</span> <span class='ocrx_word' id='word_1_485' title='bbox 1311 5493 1443 5562; x_wconf 84' lang='grc' dir='ltr'>παρ’</span> <span class='ocrx_word' id='word_1_486' title='bbox 1470 5492 1637 5546; x_wconf 90' lang='grc' dir='ltr'>αὐτοῦ</span> <span class='ocrx_word' id='word_1_487' title='bbox 1671 5494 1944 5565; x_wconf 84' lang='grc' dir='ltr'>διδόμενα,</span> <span class='ocrx_word' id='word_1_488' title='bbox 1973 5496 2189 5563; x_wconf 85' lang='grc' dir='ltr'>δεικνὺς</span> 
     </span>
    </p>
   </div>
   <div class='ocr_carea' id='block_1_63' title="bbox 604 5576 2189 5653">
    <p class='ocr_par' dir='ltr' id='par_1_63' title="bbox 604 5576 2189 5653">
     <span class='ocr_line' id='line_1_63' title="bbox 604 5576 2189 5653; baseline 0.002 -20"><span class='ocrx_word' id='word_1_489' title='bbox 604 5576 770 5653; x_wconf 79' lang='grc' dir='ltr'>αὐτοῦ</span> <span class='ocrx_word' id='word_1_490' title='bbox 804 5577 897 5630; x_wconf 74' lang='grc' dir='ltr'>καὶ</span> <span class='ocrx_word' id='word_1_491' title='bbox 926 5579 983 5629; x_wconf 90' lang='grc' dir='ltr'>ἐν</span> <span class='ocrx_word' id='word_1_492' title='bbox 1012 5576 1189 5648; x_wconf 87' lang='grc' dir='ltr'>τούτῳ</span> <span class='ocrx_word' id='word_1_493' title='bbox 1228 5576 1288 5630; x_wconf 76' lang='grc' dir='ltr'>τὺ</span> <span class='ocrx_word' id='word_1_494' title='bbox 1327 5578 1556 5649; x_wconf 77' lang='grc' dir='ltr'>ἥμερον,</span> <span class='ocrx_word' id='word_1_495' title='bbox 1593 5578 1688 5632; x_wconf 78' lang='grc' dir='ltr'>καὶ</span> <span class='ocrx_word' id='word_1_496' title='bbox 1718 5579 1820 5649; x_wconf 88' lang='grc' dir='ltr'>τῆς</span> <span class='ocrx_word' id='word_1_497' title='bbox 1860 5580 2087 5652; x_wconf 87' lang='grc' dir='ltr'>γνώμης</span> <span class='ocrx_word' id='word_1_498' title='bbox 2128 5584 2189 5637; x_wconf 78' lang='grc' dir='ltr'>τὸ</span> 
     </span>
    </p>
   </div>
   <div class='ocr_carea' id='block_1_64' title="bbox 574 5658 2189 5737">
    <p class='ocr_par' dir='ltr' id='par_1_64' title="bbox 574 5658 2189 5737">
     <span class='ocr_line' id='line_1_64' title="bbox 574 5658 2189 5737; baseline 0.008 -26"><span class='ocrx_word' id='word_1_499' title='bbox 574 5704 577 5711; x_wconf 76' lang='grc'>,</span> <span class='ocrx_word' id='word_1_500' title='bbox 605 5663 917 5732; x_wconf 87' lang='grc' dir='ltr'>φιλόσοφον,</span> <span class='ocrx_word' id='word_1_501' title='bbox 949 5663 1133 5733; x_wconf 86' lang='grc' dir='ltr'>φησίν·</span> <span class='ocrx_word' id='word_1_502' title='bbox 1161 5663 1225 5716; x_wconf 86' lang='grc' dir='ltr'>οὐ</span> <span class='ocrx_word' id='word_1_503' title='bbox 1254 5662 1517 5734; x_wconf 78' lang='grc' dir='ltr'>λήψομαι,</span> <span class='ocrx_word' id='word_1_504' title='bbox 1552 5665 1725 5733; x_wconf 76' lang='grc' dir='ltr'>Πλὴν</span> <span class='ocrx_word' id='word_1_505' title='bbox 1751 5658 1839 5718; x_wconf 85' lang='grc' dir='ltr'>ὧν</span> <span class='ocrx_word' id='word_1_506' title='bbox 1873 5668 2099 5737; x_wconf 71' lang='grc' dir='ltr'>ἔφαγον</span> <span class='ocrx_word' id='word_1_507' title='bbox 2134 5673 2189 5724; x_wconf 82' lang='grc' dir='ltr'>οί</span> 
     </span>
    </p>
   </div>
   <div class='ocr_carea' id='block_1_65' title="bbox 593 5745 2190 5821">
    <p class='ocr_par' dir='ltr' id='par_1_65' title="bbox 593 5745 2190 5821">
     <span class='ocr_line' id='line_1_65' title="bbox 593 5745 2190 5821; baseline 0.006 -24"><span class='ocrx_word' id='word_1_508' title='bbox 593 5747 937 5810; x_wconf 64' lang='grc' dir='ltr'>νεανίσκοι,</span> <span class='ocrx_word' id='word_1_509' title='bbox 960 5745 1189 5814; x_wconf 80' lang='grc' dir='ltr'>καὶτῆς</span> <span class='ocrx_word' id='word_1_510' title='bbox 1208 5747 1451 5814; x_wconf 78' lang='grc' dir='ltr'>μερίδος</span> <span class='ocrx_word' id='word_1_511' title='bbox 1482 5747 1603 5801; x_wconf 86' lang='grc' dir='ltr'>τῶν</span> <span class='ocrx_word' id='word_1_512' title='bbox 1632 5748 1871 5816; x_wconf 83' lang='grc' dir='ltr'>ἀνδρῶν</span> <span class='ocrx_word' id='word_1_513' title='bbox 1893 5750 2013 5803; x_wconf 86' lang='grc' dir='ltr'>τῶν</span> <span class='ocrx_word' id='word_1_514' title='bbox 2038 5765 2190 5821; x_wconf 84' lang='grc' dir='ltr'>συμ-</span> 
     </span>
    </p>
   </div>
   <div class='ocr_carea' id='block_1_66' title="bbox 606 5829 2181 5904">
    <p class='ocr_par' dir='ltr' id='par_1_66' title="bbox 606 5829 2181 5904">
     <span class='ocr_line' id='line_1_66' title="bbox 606 5829 2181 5904; baseline 0.006 -23"><span class='ocrx_word' id='word_1_515' title='bbox 606 5829 1015 5895; x_wconf 76' lang='grc' dir='ltr'>πορευθέντων</span> <span class='ocrx_word' id='word_1_516' title='bbox 1034 5832 1161 5899; x_wconf 74' lang='grc' dir='ltr'>μετ’</span> <span class='ocrx_word' id='word_1_517' title='bbox 1182 5831 1347 5899; x_wconf 82' lang='grc' dir='ltr'>ἐμοῦ,</span> <span class='ocrx_word' id='word_1_518' title='bbox 1379 5831 1636 5900; x_wconf 80' lang='grc' dir='ltr'>Ἐσχὼλ,</span> <span class='ocrx_word' id='word_1_519' title='bbox 1663 5832 1890 5896; x_wconf 81' lang='grc' dir='ltr'>Λὺνᾶν,</span> <span class='ocrx_word' id='word_1_520' title='bbox 1912 5833 2181 5904; x_wconf 58' lang='grc' dir='ltr'>Μαμϐρῆ</span> 
     </span>
    </p>
   </div>
   <div class='ocr_carea' id='block_1_67' title="bbox 600 5905 2190 5991">
    <p class='ocr_par' dir='ltr' id='par_1_67' title="bbox 600 5905 2190 5991">
     <span class='ocr_line' id='line_1_67' title="bbox 600 5905 2190 5991; baseline 0.006 -28"><span class='ocrx_word' id='word_1_521' title='bbox 600 5905 774 5991; x_wconf 63' lang='grc' dir='ltr'>⁸οὗτοι</span> <span class='ocrx_word' id='word_1_522' title='bbox 797 5912 1097 5980; x_wconf 72' lang='grc' dir='ltr'>λήψονται</span> <span class='ocrx_word' id='word_1_523' title='bbox 1119 5913 1351 5981; x_wconf 78' lang='grc' dir='ltr'>μερίδα.</span> <span class='ocrx_word' id='word_1_524' title='bbox 1383 5913 1622 5977; x_wconf 83' lang='grc' dir='ltr'>Τουτοις,</span> <span class='ocrx_word' id='word_1_525' title='bbox 1666 5917 1817 5985; x_wconf 71' lang='grc' dir='ltr'>φησὶ,</span> <span class='ocrx_word' id='word_1_526' title='bbox 1853 5919 2190 5991; x_wconf 87' lang='grc' dir='ltr'>συγχωρήσω</span> 
     </span>
    </p>
   </div>
   <div class='ocr_carea' id='block_1_68' title="bbox 608 5989 2189 6075">
    <p class='ocr_par' dir='ltr' id='par_1_68' title="bbox 608 5989 2189 6075">
     <span class='ocr_line' id='line_1_68' title="bbox 608 5989 2189 6075; baseline 0.009 -32"><span class='ocrx_word' id='word_1_527' title='bbox 608 5989 796 6045; x_wconf 76' lang='grc' dir='ltr'>λαϐεῖν</span> <span class='ocrx_word' id='word_1_528' title='bbox 824 6011 943 6048; x_wconf 88' lang='grc' dir='ltr'>τινα</span> <span class='ocrx_word' id='word_1_529' title='bbox 979 5994 1195 6065; x_wconf 85' lang='grc' dir='ltr'>μερίδα,</span> <span class='ocrx_word' id='word_1_530' title='bbox 1224 5995 1425 6066; x_wconf 52' lang='grc' dir='ltr'>Δἐπειδὴ</span> <span class='ocrx_word' id='word_1_531' title='bbox 1473 5996 1670 6070; x_wconf 75' lang='grc' dir='ltr'>πολλῆς</span> <span class='ocrx_word' id='word_1_532' title='bbox 1705 5999 1884 6068; x_wconf 82' lang='grc' dir='ltr'>φιλίας</span> <span class='ocrx_word' id='word_1_533' title='bbox 1915 5989 2189 6075; x_wconf 74' lang='grc' dir='ltr'>τεκμήρια</span> 
     </span>
    </p>
   </div>
   <div class='ocr_carea' id='block_1_69' title="bbox 1303 352 2184 416">
    <p class='ocr_par' dir='ltr' id='par_1_69' title="bbox 1303 352 2184 411">
     <span class='ocr_line' id='line_1_69' title="bbox 1303 352 2184 411; baseline 0.002 -4"><span class='ocrx_word' id='word_1_534' title='bbox 1399 352 1687 411; x_wconf 78' lang='lat' dir='ltr'>JOANNIS</span> <span class='ocrx_word' id='word_1_535' title='bbox 1722 353 2184 411; x_wconf 71' lang='lat' dir='ltr'>CHRYSOSTOM</span> 
     </span>
    </p>
   </div>
   <div class='ocr_carea' id='block_1_70' title="bbox 2288 352 3165 416">
    <p class='ocr_par' dir='ltr' id='par_1_70' title="bbox 2288 355 3165 416">
     <span class='ocr_line' id='line_1_70' title="bbox 2288 355 3165 416; baseline -0.001 -3"><span class='ocrx_word' id='word_1_536' title='bbox 2288 355 2578 414; x_wconf 63' lang='lat' dir='ltr'>MCIIIEP.</span> <span class='ocrx_word' id='word_1_537' title='bbox 2612 357 3165 416; x_wconf 74' lang='lat' dir='ltr'>CONSTANTINOP.</span> 
     </span>
    </p>
   </div>
   <div class='ocr_carea' id='block_1_71' title="bbox 3769 356 3881 412">
    <p class='ocr_par' dir='ltr' id='par_1_71' title="bbox 3769 356 3881 412">
     <span class='ocr_line' id='line_1_71' title="bbox 3769 356 3881 412; baseline -0.009 0"><span class='ocrx_word' id='word_1_538' title='bbox 3769 356 3881 412; x_wconf 67' lang='lat'><strong>330</strong></span> 
     </span>
    </p>
   </div>
   <div class='ocr_carea' id='block_1_72' title="bbox 2298 468 3888 546">
    <p class='ocr_par' dir='ltr' id='par_1_72' title="bbox 2298 468 3888 546">
     <span class='ocr_line' id='line_1_72' title="bbox 2298 468 3888 546; baseline 0.006 -22"><span class='ocrx_word' id='word_1_539' title='bbox 2298 472 2662 538; x_wconf 80' lang='grc' dir='ltr'>ἐπεδείξαντο.</span> <span class='ocrx_word' id='word_1_540' title='bbox 2730 470 2905 530; x_wconf 76' lang='grc' dir='ltr'>θῦτοι</span> <span class='ocrx_word' id='word_1_541' title='bbox 2961 474 3104 546; x_wconf 83' lang='grc' dir='ltr'>γάρ,</span> <span class='ocrx_word' id='word_1_542' title='bbox 3176 478 3347 542; x_wconf 62' lang='grc' dir='ltr'>φηοὶ,</span> <span class='ocrx_word' id='word_1_543' title='bbox 3410 468 3751 539; x_wconf 80' lang='grc' dir='ltr'>συνωμόται</span> <span class='ocrx_word' id='word_1_544' title='bbox 3802 472 3888 534; x_wconf 73' lang='grc' dir='ltr'>τῴ</span> 
     </span>
    </p>
   </div>
   <div class='ocr_carea' id='block_1_73' title="bbox 2299 551 3886 625">
    <p class='ocr_par' dir='ltr' id='par_1_73' title="bbox 2299 551 3886 625">
     <span class='ocr_line' id='line_1_73' title="bbox 2299 551 3886 625; baseline -0.004 -14"><span class='ocrx_word' id='word_1_545' title='bbox 2299 556 2536 625; x_wconf 79' lang='grc' dir='ltr'>Ἄϐραμ,</span> <span class='ocrx_word' id='word_1_546' title='bbox 2568 557 2714 611; x_wconf 76' lang='grc' dir='ltr'>τοῦτ’</span> <span class='ocrx_word' id='word_1_547' title='bbox 2752 558 2921 622; x_wconf 81' lang='grc' dir='ltr'>ἐστιν,</span> <span class='ocrx_word' id='word_1_548' title='bbox 2951 560 3030 622; x_wconf 82' lang='grc' dir='ltr'>εἰς</span> <span class='ocrx_word' id='word_1_549' title='bbox 3056 555 3233 625; x_wconf 84' lang='grc' dir='ltr'>φιλίαν</span> <span class='ocrx_word' id='word_1_550' title='bbox 3260 554 3614 625; x_wconf 86' lang='grc' dir='ltr'>συνημμένοι·</span> <span class='ocrx_word' id='word_1_551' title='bbox 3641 551 3886 605; x_wconf 79' lang='grc' dir='ltr'>καὶτοῦ-</span> 
     </span>
    </p>
   </div>
   <div class='ocr_carea' id='block_1_74' title="bbox 2292 636 3889 706">
    <p class='ocr_par' dir='ltr' id='par_1_74' title="bbox 2292 636 3889 706">
     <span class='ocr_line' id='line_1_74' title="bbox 2292 636 3889 706; baseline -0.003 -15"><span class='ocrx_word' id='word_1_552' title='bbox 2292 655 2354 691; x_wconf 92' lang='grc' dir='ltr'>το</span> <span class='ocrx_word' id='word_1_553' title='bbox 2382 639 2621 695; x_wconf 88' lang='grc' dir='ltr'>δείκνυσι</span> <span class='ocrx_word' id='word_1_554' title='bbox 2661 642 2723 694; x_wconf 75' lang='grc' dir='ltr'>τὸ</span> <span class='ocrx_word' id='word_1_555' title='bbox 2754 641 2971 696; x_wconf 83' lang='grc' dir='ltr'>ἑλέσθαι</span> <span class='ocrx_word' id='word_1_556' title='bbox 3010 641 3207 701; x_wconf 76' lang='grc' dir='ltr'>αὐτοὺς</span> <span class='ocrx_word' id='word_1_557' title='bbox 3240 637 3567 706; x_wconf 85' lang='grc' dir='ltr'>κοινωνῆσαι</span> <span class='ocrx_word' id='word_1_558' title='bbox 3594 636 3743 705; x_wconf 83' lang='grc' dir='ltr'>αὐτῷ</span> <span class='ocrx_word' id='word_1_559' title='bbox 3775 652 3889 688; x_wconf 81' lang='grc' dir='ltr'>των</span> 
     </span>
    </p>
   </div>
   <div class='ocr_carea' id='block_1_75' title="bbox 2294 720 3888 791">
    <p class='ocr_par' dir='ltr' id='par_1_75' title="bbox 2294 720 3888 791">
     <span class='ocr_line' id='line_1_75' title="bbox 2294 720 3888 791; baseline -0.003 -16"><span class='ocrx_word' id='word_1_560' title='bbox 2294 723 2576 777; x_wconf 85' lang='grc' dir='ltr'>κινδύνων.</span> <span class='ocrx_word' id='word_1_561' title='bbox 2625 724 2724 778; x_wconf 86' lang='grc' dir='ltr'>Διά</span> <span class='ocrx_word' id='word_1_562' title='bbox 2764 725 2924 778; x_wconf 88' lang='grc' dir='ltr'>τοῦτο</span> <span class='ocrx_word' id='word_1_563' title='bbox 2961 724 3056 777; x_wconf 60' lang='grc' dir='ltr'>καί⁵</span> <span class='ocrx_word' id='word_1_564' title='bbox 3086 722 3250 785; x_wconf 82' lang='grc' dir='ltr'>αὐτὸς</span> <span class='ocrx_word' id='word_1_565' title='bbox 3296 721 3655 791; x_wconf 87' lang='grc' dir='ltr'>ἀμειϐόμενος</span> <span class='ocrx_word' id='word_1_566' title='bbox 3684 720 3888 781; x_wconf 70' lang='grc' dir='ltr'>αὐτοὺς</span> 
     </span>
    </p>
   </div>
   <div class='ocr_carea' id='block_1_76' title="bbox 2293 803 3888 881">
    <p class='ocr_par' dir='ltr' id='par_1_76' title="bbox 2293 803 3888 881">
     <span class='ocr_line' id='line_1_76' title="bbox 2293 803 3888 881; baseline -0.004 -20"><span class='ocrx_word' id='word_1_567' title='bbox 2293 808 2702 878; x_wconf 74' lang='grc' dir='ltr'>παρασκευάζει</span> <span class='ocrx_word' id='word_1_568' title='bbox 2727 809 2921 881; x_wconf 86' lang='grc' dir='ltr'>μερίδα</span> <span class='ocrx_word' id='word_1_569' title='bbox 2942 808 3066 861; x_wconf 89' lang='grc' dir='ltr'>τινά</span> <span class='ocrx_word' id='word_1_570' title='bbox 3087 807 3291 874; x_wconf 88' lang='grc' dir='ltr'>λαϐεῖν,</span> <span class='ocrx_word' id='word_1_571' title='bbox 3316 807 3411 860; x_wconf 72' lang='grc' dir='ltr'>καὶ</span> <span class='ocrx_word' id='word_1_572' title='bbox 3436 808 3494 860; x_wconf 83' lang='grc' dir='ltr'>ὲν</span> <span class='ocrx_word' id='word_1_573' title='bbox 3523 804 3696 875; x_wconf 87' lang='grc' dir='ltr'>τούτῳ</span> <span class='ocrx_word' id='word_1_574' title='bbox 3719 803 3888 857; x_wconf 88' lang='grc' dir='ltr'>πάλιν</span> 
     </span>
    </p>
   </div>
   <div class='ocr_carea' id='block_1_77' title="bbox 2290 889 3887 963">
    <p class='ocr_par' dir='ltr' id='par_1_77' title="bbox 2290 889 3887 963">
     <span class='ocr_line' id='line_1_77' title="bbox 2290 889 3887 963; baseline -0.002 -21"><span class='ocrx_word' id='word_1_575' title='bbox 2290 889 2383 943; x_wconf 75' lang='grc' dir='ltr'>τὸν</span> <span class='ocrx_word' id='word_1_576' title='bbox 2413 891 2769 946; x_wconf 81' lang='grc' dir='ltr'>ἀποστολικὺν</span> <span class='ocrx_word' id='word_1_577' title='bbox 2789 893 2952 963; x_wconf 85' lang='grc' dir='ltr'>νόμον</span> <span class='ocrx_word' id='word_1_578' title='bbox 2980 891 3201 963; x_wconf 81' lang='grc' dir='ltr'>πληρῶν</span> <span class='ocrx_word' id='word_1_579' title='bbox 3220 891 3309 944; x_wconf 86' lang='grc' dir='ltr'>τὸν</span> <span class='ocrx_word' id='word_1_580' title='bbox 3340 890 3587 959; x_wconf 88' lang='grc' dir='ltr'>λέγοντα,</span> <span class='ocrx_word' id='word_1_581' title='bbox 3624 889 3821 951; x_wconf 75' lang='grc' dir='ltr'>Ἄξιος</span> <span class='ocrx_word' id='word_1_582' title='bbox 3852 889 3887 939; x_wconf 86' lang='grc' dir='ltr'><em>ὀ</em></span> 
     </span>
    </p>
   </div>
   <div class='ocr_carea' id='block_1_78' title="bbox 2289 972 3885 1047">
    <p class='ocr_par' dir='ltr' id='par_1_78' title="bbox 2289 972 3885 1047">
     <span class='ocr_line' id='line_1_78' title="bbox 2289 972 3885 1047; baseline -0.009 -9"><span class='ocrx_word' id='word_1_583' title='bbox 2289 972 2543 1043; x_wconf 78' lang='grc' dir='ltr'>ἐργάτης</span> <span class='ocrx_word' id='word_1_584' title='bbox 2590 974 2697 1041; x_wconf 83' lang='grc' dir='ltr'>τῆς</span> <span class='ocrx_word' id='word_1_585' title='bbox 2744 974 2971 1047; x_wconf 69' lang='grc' dir='ltr'>τροφῆς</span> <span class='ocrx_word' id='word_1_586' title='bbox 3024 977 3211 1031; x_wconf 85' lang='grc' dir='ltr'>αὐτοῦ</span> <span class='ocrx_word' id='word_1_587' title='bbox 3255 976 3444 1029; x_wconf 82' lang='grc' dir='ltr'>ἐστιν.</span> <span class='ocrx_word' id='word_1_588' title='bbox 3493 973 3629 1027; x_wconf 84' lang='grc' dir='ltr'>Οὑδέ</span> <span class='ocrx_word' id='word_1_589' title='bbox 3682 972 3790 1045; x_wconf 90' lang='grc' dir='ltr'>γάρ</span> <span class='ocrx_word' id='word_1_590' title='bbox 3830 984 3885 1024; x_wconf 84' lang='grc' dir='ltr'>τι</span> 
     </span>
    </p>
   </div>
   <div class='ocr_carea' id='block_1_79' title="bbox 2292 1054 3880 1129">
    <p class='ocr_par' dir='ltr' id='par_1_79' title="bbox 2292 1054 3880 1129">
     <span class='ocr_line' id='line_1_79' title="bbox 2292 1054 3880 1129; baseline -0.001 -19"><span class='ocrx_word' id='word_1_591' title='bbox 2292 1057 2453 1111; x_wconf 81' lang='grc' dir='ltr'>πλέον</span> <span class='ocrx_word' id='word_1_592' title='bbox 2482 1059 2581 1128; x_wconf 84' lang='grc' dir='ltr'>τῆς</span> <span class='ocrx_word' id='word_1_593' title='bbox 2608 1060 2798 1129; x_wconf 84' lang='grc' dir='ltr'>χρείας</span> <span class='ocrx_word' id='word_1_594' title='bbox 2842 1060 3038 1123; x_wconf 75' lang='grc' dir='ltr'>αὐτοὺς</span> <span class='ocrx_word' id='word_1_595' title='bbox 3064 1059 3251 1113; x_wconf 89' lang='grc' dir='ltr'>λαϐεῖν</span> <span class='ocrx_word' id='word_1_596' title='bbox 3282 1058 3499 1129; x_wconf 86' lang='grc' dir='ltr'>ἀφίησι·</span> <span class='ocrx_word' id='word_1_597' title='bbox 3546 1054 3722 1123; x_wconf 73' lang='grc' dir='ltr'>Πλὴν</span> <span class='ocrx_word' id='word_1_598' title='bbox 3747 1054 3880 1126; x_wconf 83' lang='grc' dir='ltr'>γάρ,</span> 
     </span>
    </p>
   </div>
   <div class='ocr_carea' id='block_1_80' title="bbox 2291 1138 3882 1212">
    <p class='ocr_par' dir='ltr' id='par_1_80' title="bbox 2291 1138 3882 1212">
     <span class='ocr_line' id='line_1_80' title="bbox 2291 1138 3882 1212; baseline -0.003 -17"><span class='ocrx_word' id='word_1_599' title='bbox 2291 1142 2476 1211; x_wconf 76' lang='grc' dir='ltr'>φησὶν,</span> <span class='ocrx_word' id='word_1_600' title='bbox 2509 1138 2598 1195; x_wconf 86' lang='grc' dir='ltr'>ὧν</span> <span class='ocrx_word' id='word_1_601' title='bbox 2632 1143 2861 1212; x_wconf 64' lang='grc' dir='ltr'>ἔφαγον</span> <span class='ocrx_word' id='word_1_602' title='bbox 2902 1148 2957 1197; x_wconf 77' lang='grc' dir='ltr'>οἱ</span> <span class='ocrx_word' id='word_1_603' title='bbox 2995 1145 3325 1205; x_wconf 78' lang='grc' dir='ltr'>νεακίσκοι,</span> <span class='ocrx_word' id='word_1_604' title='bbox 3365 1142 3463 1195; x_wconf 74' lang='grc' dir='ltr'>καί</span> <span class='ocrx_word' id='word_1_605' title='bbox 3491 1138 3602 1208; x_wconf 84' lang='grc' dir='ltr'>τῆς</span> <span class='ocrx_word' id='word_1_606' title='bbox 3634 1138 3882 1209; x_wconf 78' lang='grc' dir='ltr'>μερίδος</span> 
     </span>
    </p>
   </div>
   <div class='ocr_carea' id='block_1_81' title="bbox 2289 1221 3879 1295">
    <p class='ocr_par' dir='ltr' id='par_1_81' title="bbox 2289 1221 3879 1295">
     <span class='ocr_line' id='line_1_81' title="bbox 2289 1221 3879 1295; baseline -0.001 -17"><span class='ocrx_word' id='word_1_607' title='bbox 2289 1224 2410 1278; x_wconf 88' lang='grc' dir='ltr'>τῶν</span> <span class='ocrx_word' id='word_1_608' title='bbox 2439 1226 2981 1293; x_wconf 79' lang='grc' dir='ltr'>συμπορευθέντων</span> <span class='ocrx_word' id='word_1_609' title='bbox 3008 1229 3135 1294; x_wconf 81' lang='grc' dir='ltr'>μετ’</span> <span class='ocrx_word' id='word_1_610' title='bbox 3156 1225 3324 1295; x_wconf 84' lang='grc' dir='ltr'>ἐμοῦ,</span> <span class='ocrx_word' id='word_1_611' title='bbox 3361 1225 3617 1294; x_wconf 72' lang='grc' dir='ltr'>Ἑσχὼλ,</span> <span class='ocrx_word' id='word_1_612' title='bbox 3647 1221 3879 1285; x_wconf 66' lang='lat' dir='ltr'>Ain-«ir.</span> 
     </span>
    </p>
   </div>
   <div class='ocr_carea' id='block_1_82' title="bbox 2289 1302 3878 1378">
    <p class='ocr_par' dir='ltr' id='par_1_82' title="bbox 2289 1302 3878 1378">
     <span class='ocr_line' id='line_1_82' title="bbox 2289 1302 3878 1378; baseline 0.006 -17"><span class='ocrx_word' id='word_1_613' title='bbox 2289 1307 2560 1376; x_wconf 80' lang='grc' dir='ltr'>Μαμϐρῆ·</span> <span class='ocrx_word' id='word_1_614' title='bbox 2586 1304 2751 1364; x_wconf 85' lang='grc' dir='ltr'>οὗτοι</span> <span class='ocrx_word' id='word_1_615' title='bbox 2779 1309 3062 1378; x_wconf 69' lang='grc' dir='ltr'>λήψοντα</span> <span class='ocrx_word' id='word_1_616' title='bbox 3102 1309 3330 1378; x_wconf 69' lang='grc' dir='ltr'>μερίδα.</span> <span class='ocrx_word' id='word_1_617' title='bbox 3362 1308 3527 1362; x_wconf 83' lang='grc' dir='ltr'>Ἴδετε</span> <span class='ocrx_word' id='word_1_618' title='bbox 3547 1308 3649 1378; x_wconf 85' lang='grc' dir='ltr'>τῆς</span> <span class='ocrx_word' id='word_1_619' title='bbox 3673 1302 3878 1378; x_wconf 80' lang='grc' dir='ltr'>ἀρετῆς</span> 
     </span>
    </p>
   </div>
   <div class='ocr_carea' id='block_1_83' title="bbox 2288 1390 3878 1463">
    <p class='ocr_par' dir='ltr' id='par_1_83' title="bbox 2288 1390 3878 1463">
     <span class='ocr_line' id='line_1_83' title="bbox 2288 1390 3878 1463; baseline -0.001 -20"><span class='ocrx_word' id='word_1_620' title='bbox 2288 1391 2383 1444; x_wconf 88' lang='grc' dir='ltr'>τοῦ</span> <span class='ocrx_word' id='word_1_621' title='bbox 2418 1391 2755 1462; x_wconf 85' lang='grc' dir='ltr'>πατριάρχου</span> <span class='ocrx_word' id='word_1_622' title='bbox 2789 1392 2887 1462; x_wconf 84' lang='grc' dir='ltr'>τὴν</span> <span class='ocrx_word' id='word_1_623' title='bbox 2920 1391 3227 1460; x_wconf 85' lang='grc' dir='ltr'>ἀκρίϐειαν,</span> <span class='ocrx_word' id='word_1_624' title='bbox 3260 1391 3377 1456; x_wconf 89' lang='grc' dir='ltr'>πῶς</span> <span class='ocrx_word' id='word_1_625' title='bbox 3401 1391 3497 1445; x_wconf 70' lang='grc' dir='ltr'>καὶ</span> <span class='ocrx_word' id='word_1_626' title='bbox 3532 1392 3633 1463; x_wconf 79' lang='grc' dir='ltr'>τὴν</span> <span class='ocrx_word' id='word_1_627' title='bbox 3657 1390 3878 1461; x_wconf 80' lang='grc' dir='ltr'>φιλοσο-</span> 
     </span>
    </p>
   </div>
   <div class='ocr_carea' id='block_1_84' title="bbox 2290 1473 3880 1547">
    <p class='ocr_par' dir='ltr' id='par_1_84' title="bbox 2290 1473 3880 1547">
     <span class='ocr_line' id='line_1_84' title="bbox 2290 1473 3880 1547; baseline 0.001 -20"><span class='ocrx_word' id='word_1_628' title='bbox 2290 1475 2421 1543; x_wconf 89' lang='grc' dir='ltr'>φίαν</span> <span class='ocrx_word' id='word_1_629' title='bbox 2447 1473 2759 1539; x_wconf 78' lang='grc' dir='ltr'>ἐπεδείξατο</span> <span class='ocrx_word' id='word_1_630' title='bbox 2790 1474 2888 1546; x_wconf 83' lang='grc' dir='ltr'>τὴν</span> <span class='ocrx_word' id='word_1_631' title='bbox 2907 1476 3036 1546; x_wconf 79' lang='grc' dir='ltr'>περὶ</span> <span class='ocrx_word' id='word_1_632' title='bbox 3062 1475 3162 1547; x_wconf 76' lang='grc' dir='ltr'>τὴν</span> <span class='ocrx_word' id='word_1_633' title='bbox 3193 1475 3492 1546; x_wconf 80' lang='grc' dir='ltr'>ὑπεροψίαν</span> <span class='ocrx_word' id='word_1_634' title='bbox 3520 1475 3629 1528; x_wconf 91' lang='grc' dir='ltr'>τῶν</span> <span class='ocrx_word' id='word_1_635' title='bbox 3657 1474 3880 1545; x_wconf 69' lang='grc' dir='ltr'>χρημάι</span> 
     </span>
    </p>
   </div>
   <div class='ocr_carea' id='block_1_85' title="bbox 2288 1557 3878 1632">
    <p class='ocr_par' dir='ltr' id='par_1_85' title="bbox 2288 1557 3878 1632">
     <span class='ocr_line' id='line_1_85' title="bbox 2288 1557 3878 1632; baseline -0.001 -21"><span class='ocrx_word' id='word_1_636' title='bbox 2288 1576 2416 1623; x_wconf 87' lang='grc' dir='ltr'>των,</span> <span class='ocrx_word' id='word_1_637' title='bbox 2439 1558 2535 1611; x_wconf 79' lang='grc' dir='ltr'>καὶ</span> <span class='ocrx_word' id='word_1_638' title='bbox 2554 1557 2652 1628; x_wconf 79' lang='grc' dir='ltr'>τὴν</span> <span class='ocrx_word' id='word_1_639' title='bbox 2670 1559 3195 1632; x_wconf 79' lang='grc' dir='ltr'>ταπεινοφροσύνην,</span> <span class='ocrx_word' id='word_1_640' title='bbox 3227 1561 3321 1614; x_wconf 81' lang='grc' dir='ltr'>καὶ</span> <span class='ocrx_word' id='word_1_641' title='bbox 3348 1560 3525 1614; x_wconf 84' lang='grc' dir='ltr'>πάντα</span> <span class='ocrx_word' id='word_1_642' title='bbox 3544 1561 3707 1625; x_wconf 80' lang='grc' dir='ltr'>ποιεῖ,</span> <span class='ocrx_word' id='word_1_643' title='bbox 3730 1558 3878 1612; x_wconf 81' lang='grc' dir='ltr'>ὥστε</span> 
     </span>
    </p>
   </div>
   <div class='ocr_carea' id='block_1_86' title="bbox 2291 1641 3873 1714">
    <p class='ocr_par' dir='ltr' id='par_1_86' title="bbox 2291 1641 3873 1714">
     <span class='ocr_line' id='line_1_86' title="bbox 2291 1641 3873 1714; baseline 0.001 -19"><span class='ocrx_word' id='word_1_644' title='bbox 2291 1643 2366 1713; x_wconf 85' lang='grc' dir='ltr'>μὴ</span> <span class='ocrx_word' id='word_1_645' title='bbox 2398 1641 2548 1707; x_wconf 83' lang='grc' dir='ltr'>δόξαι</span> <span class='ocrx_word' id='word_1_646' title='bbox 2582 1642 2870 1713; x_wconf 80' lang='grc' dir='ltr'>ἀλαζονεία</span> <span class='ocrx_word' id='word_1_647' title='bbox 2893 1644 3000 1696; x_wconf 76' lang='grc' dir='ltr'>τινὶ</span> <span class='ocrx_word' id='word_1_648' title='bbox 3034 1644 3127 1696; x_wconf 74' lang='grc' dir='ltr'>καὶ</span> <span class='ocrx_word' id='word_1_649' title='bbox 3150 1646 3552 1714; x_wconf 79' lang='grc' dir='ltr'>καταφρονήσει</span> <span class='ocrx_word' id='word_1_650' title='bbox 3578 1643 3736 1697; x_wconf 86' lang='grc' dir='ltr'>τοῦτο</span> <span class='ocrx_word' id='word_1_651' title='bbox 3768 1658 3873 1696; x_wconf 87' lang='grc' dir='ltr'>πε-</span> 
     </span>
    </p>
   </div>
   <div class='ocr_carea' id='block_1_87' title="bbox 2288 1725 3875 1799">
    <p class='ocr_par' dir='ltr' id='par_1_87' title="bbox 2288 1725 3875 1799">
     <span class='ocr_line' id='line_1_87' title="bbox 2288 1725 3875 1799; baseline -0.001 -20"><span class='ocrx_word' id='word_1_652' title='bbox 2288 1725 2595 1796; x_wconf 86' lang='grc' dir='ltr'>ποιηκέναι,</span> <span class='ocrx_word' id='word_1_653' title='bbox 2627 1725 2723 1779; x_wconf 70' lang='grc' dir='ltr'>καὶ</span> <span class='ocrx_word' id='word_1_654' title='bbox 2744 1726 2831 1780; x_wconf 89' lang='grc' dir='ltr'>διά</span> <span class='ocrx_word' id='word_1_655' title='bbox 2854 1726 3010 1779; x_wconf 87' lang='grc' dir='ltr'>τοῦτο</span> <span class='ocrx_word' id='word_1_656' title='bbox 3036 1728 3179 1797; x_wconf 82' lang='grc' dir='ltr'>μέγα</span> <span class='ocrx_word' id='word_1_657' title='bbox 3211 1730 3426 1799; x_wconf 84' lang='grc' dir='ltr'>φρονεῖν</span> <span class='ocrx_word' id='word_1_658' title='bbox 3449 1727 3542 1779; x_wconf 74' lang='grc' dir='ltr'>ἐπὶ</span> <span class='ocrx_word' id='word_1_659' title='bbox 3566 1730 3631 1798; x_wconf 75' lang='grc' dir='ltr'>τῇ</span> <span class='ocrx_word' id='word_1_660' title='bbox 3652 1727 3779 1798; x_wconf 86' lang='grc' dir='ltr'>νίκῃ</span> <span class='ocrx_word' id='word_1_661' title='bbox 3804 1728 3875 1798; x_wconf 73' lang='grc' dir='ltr'>τῇ</span> 
     </span>
    </p>
   </div>
   <div class='ocr_carea' id='block_1_88' title="bbox 2286 1810 2670 1883">
    <p class='ocr_par' dir='ltr' id='par_1_88' title="bbox 2286 1810 2670 1883">
     <span class='ocr_line' id='line_1_88' title="bbox 2286 1810 2670 1883; baseline 0.003 -22"><span class='ocrx_word' id='word_1_662' title='bbox 2286 1826 2486 1881; x_wconf 88' lang='grc' dir='ltr'>γεγενη</span> <span class='ocrx_word' id='word_1_663' title='bbox 2495 1810 2635 1883; x_wconf 81' lang='grc' dir='ltr'>μένῃ</span> <span class='ocrx_word' id='word_1_664' title='bbox 2657 1825 2670 1874; x_wconf 88' lang='lat'><strong>;</strong></span> 
     </span>
    </p>
   </div>
   <div class='ocr_carea' id='block_1_89' title="bbox 2359 1891 3874 1965">
    <p class='ocr_par' dir='ltr' id='par_1_89' title="bbox 2359 1891 3874 1965">
     <span class='ocr_line' id='line_1_89' title="bbox 2359 1891 3874 1965; baseline -0.003 -18"><span class='ocrx_word' id='word_1_665' title='bbox 2359 1892 2424 1956; x_wconf 86' lang='grc' dir='ltr'>ζ’.</span> <span class='ocrx_word' id='word_1_666' title='bbox 2451 1891 2654 1945; x_wconf 87' lang='grc' dir='ltr'>Τοῦτον</span> <span class='ocrx_word' id='word_1_667' title='bbox 2686 1892 2750 1963; x_wconf 81' lang='grc' dir='ltr'>δὴ</span> <span class='ocrx_word' id='word_1_668' title='bbox 2774 1892 2869 1947; x_wconf 73' lang='grc' dir='ltr'>καὶ</span> <span class='ocrx_word' id='word_1_669' title='bbox 2886 1893 3048 1963; x_wconf 87' lang='grc' dir='ltr'>ήμεῖς</span> <span class='ocrx_word' id='word_1_670' title='bbox 3080 1891 3397 1965; x_wconf 85' lang='grc' dir='ltr'>μιμώμεθα,</span> <span class='ocrx_word' id='word_1_671' title='bbox 3420 1891 3743 1965; x_wconf 81' lang='grc' dir='ltr'>παρακαλῶ,</span> <span class='ocrx_word' id='word_1_672' title='bbox 3774 1892 3874 1944; x_wconf 77' lang='grc' dir='ltr'>καὶ.</span> 
     </span>
    </p>
   </div>
   <div class='ocr_carea' id='block_1_90' title="bbox 2289 1975 3875 2048">
    <p class='ocr_par' dir='ltr' id='par_1_90' title="bbox 2289 1975 3875 2048">
     <span class='ocr_line' id='line_1_90' title="bbox 2289 1975 3875 2048; baseline 0 -19"><span class='ocrx_word' id='word_1_673' title='bbox 2289 1975 2680 2045; x_wconf 83' lang='grc' dir='ltr'>σπουδάζωμεν</span> <span class='ocrx_word' id='word_1_674' title='bbox 2702 1977 2986 2048; x_wconf 83' lang='grc' dir='ltr'>ἀλήπτους</span> <span class='ocrx_word' id='word_1_675' title='bbox 3008 1978 3235 2042; x_wconf 79' lang='grc' dir='ltr'>ἑαυτοὺς</span> <span class='ocrx_word' id='word_1_676' title='bbox 3266 1978 3578 2047; x_wconf 84' lang='grc' dir='ltr'>φυλάττειν,</span> <span class='ocrx_word' id='word_1_677' title='bbox 3604 1977 3697 2031; x_wconf 77' lang='grc' dir='ltr'>καὶ</span> <span class='ocrx_word' id='word_1_678' title='bbox 3732 1976 3875 2046; x_wconf 84' lang='grc' dir='ltr'>μήτε</span> 
     </span>
    </p>
   </div>
   <div class='ocr_carea' id='block_1_91' title="bbox 2288 2058 3876 2132">
    <p class='ocr_par' dir='ltr' id='par_1_91' title="bbox 2288 2058 3876 2132">
     <span class='ocr_line' id='line_1_91' title="bbox 2288 2058 3876 2132; baseline 0.001 -19"><span class='ocrx_word' id='word_1_679' title='bbox 2288 2060 2559 2131; x_wconf 78' lang='grc' dir='ltr'>προφάσει</span> <span class='ocrx_word' id='word_1_680' title='bbox 2603 2058 2706 2129; x_wconf 87' lang='grc' dir='ltr'>τῆς</span> <span class='ocrx_word' id='word_1_681' title='bbox 2748 2060 2950 2131; x_wconf 86' lang='grc' dir='ltr'>ἀρετῆς</span> <span class='ocrx_word' id='word_1_682' title='bbox 2987 2061 3247 2126; x_wconf 90' lang='grc' dir='ltr'>ἀπονοίας</span> <span class='ocrx_word' id='word_1_683' title='bbox 3288 2064 3501 2125; x_wconf 75' lang='grc' dir='ltr'>ἑαυτοῖς</span> <span class='ocrx_word' id='word_1_684' title='bbox 3535 2060 3876 2132; x_wconf 79' lang='grc' dir='ltr'>περιτιθέναι</span> 
     </span>
    </p>
   </div>
   <div class='ocr_carea' id='block_1_92' title="bbox 2285 2142 3876 2215">
    <p class='ocr_par' dir='ltr' id='par_1_92' title="bbox 2285 2142 3876 2215">
     <span class='ocr_line' id='line_1_92' title="bbox 2285 2142 3876 2215; baseline 0.006 -20"><span class='ocrx_word' id='word_1_685' title='bbox 2285 2142 2462 2210; x_wconf 76' lang='grc' dir='ltr'>δόξαν,</span> <span class='ocrx_word' id='word_1_686' title='bbox 2499 2143 2634 2212; x_wconf 82' lang='grc' dir='ltr'>μηδὲ</span> <span class='ocrx_word' id='word_1_687' title='bbox 2684 2143 2957 2213; x_wconf 88' lang='grc' dir='ltr'>προφάσει</span> <span class='ocrx_word' id='word_1_688' title='bbox 2995 2144 3499 2215; x_wconf 85' lang='grc' dir='ltr'>ταπεινοφροσύνης</span> <span class='ocrx_word' id='word_1_689' title='bbox 3533 2144 3633 2214; x_wconf 89' lang='grc' dir='ltr'>τῆς</span> <span class='ocrx_word' id='word_1_690' title='bbox 3674 2144 3876 2215; x_wconf 76' lang='grc' dir='ltr'>ἀρετῆς</span> 
     </span>
    </p>
   </div>
   <div class='ocr_carea' id='block_1_93' title="bbox 2286 2226 3876 2300">
    <p class='ocr_par' dir='ltr' id='par_1_93' title="bbox 2286 2226 3876 2300">
     <span class='ocr_line' id='line_1_93' title="bbox 2286 2226 3876 2300; baseline -0.001 -22"><span class='ocrx_word' id='word_1_691' title='bbox 2286 2226 2638 2297; x_wconf 87' lang='grc' dir='ltr'>καταμελεῖν·</span> <span class='ocrx_word' id='word_1_692' title='bbox 2665 2226 2805 2279; x_wconf 88' lang='grc' dir='ltr'>ἀλλά</span> <span class='ocrx_word' id='word_1_693' title='bbox 2832 2226 3110 2298; x_wconf 88' lang='grc' dir='ltr'>πανταχοῦ</span> <span class='ocrx_word' id='word_1_694' title='bbox 3144 2227 3205 2281; x_wconf 78' lang='grc' dir='ltr'>τὸ</span> <span class='ocrx_word' id='word_1_695' title='bbox 3227 2229 3425 2300; x_wconf 81' lang='grc' dir='ltr'>μέτρον</span> <span class='ocrx_word' id='word_1_696' title='bbox 3449 2226 3754 2292; x_wconf 75' lang='grc' dir='ltr'>διασώζειν,</span> <span class='ocrx_word' id='word_1_697' title='bbox 3778 2226 3876 2279; x_wconf 76' lang='grc' dir='ltr'>καὶ</span> 
     </span>
    </p>
   </div>
   <div class='ocr_carea' id='block_1_94' title="bbox 2282 2308 3876 2382">
    <p class='ocr_par' dir='ltr' id='par_1_94' title="bbox 2282 2308 3876 2382">
     <span class='ocr_line' id='line_1_94' title="bbox 2282 2308 3876 2382; baseline 0 -20"><span class='ocrx_word' id='word_1_698' title='bbox 2282 2312 2395 2372; x_wconf 85' lang='grc' dir='ltr'>τοῖς</span> <span class='ocrx_word' id='word_1_699' title='bbox 2417 2308 2805 2381; x_wconf 87' lang='grc' dir='ltr'>κατορθώμασι</span> <span class='ocrx_word' id='word_1_700' title='bbox 2823 2312 2935 2373; x_wconf 85' lang='grc' dir='ltr'>τοῖς</span> <span class='ocrx_word' id='word_1_701' title='bbox 2954 2309 3045 2378; x_wconf 84' lang='grc' dir='ltr'>ὑφ’</span> <span class='ocrx_word' id='word_1_702' title='bbox 3062 2309 3217 2382; x_wconf 89' lang='grc' dir='ltr'>ὑμῶν</span> <span class='ocrx_word' id='word_1_703' title='bbox 3247 2320 3266 2341; x_wconf 86' lang='grc'><strong><em>⁸</em></strong></span> <span class='ocrx_word' id='word_1_704' title='bbox 3289 2312 3597 2381; x_wconf 81' lang='grc' dir='ltr'>γινομένοις</span> <span class='ocrx_word' id='word_1_705' title='bbox 3620 2309 3876 2377; x_wconf 83' lang='grc' dir='ltr'>καθάπερ</span> 
     </span>
    </p>
   </div>
   <div class='ocr_carea' id='block_1_95' title="bbox 2285 2391 3875 2465">
    <p class='ocr_par' dir='ltr' id='par_1_95' title="bbox 2285 2391 3875 2465">
     <span class='ocr_line' id='line_1_95' title="bbox 2285 2391 3875 2465; baseline -0.003 -19"><span class='ocrx_word' id='word_1_706' title='bbox 2285 2393 2533 2463; x_wconf 87' lang='grc' dir='ltr'>θεμέλιόν</span> <span class='ocrx_word' id='word_1_707' title='bbox 2571 2410 2694 2446; x_wconf 87' lang='grc' dir='ltr'>τινα</span> <span class='ocrx_word' id='word_1_708' title='bbox 2735 2392 2830 2446; x_wconf 83' lang='grc' dir='ltr'>καὶ</span> <span class='ocrx_word' id='word_1_709' title='bbox 2862 2392 3201 2465; x_wconf 81' lang='grc' dir='ltr'>ὑποϐάθραν,</span> <span class='ocrx_word' id='word_1_710' title='bbox 3239 2394 3338 2464; x_wconf 80' lang='grc' dir='ltr'>τὴν</span> <span class='ocrx_word' id='word_1_711' title='bbox 3369 2391 3875 2465; x_wconf 71' lang='grc' dir='ltr'>ταπεινοφροσύνην</span> 
     </span>
    </p>
   </div>
   <div class='ocr_carea' id='block_1_96' title="bbox 2286 2470 3877 2544">
    <p class='ocr_par' dir='ltr' id='par_1_96' title="bbox 2286 2470 3877 2544">
     <span class='ocr_line' id='line_1_96' title="bbox 2286 2470 3877 2544; baseline -0.001 -19"><span class='ocrx_word' id='word_1_712' title='bbox 2286 2472 2623 2536; x_wconf 77' lang='grc' dir='ltr'>ὑποτιθέναι,</span> <span class='ocrx_word' id='word_1_713' title='bbox 2655 2472 2742 2526; x_wconf 81' lang='grc' dir='ltr'>ἵνα</span> <span class='ocrx_word' id='word_1_714' title='bbox 2776 2472 2914 2542; x_wconf 90' lang='grc' dir='ltr'>μετά</span> <span class='ocrx_word' id='word_1_715' title='bbox 2942 2472 3244 2540; x_wconf 83' lang='grc' dir='ltr'>ἀσφαλείας</span> <span class='ocrx_word' id='word_1_716' title='bbox 3265 2475 3400 2544; x_wconf 62' lang='grc' dir='ltr'>⁴ἡμῖν</span> <span class='ocrx_word' id='word_1_717' title='bbox 3425 2471 3778 2542; x_wconf 73' lang='grc' dir='ltr'>οἰκοδομῆται</span> <span class='ocrx_word' id='word_1_718' title='bbox 3802 2470 3877 2523; x_wconf 86' lang='grc' dir='ltr'>τά</span> 
     </span>
    </p>
   </div>
   <div class='ocr_carea' id='block_1_97' title="bbox 2282 2555 3879 2629">
    <p class='ocr_par' dir='ltr' id='par_1_97' title="bbox 2282 2555 3879 2629">
     <span class='ocr_line' id='line_1_97' title="bbox 2282 2555 3879 2629; baseline -0.003 -19"><span class='ocrx_word' id='word_1_719' title='bbox 2282 2557 2381 2625; x_wconf 88' lang='grc' dir='ltr'>τῆς</span> <span class='ocrx_word' id='word_1_720' title='bbox 2413 2557 2634 2627; x_wconf 87' lang='grc' dir='ltr'>ἀρετῆς.</span> <span class='ocrx_word' id='word_1_721' title='bbox 2666 2555 2838 2608; x_wconf 90' lang='grc' dir='ltr'>Τοῦτο</span> <span class='ocrx_word' id='word_1_722' title='bbox 2874 2556 2985 2628; x_wconf 84' lang='grc' dir='ltr'>γὰρ</span> <span class='ocrx_word' id='word_1_723' title='bbox 3006 2556 3199 2629; x_wconf 79' lang='grc' dir='ltr'>ἀρετὴ,</span> <span class='ocrx_word' id='word_1_724' title='bbox 3232 2558 3362 2610; x_wconf 83' lang='grc' dir='ltr'>ὅταν</span> <span class='ocrx_word' id='word_1_725' title='bbox 3392 2556 3491 2629; x_wconf 75' lang='grc' dir='ltr'>ἔχῃ</span> <span class='ocrx_word' id='word_1_726' title='bbox 3518 2555 3725 2625; x_wconf 85' lang='grc' dir='ltr'>ταύτην</span> <span class='ocrx_word' id='word_1_727' title='bbox 3749 2570 3879 2606; x_wconf 81' lang='grc' dir='ltr'>συν-</span> 
     </span>
    </p>
   </div>
   <div class='ocr_carea' id='block_1_98' title="bbox 2284 2638 3880 2712">
    <p class='ocr_par' dir='ltr' id='par_1_98' title="bbox 2284 2638 3880 2712">
     <span class='ocr_line' id='line_1_98' title="bbox 2284 2638 3880 2712; baseline -0.003 -19"><span class='ocrx_word' id='word_1_728' title='bbox 2284 2640 2640 2711; x_wconf 81' lang='grc' dir='ltr'>εζευγμένην.</span> <span class='ocrx_word' id='word_1_729' title='bbox 2686 2640 2746 2693; x_wconf 85' lang='lat'><strong>&#39;0</strong></span> <span class='ocrx_word' id='word_1_730' title='bbox 2773 2639 2882 2711; x_wconf 91' lang='grc' dir='ltr'>γάρ</span> <span class='ocrx_word' id='word_1_731' title='bbox 2917 2639 3106 2693; x_wconf 88' lang='grc' dir='ltr'>τοῦτον</span> <span class='ocrx_word' id='word_1_732' title='bbox 3148 2642 3289 2712; x_wconf 88' lang='grc' dir='ltr'>μετά</span> <span class='ocrx_word' id='word_1_733' title='bbox 3314 2641 3617 2710; x_wconf 82' lang='grc' dir='ltr'>ἀσφαλείας</span> <span class='ocrx_word' id='word_1_734' title='bbox 3664 2640 3754 2692; x_wconf 68' lang='grc' dir='ltr'>τὺν</span> <span class='ocrx_word' id='word_1_735' title='bbox 3786 2638 3880 2690; x_wconf 86' lang='grc' dir='ltr'>θε-</span> 
     </span>
    </p>
   </div>
   <div class='ocr_carea' id='block_1_99' title="bbox 2286 2722 3878 2797">
    <p class='ocr_par' dir='ltr' id='par_1_99' title="bbox 2286 2722 3878 2797">
     <span class='ocr_line' id='line_1_99' title="bbox 2286 2722 3878 2797; baseline -0.001 -20"><span class='ocrx_word' id='word_1_736' title='bbox 2286 2724 2469 2795; x_wconf 88' lang='grc' dir='ltr'>μέλιον</span> <span class='ocrx_word' id='word_1_737' title='bbox 2493 2722 2816 2777; x_wconf 89' lang='grc' dir='ltr'>καταϐαλὼν</span> <span class='ocrx_word' id='word_1_738' title='bbox 2844 2725 3133 2794; x_wconf 88' lang='grc' dir='ltr'>δυνήσεται</span> <span class='ocrx_word' id='word_1_739' title='bbox 3164 2724 3301 2797; x_wconf 78' lang='grc' dir='ltr'>πρὸς</span> <span class='ocrx_word' id='word_1_740' title='bbox 3320 2726 3447 2779; x_wconf 80' lang='grc' dir='ltr'>ὅσον</span> <span class='ocrx_word' id='word_1_741' title='bbox 3469 2723 3714 2796; x_wconf 80' lang='grc' dir='ltr'>βούλεται</span> <span class='ocrx_word' id='word_1_742' title='bbox 3737 2722 3878 2793; x_wconf 66' lang='grc' dir='ltr'>ὕψος</span> 
     </span>
    </p>
   </div>
   <div class='ocr_carea' id='block_1_100' title="bbox 2282 2806 3877 2880">
    <p class='ocr_par' dir='ltr' id='par_1_100' title="bbox 2282 2806 3877 2880">
     <span class='ocr_line' id='line_1_100' title="bbox 2282 2806 3877 2880; baseline 0.001 -20"><span class='ocrx_word' id='word_1_743' title='bbox 2282 2809 2493 2878; x_wconf 87' lang='grc' dir='ltr'>ἐγεῖραι</span> <span class='ocrx_word' id='word_1_744' title='bbox 2525 2806 2624 2875; x_wconf 75' lang='grc' dir='ltr'>τὴν</span> <span class='ocrx_word' id='word_1_745' title='bbox 2639 2806 2951 2878; x_wconf 74' lang='grc' dir='ltr'>οἰκοδομήν.</span> <span class='ocrx_word' id='word_1_746' title='bbox 2982 2807 3130 2880; x_wconf 77' lang='grc' dir='ltr'>Αῦτη</span> <span class='ocrx_word' id='word_1_747' title='bbox 3160 2810 3393 2880; x_wconf 87' lang='grc' dir='ltr'>μεγίστη</span> <span class='ocrx_word' id='word_1_748' title='bbox 3417 2808 3708 2875; x_wconf 80' lang='grc' dir='ltr'>ἀσφάλεια,</span> <span class='ocrx_word' id='word_1_749' title='bbox 3728 2806 3877 2877; x_wconf 76' lang='grc' dir='ltr'>αὕτη</span> 
     </span>
    </p>
   </div>
   <div class='ocr_carea' id='block_1_101' title="bbox 2282 2888 3876 2961">
    <p class='ocr_par' dir='ltr' id='par_1_101' title="bbox 2282 2888 3876 2961">
     <span class='ocr_line' id='line_1_101' title="bbox 2282 2888 3876 2961; baseline -0.001 -17"><span class='ocrx_word' id='word_1_750' title='bbox 2282 2893 2457 2959; x_wconf 88' lang='grc' dir='ltr'>τεῖχος</span> <span class='ocrx_word' id='word_1_751' title='bbox 2497 2890 2758 2961; x_wconf 76' lang='grc' dir='ltr'>ἀρῤαγὲς,</span> <span class='ocrx_word' id='word_1_752' title='bbox 2804 2891 2942 2961; x_wconf 87' lang='grc' dir='ltr'>αῦτη</span> <span class='ocrx_word' id='word_1_753' title='bbox 2986 2890 3193 2961; x_wconf 80' lang='grc' dir='ltr'>πύργος</span> <span class='ocrx_word' id='word_1_754' title='bbox 3238 2891 3682 2961; x_wconf 80' lang='grc' dir='ltr'>ἀκαταμάχητος,</span> <span class='ocrx_word' id='word_1_755' title='bbox 3730 2888 3876 2959; x_wconf 76' lang='grc' dir='ltr'>αὕτη</span> 
     </span>
    </p>
   </div>
   <div class='ocr_carea' id='block_1_102' title="bbox 2284 2972 3878 3044">
    <p class='ocr_par' dir='ltr' id='par_1_102' title="bbox 2284 2972 3878 3044">
     <span class='ocr_line' id='line_1_102' title="bbox 2284 2972 3878 3044; baseline 0.001 -21"><span class='ocrx_word' id='word_1_756' title='bbox 2284 2973 2464 3024; x_wconf 75' lang='grc' dir='ltr'>πᾶσαν</span> <span class='ocrx_word' id='word_1_757' title='bbox 2484 2973 2771 3041; x_wconf 76' lang='grc' dir='ltr'>συσφίγγει</span> <span class='ocrx_word' id='word_1_758' title='bbox 2802 2973 2898 3044; x_wconf 85' lang='grc' dir='ltr'>τὴν</span> <span class='ocrx_word' id='word_1_759' title='bbox 2928 2973 3240 3044; x_wconf 78' lang='grc' dir='ltr'>οἰκοδομὴν,</span> <span class='ocrx_word' id='word_1_760' title='bbox 3262 2974 3361 3027; x_wconf 91' lang='grc' dir='ltr'>οὐκ</span> <span class='ocrx_word' id='word_1_761' title='bbox 3382 2976 3601 3041; x_wconf 85' lang='grc' dir='ltr'>ἀφιεῖσα</span> <span class='ocrx_word' id='word_1_762' title='bbox 3625 2974 3744 3026; x_wconf 80' lang='grc' dir='ltr'>οῦτε</span> <span class='ocrx_word' id='word_1_763' title='bbox 3770 2972 3878 3026; x_wconf 77' lang='grc' dir='ltr'>ὑπὸ</span> 
     </span>
    </p>
   </div>
   <div class='ocr_carea' id='block_1_103' title="bbox 2283 3055 3874 3128">
    <p class='ocr_par' dir='ltr' id='par_1_103' title="bbox 2283 3055 3874 3128">
     <span class='ocr_line' id='line_1_103' title="bbox 2283 3055 3874 3128; baseline 0.001 -21"><span class='ocrx_word' id='word_1_764' title='bbox 2283 3055 2500 3123; x_wconf 84' lang='grc' dir='ltr'>ἀνέμων</span> <span class='ocrx_word' id='word_1_765' title='bbox 2531 3056 2912 3127; x_wconf 82' lang='grc' dir='ltr'>σφοδρότητος,</span> <span class='ocrx_word' id='word_1_766' title='bbox 2947 3057 3071 3110; x_wconf 82' lang='grc' dir='ltr'>οὐτε</span> <span class='ocrx_word' id='word_1_767' title='bbox 3103 3057 3337 3128; x_wconf 78' lang='grc' dir='ltr'>ὑπὸτῆς</span> <span class='ocrx_word' id='word_1_768' title='bbox 3375 3057 3483 3110; x_wconf 91' lang='grc' dir='ltr'>τῶν</span> <span class='ocrx_word' id='word_1_769' title='bbox 3510 3057 3733 3128; x_wconf 81' lang='grc' dir='ltr'>δμϐρων</span> <span class='ocrx_word' id='word_1_770' title='bbox 3774 3073 3874 3125; x_wconf 85' lang='grc' dir='ltr'>φο-</span> 
     </span>
    </p>
   </div>
   <div class='ocr_carea' id='block_1_104' title="bbox 2285 3138 3879 3212">
    <p class='ocr_par' dir='ltr' id='par_1_104' title="bbox 2285 3138 3879 3212">
     <span class='ocr_line' id='line_1_104' title="bbox 2285 3138 3879 3212; baseline 0.001 -20"><span class='ocrx_word' id='word_1_771' title='bbox 2285 3141 2406 3211; x_wconf 77' lang='grc' dir='ltr'>ράς,</span> <span class='ocrx_word' id='word_1_772' title='bbox 2442 3138 2565 3193; x_wconf 82' lang='grc' dir='ltr'>οὐτε</span> <span class='ocrx_word' id='word_1_773' title='bbox 2600 3141 2706 3194; x_wconf 79' lang='grc' dir='ltr'>ὑπὸ</span> <span class='ocrx_word' id='word_1_774' title='bbox 2727 3141 2829 3211; x_wconf 84' lang='grc' dir='ltr'>τῆς</span> <span class='ocrx_word' id='word_1_775' title='bbox 2858 3142 2968 3195; x_wconf 91' lang='grc' dir='ltr'>τῶν</span> <span class='ocrx_word' id='word_1_776' title='bbox 3002 3141 3329 3212; x_wconf 89' lang='grc' dir='ltr'>πνευμάτων</span> <span class='ocrx_word' id='word_1_777' title='bbox 3356 3140 3477 3211; x_wconf 89' lang='grc' dir='ltr'>βίας</span> <span class='ocrx_word' id='word_1_778' title='bbox 3505 3142 3675 3212; x_wconf 70' lang='grc' dir='ltr'>αὐτὴν</span> <span class='ocrx_word' id='word_1_779' title='bbox 3704 3157 3879 3194; x_wconf 80' lang='grc' dir='ltr'>κατα-</span> 
     </span>
    </p>
   </div>
   <div class='ocr_carea' id='block_1_105' title="bbox 2284 3223 3877 3295">
    <p class='ocr_par' dir='ltr' id='par_1_105' title="bbox 2284 3223 3877 3295">
     <span class='ocr_line' id='line_1_105' title="bbox 2284 3223 3877 3295; baseline -0.001 -17"><span class='ocrx_word' id='word_1_780' title='bbox 2284 3227 2490 3285; x_wconf 83' lang='grc' dir='ltr'>πεσεῖν,</span> <span class='ocrx_word' id='word_1_781' title='bbox 2529 3224 2645 3277; x_wconf 82' lang='grc' dir='ltr'>ἀλλ’</span> <span class='ocrx_word' id='word_1_782' title='bbox 2675 3226 2955 3294; x_wconf 83' lang='grc' dir='ltr'>ἀνωτέραν</span> <span class='ocrx_word' id='word_1_783' title='bbox 2993 3224 3282 3295; x_wconf 89' lang='grc' dir='ltr'>καθίστησι</span> <span class='ocrx_word' id='word_1_784' title='bbox 3335 3224 3517 3294; x_wconf 89' lang='grc' dir='ltr'>πάσης</span> <span class='ocrx_word' id='word_1_785' title='bbox 3559 3223 3877 3294; x_wconf 79' lang='grc' dir='ltr'>ἐπιϐουλῆς,</span> 
     </span>
    </p>
   </div>
   <div class='ocr_carea' id='block_1_106' title="bbox 2283 3306 3874 3379">
    <p class='ocr_par' dir='ltr' id='par_1_106' title="bbox 2283 3306 3874 3379">
     <span class='ocr_line' id='line_1_106' title="bbox 2283 3306 3874 3379; baseline -0.002 -17"><span class='ocrx_word' id='word_1_786' title='bbox 2283 3310 2379 3362; x_wconf 72' lang='grc' dir='ltr'>καὶ</span> <span class='ocrx_word' id='word_1_787' title='bbox 2420 3307 2672 3379; x_wconf 79' lang='grc' dir='ltr'>καθάπερ</span> <span class='ocrx_word' id='word_1_788' title='bbox 2709 3308 2769 3373; x_wconf 80' lang='grc' dir='ltr'>ἐξ</span> <span class='ocrx_word' id='word_1_789' title='bbox 2805 3308 3113 3379; x_wconf 87' lang='grc' dir='ltr'>ἀδάμαντός</span> <span class='ocrx_word' id='word_1_790' title='bbox 3153 3324 3296 3371; x_wconf 88' lang='grc' dir='ltr'>τινος</span> <span class='ocrx_word' id='word_1_791' title='bbox 3332 3306 3874 3377; x_wconf 79' lang='grc' dir='ltr'>κατεσκευασμένην,</span> 
     </span>
    </p>
   </div>
   <div class='ocr_carea' id='block_1_107' title="bbox 2282 3390 3879 3462">
    <p class='ocr_par' dir='ltr' id='par_1_107' title="bbox 2282 3390 3879 3462">
     <span class='ocr_line' id='line_1_107' title="bbox 2282 3390 3879 3462; baseline -0.001 -18"><span class='ocrx_word' id='word_1_792' title='bbox 2282 3392 2457 3459; x_wconf 82' lang='grc' dir='ltr'>οῦτως</span> <span class='ocrx_word' id='word_1_793' title='bbox 2490 3391 2661 3461; x_wconf 78' lang='grc' dir='ltr'>αὐτὴν</span> <span class='ocrx_word' id='word_1_794' title='bbox 2685 3390 2984 3462; x_wconf 86' lang='grc' dir='ltr'>ἀχείρωτον</span> <span class='ocrx_word' id='word_1_795' title='bbox 3010 3391 3325 3462; x_wconf 77' lang='grc' dir='ltr'>ἐργάζεται,</span> <span class='ocrx_word' id='word_1_796' title='bbox 3353 3391 3445 3444; x_wconf 77' lang='grc' dir='ltr'>καὶ</span> <span class='ocrx_word' id='word_1_797' title='bbox 3473 3390 3715 3460; x_wconf 88' lang='grc' dir='ltr'>μεγάλας</span> <span class='ocrx_word' id='word_1_798' title='bbox 3739 3392 3879 3461; x_wconf 78' lang='grc' dir='ltr'>ἡμῖν</span> 
     </span>
    </p>
   </div>
   <div class='ocr_carea' id='block_1_108' title="bbox 2283 3474 3880 3547">
    <p class='ocr_par' dir='ltr' id='par_1_108' title="bbox 2283 3474 3880 3547">
     <span class='ocr_line' id='line_1_108' title="bbox 2283 3474 3880 3547; baseline -0.002 -18"><span class='ocrx_word' id='word_1_799' title='bbox 2283 3474 2518 3546; x_wconf 73' lang='grc' dir='ltr'>ἀμοιϐὰς</span> <span class='ocrx_word' id='word_1_800' title='bbox 2548 3474 2699 3544; x_wconf 84' lang='grc' dir='ltr'>παρά</span> <span class='ocrx_word' id='word_1_801' title='bbox 2732 3474 2831 3544; x_wconf 87' lang='grc' dir='ltr'>τῆς</span> <span class='ocrx_word' id='word_1_802' title='bbox 2853 3474 2948 3529; x_wconf 88' lang='grc' dir='ltr'>τοῦ</span> <span class='ocrx_word' id='word_1_803' title='bbox 2980 3474 3361 3547; x_wconf 80' lang='grc' dir='ltr'>φιλανθρώπου</span> <span class='ocrx_word' id='word_1_804' title='bbox 3388 3474 3524 3528; x_wconf 87' lang='grc' dir='ltr'>Θεοῦ</span> <span class='ocrx_word' id='word_1_805' title='bbox 3544 3474 3753 3544; x_wconf 80' lang='grc' dir='ltr'>δωρεάς</span> <span class='ocrx_word' id='word_1_806' title='bbox 3778 3475 3880 3542; x_wconf 81' lang='grc' dir='ltr'>ἐφ·-</span> 
     </span>
    </p>
   </div>
   <div class='ocr_carea' id='block_1_109' title="bbox 2284 3555 3880 3630">
    <p class='ocr_par' dir='ltr' id='par_1_109' title="bbox 2284 3555 3880 3630">
     <span class='ocr_line' id='line_1_109' title="bbox 2284 3555 3880 3630; baseline 0.001 -19"><span class='ocrx_word' id='word_1_807' title='bbox 2284 3559 2519 3612; x_wconf 77' lang='grc' dir='ltr'>έλκεταιο</span> <span class='ocrx_word' id='word_1_808' title='bbox 2541 3558 2606 3611; x_wconf 83' lang='grc' dir='ltr'>δι’</span> <span class='ocrx_word' id='word_1_809' title='bbox 2627 3555 2697 3630; x_wconf 85' lang='grc' dir='ltr'>ἦς</span> <span class='ocrx_word' id='word_1_810' title='bbox 2728 3559 3073 3630; x_wconf 89' lang='grc' dir='ltr'>πατριάρχης</span> <span class='ocrx_word' id='word_1_811' title='bbox 3098 3557 3369 3613; x_wconf 89' lang='grc' dir='ltr'>τοσούτων</span> <span class='ocrx_word' id='word_1_812' title='bbox 3394 3558 3504 3611; x_wconf 90' lang='grc' dir='ltr'>τῶν</span> <span class='ocrx_word' id='word_1_813' title='bbox 3529 3559 3880 3627; x_wconf 83' lang='grc' dir='ltr'>ἐπαγγελιῶν</span> 
     </span>
    </p>
   </div>
   <div class='ocr_carea' id='block_1_110' title="bbox 2282 3640 3880 3714">
    <p class='ocr_par' dir='ltr' id='par_1_110' title="bbox 2282 3640 3880 3714">
     <span class='ocr_line' id='line_1_110' title="bbox 2282 3640 3880 3714; baseline 0 -19"><span class='ocrx_word' id='word_1_814' title='bbox 2282 3642 2378 3696; x_wconf 88' lang='grc' dir='ltr'>τοῦ</span> <span class='ocrx_word' id='word_1_815' title='bbox 2406 3640 2541 3695; x_wconf 88' lang='grc' dir='ltr'>Θεοῦ</span> <span class='ocrx_word' id='word_1_816' title='bbox 2569 3642 2629 3695; x_wconf 84' lang='grc' dir='ltr'>τὸ</span> <span class='ocrx_word' id='word_1_817' title='bbox 2655 3641 2883 3713; x_wconf 86' lang='grc' dir='ltr'>μέγεθος</span> <span class='ocrx_word' id='word_1_818' title='bbox 2916 3642 3153 3709; x_wconf 79' lang='grc' dir='ltr'>ἐδέξατο.</span> <span class='ocrx_word' id='word_1_819' title='bbox 3183 3642 3413 3697; x_wconf 77' lang='grc' dir='ltr'>Εἶσεσθε</span> <span class='ocrx_word' id='word_1_820' title='bbox 3437 3641 3568 3714; x_wconf 84' lang='grc' dir='ltr'>γὰρ,</span> <span class='ocrx_word' id='word_1_821' title='bbox 3601 3641 3696 3696; x_wconf 87' lang='grc' dir='ltr'>τοῦ</span> <span class='ocrx_word' id='word_1_822' title='bbox 3734 3641 3880 3695; x_wconf 85' lang='grc' dir='ltr'>Θεοῦ</span> 
     </span>
    </p>
   </div>
   <div class='ocr_carea' id='block_1_111' title="bbox 2284 3723 3880 3798">
    <p class='ocr_par' dir='ltr' id='par_1_111' title="bbox 2284 3723 3880 3798">
     <span class='ocr_line' id='line_1_111' title="bbox 2284 3723 3880 3798; baseline -0.001 -19"><span class='ocrx_word' id='word_1_823' title='bbox 2284 3725 2670 3798; x_wconf 80' lang='grc' dir='ltr'>ἐπιτρέποντος</span> <span class='ocrx_word' id='word_1_824' title='bbox 2695 3766 2710 3790; x_wconf 98' lang='grc'>,</span> <span class='ocrx_word' id='word_1_825' title='bbox 2761 3725 2855 3779; x_wconf 80' lang='grc' dir='ltr'>καὶ</span> <span class='ocrx_word' id='word_1_826' title='bbox 2909 3726 2974 3779; x_wconf 77' lang='grc' dir='ltr'>ἐκ</span> <span class='ocrx_word' id='word_1_827' title='bbox 3020 3726 3120 3796; x_wconf 89' lang='grc' dir='ltr'>τῆς</span> <span class='ocrx_word' id='word_1_828' title='bbox 3176 3724 3497 3789; x_wconf 89' lang='grc' dir='ltr'>ἀκολουθίας</span> <span class='ocrx_word' id='word_1_829' title='bbox 3568 3724 3676 3779; x_wconf 88' lang='grc' dir='ltr'>τῶν</span> <span class='ocrx_word' id='word_1_830' title='bbox 3744 3723 3880 3794; x_wconf 76' lang='grc' dir='ltr'>ἑξῆς</span> 
     </span>
    </p>
   </div>
   <div class='ocr_carea' id='block_1_112' title="bbox 2288 3807 3884 3880">
    <p class='ocr_par' dir='ltr' id='par_1_112' title="bbox 2288 3807 3884 3880">
     <span class='ocr_line' id='line_1_112' title="bbox 2288 3807 3884 3880; baseline -0.001 -17"><span class='ocrx_word' id='word_1_831' title='bbox 2288 3808 2592 3880; x_wconf 87' lang='grc' dir='ltr'>μελλόντων</span> <span class='ocrx_word' id='word_1_832' title='bbox 2646 3807 3001 3880; x_wconf 76' lang='grc' dir='ltr'>ῥηθήσεσθαι,</span> <span class='ocrx_word' id='word_1_833' title='bbox 3045 3808 3165 3873; x_wconf 90' lang='grc' dir='ltr'>πῶς</span> <span class='ocrx_word' id='word_1_834' title='bbox 3208 3810 3304 3863; x_wconf 68' lang='grc' dir='ltr'>καὶ</span> <span class='ocrx_word' id='word_1_835' title='bbox 3339 3808 3435 3863; x_wconf 90' lang='grc' dir='ltr'>νῦν</span> <span class='ocrx_word' id='word_1_836' title='bbox 3471 3807 3740 3879; x_wconf 84' lang='grc' dir='ltr'>ὑπεριδὼν</span> <span class='ocrx_word' id='word_1_837' title='bbox 3766 3808 3884 3861; x_wconf 85' lang='grc' dir='ltr'>τῶν</span> 
     </span>
    </p>
   </div>
   <div class='ocr_carea' id='block_1_113' title="bbox 2284 3891 3885 3965">
    <p class='ocr_par' dir='ltr' id='par_1_113' title="bbox 2284 3891 3885 3965">
     <span class='ocr_line' id='line_1_113' title="bbox 2284 3891 3885 3965; baseline -0.002 -18"><span class='ocrx_word' id='word_1_838' title='bbox 2284 3893 2437 3965; x_wconf 84' lang='grc' dir='ltr'>παρά</span> <span class='ocrx_word' id='word_1_839' title='bbox 2462 3892 2555 3947; x_wconf 89' lang='grc' dir='ltr'>τοῦ</span> <span class='ocrx_word' id='word_1_840' title='bbox 2592 3893 2853 3964; x_wconf 86' lang='grc' dir='ltr'>βασιλέως</span> <span class='ocrx_word' id='word_1_841' title='bbox 2892 3893 3142 3964; x_wconf 80' lang='grc' dir='ltr'>Σοδόμων</span> <span class='ocrx_word' id='word_1_842' title='bbox 3181 3891 3333 3963; x_wconf 82' lang='grc' dir='ltr'>αὐτῷ</span> <span class='ocrx_word' id='word_1_843' title='bbox 3363 3892 3654 3964; x_wconf 76' lang='grc' dir='ltr'>διδομένων</span> <span class='ocrx_word' id='word_1_844' title='bbox 3687 3893 3736 3958; x_wconf 76' lang='grc'>1³,</span> <span class='ocrx_word' id='word_1_845' title='bbox 3781 3910 3885 3962; x_wconf 81' lang='grc' dir='ltr'>με·</span> 
     </span>
    </p>
   </div>
   <div class='ocr_carea' id='block_1_114' title="bbox 2283 3976 3879 4048">
    <p class='ocr_par' dir='ltr' id='par_1_114' title="bbox 2283 3976 3879 4048">
     <span class='ocr_line' id='line_1_114' title="bbox 2283 3976 3879 4048; baseline -0.002 -15"><span class='ocrx_word' id='word_1_846' title='bbox 2283 3978 2467 4048; x_wconf 90' lang='grc' dir='ltr'>γάλων</span> <span class='ocrx_word' id='word_1_847' title='bbox 2510 3978 2603 4032; x_wconf 61' lang='grc' dir='ltr'>καί⁸</span> <span class='ocrx_word' id='word_1_848' title='bbox 2647 3978 2871 4047; x_wconf 88' lang='grc' dir='ltr'>ἀφάτων</span> <span class='ocrx_word' id='word_1_849' title='bbox 2913 3976 3120 4046; x_wconf 78' lang='grc' dir='ltr'>ἠξιώθη</span> <span class='ocrx_word' id='word_1_850' title='bbox 3164 3980 3276 4030; x_wconf 90' lang='grc' dir='ltr'>τῶν</span> <span class='ocrx_word' id='word_1_851' title='bbox 3328 3976 3424 4030; x_wconf 90' lang='grc' dir='ltr'>τοῦ</span> <span class='ocrx_word' id='word_1_852' title='bbox 3461 3976 3596 4030; x_wconf 87' lang='grc' dir='ltr'>Θεοῦ</span> <span class='ocrx_word' id='word_1_853' title='bbox 3630 3976 3879 4047; x_wconf 84' lang='grc' dir='ltr'>δωρεῶν.</span> 
     </span>
    </p>
   </div>
   <div class='ocr_carea' id='block_1_115' title="bbox 2285 4059 3884 4132">
    <p class='ocr_par' dir='ltr' id='par_1_115' title="bbox 2285 4059 3884 4132">
     <span class='ocr_line' id='line_1_115' title="bbox 2285 4059 3884 4132; baseline -0.002 -16"><span class='ocrx_word' id='word_1_854' title='bbox 2285 4063 2385 4116; x_wconf 85' lang='grc' dir='ltr'>Διά</span> <span class='ocrx_word' id='word_1_855' title='bbox 2437 4060 2642 4132; x_wconf 91' lang='grc' dir='ltr'>ταύτης</span> <span class='ocrx_word' id='word_1_856' title='bbox 2691 4062 2792 4113; x_wconf 90' lang='grc' dir='ltr'>οὐκ</span> <span class='ocrx_word' id='word_1_857' title='bbox 2826 4060 2991 4122; x_wconf 72' lang='grc' dir='ltr'>αὐτὸς</span> <span class='ocrx_word' id='word_1_858' title='bbox 3039 4059 3220 4129; x_wconf 81' lang='grc' dir='ltr'>μόνος,</span> <span class='ocrx_word' id='word_1_859' title='bbox 3251 4059 3389 4114; x_wconf 88' lang='grc' dir='ltr'>ἀλλά</span> <span class='ocrx_word' id='word_1_860' title='bbox 3420 4060 3513 4113; x_wconf 74' lang='grc' dir='ltr'>καὶ</span> <span class='ocrx_word' id='word_1_861' title='bbox 3549 4060 3659 4112; x_wconf 87' lang='grc' dir='ltr'>τῶν</span> <span class='ocrx_word' id='word_1_862' title='bbox 3698 4059 3884 4115; x_wconf 84' lang='grc' dir='ltr'>ἀλλων</span> 
     </span>
    </p>
   </div>
   <div class='ocr_carea' id='block_1_116' title="bbox 2283 4142 3885 4213">
    <p class='ocr_par' dir='ltr' id='par_1_116' title="bbox 2283 4142 3885 4213">
     <span class='ocr_line' id='line_1_116' title="bbox 2283 4142 3885 4213; baseline 0 -16"><span class='ocrx_word' id='word_1_863' title='bbox 2283 4146 2507 4199; x_wconf 79' lang='grc' dir='ltr'>δικαίων</span> <span class='ocrx_word' id='word_1_864' title='bbox 2559 4145 2789 4206; x_wconf 70' lang='grc' dir='ltr'>ἔκαστος</span> <span class='ocrx_word' id='word_1_865' title='bbox 2840 4142 3189 4213; x_wconf 87' lang='grc' dir='ltr'>εὐδοκίμησε.</span> <span class='ocrx_word' id='word_1_866' title='bbox 3239 4143 3351 4197; x_wconf 89' lang='lat' dir='ltr'>Kal</span> <span class='ocrx_word' id='word_1_867' title='bbox 3400 4142 3581 4204; x_wconf 86' lang='grc' dir='ltr'>τοῦτο,</span> <span class='ocrx_word' id='word_1_868' title='bbox 3633 4143 3752 4195; x_wconf 73' lang='grc' dir='ltr'>ὅσοι</span> <span class='ocrx_word' id='word_1_869' title='bbox 3791 4161 3885 4212; x_wconf 85' lang='grc' dir='ltr'>φι-</span> 
     </span>
    </p>
   </div>
   <div class='ocr_carea' id='block_1_117' title="bbox 2285 4225 3881 4300">
    <p class='ocr_par' dir='ltr' id='par_1_117' title="bbox 2285 4225 3881 4300">
     <span class='ocr_line' id='line_1_117' title="bbox 2285 4225 3881 4300; baseline -0.001 -17"><span class='ocrx_word' id='word_1_870' title='bbox 2285 4231 2499 4285; x_wconf 88' lang='grc' dir='ltr'>λόπονοι</span> <span class='ocrx_word' id='word_1_871' title='bbox 2548 4230 2677 4300; x_wconf 70' lang='grc' dir='ltr'>περὶ</span> <span class='ocrx_word' id='word_1_872' title='bbox 2714 4227 2813 4299; x_wconf 77' lang='grc' dir='ltr'>τὴν</span> <span class='ocrx_word' id='word_1_873' title='bbox 2843 4226 3149 4295; x_wconf 87' lang='grc' dir='ltr'>ἀνάγνωσιν</span> <span class='ocrx_word' id='word_1_874' title='bbox 3183 4226 3292 4280; x_wconf 89' lang='grc' dir='ltr'>τῶν</span> <span class='ocrx_word' id='word_1_875' title='bbox 3326 4226 3487 4280; x_wconf 88' lang='grc' dir='ltr'>θείων</span> <span class='ocrx_word' id='word_1_876' title='bbox 3532 4225 3684 4300; x_wconf 77' lang='lat'><strong>[360]</strong></span> <span class='ocrx_word' id='word_1_877' title='bbox 3730 4229 3881 4298; x_wconf 83' lang='grc' dir='ltr'>Γρα-</span> 
     </span>
    </p>
   </div>
   <div class='ocr_carea' id='block_1_118' title="bbox 2286 4308 3883 4382">
    <p class='ocr_par' dir='ltr' id='par_1_118' title="bbox 2286 4308 3883 4382">
     <span class='ocr_line' id='line_1_118' title="bbox 2286 4308 3883 4382; baseline -0.002 -15"><span class='ocrx_word' id='word_1_878' title='bbox 2286 4314 2404 4382; x_wconf 90' lang='grc' dir='ltr'>φῶν</span> <span class='ocrx_word' id='word_1_879' title='bbox 2451 4315 2597 4375; x_wconf 88' lang='grc' dir='ltr'>ἐστε,</span> <span class='ocrx_word' id='word_1_880' title='bbox 2642 4308 2937 4381; x_wconf 86' lang='grc' dir='ltr'>δυνήσεσθε</span> <span class='ocrx_word' id='word_1_881' title='bbox 2986 4310 3327 4381; x_wconf 81' lang='grc' dir='ltr'>καταμαθεῖν</span> <span class='ocrx_word' id='word_1_882' title='bbox 3388 4309 3668 4380; x_wconf 87' lang='grc' dir='ltr'>πανταχοῦ</span> <span class='ocrx_word' id='word_1_883' title='bbox 3726 4311 3883 4379; x_wconf 84' lang='grc' dir='ltr'>γινό-</span> 
     </span>
    </p>
   </div>
   <div class='ocr_carea' id='block_1_119' title="bbox 2291 4393 3882 4467">
    <p class='ocr_par' dir='ltr' id='par_1_119' title="bbox 2291 4393 3882 4467">
     <span class='ocr_line' id='line_1_119' title="bbox 2291 4393 3882 4467; baseline -0.001 -18"><span class='ocrx_word' id='word_1_884' title='bbox 2291 4413 2469 4467; x_wconf 92' lang='grc' dir='ltr'>μενον.</span> <span class='ocrx_word' id='word_1_885' title='bbox 2515 4396 2574 4449; x_wconf 84' lang='grc' dir='ltr'>ὐ</span> <span class='ocrx_word' id='word_1_886' title='bbox 2594 4395 2702 4467; x_wconf 86' lang='grc' dir='ltr'>γὰρ</span> <span class='ocrx_word' id='word_1_887' title='bbox 2732 4393 3113 4465; x_wconf 88' lang='grc' dir='ltr'>φιλάνθρωπος</span> <span class='ocrx_word' id='word_1_888' title='bbox 3140 4393 3297 4465; x_wconf 87' lang='grc' dir='ltr'>ήμῶν</span> <span class='ocrx_word' id='word_1_889' title='bbox 3319 4393 3616 4462; x_wconf 81' lang='grc' dir='ltr'>Δεσπότης,</span> <span class='ocrx_word' id='word_1_890' title='bbox 3639 4395 3774 4446; x_wconf 82' lang='grc' dir='ltr'>ὅταν</span> <span class='ocrx_word' id='word_1_891' title='bbox 3795 4394 3882 4466; x_wconf 73' lang='grc' dir='ltr'>ἴδῃ</span> 
     </span>
    </p>
   </div>
   <div class='ocr_carea' id='block_1_120' title="bbox 2287 4476 3885 4551">
    <p class='ocr_par' dir='ltr' id='par_1_120' title="bbox 2287 4476 3885 4551">
     <span class='ocr_line' id='line_1_120' title="bbox 2287 4476 3885 4551; baseline -0.002 -19"><span class='ocrx_word' id='word_1_892' title='bbox 2287 4478 2671 4551; x_wconf 88' lang='grc' dir='ltr'>ὑπερορῶντας</span> <span class='ocrx_word' id='word_1_893' title='bbox 2698 4480 2846 4549; x_wconf 84' lang='grc' dir='ltr'>ήμᾶς</span> <span class='ocrx_word' id='word_1_894' title='bbox 2865 4477 2973 4531; x_wconf 92' lang='grc' dir='ltr'>τῶν</span> <span class='ocrx_word' id='word_1_895' title='bbox 2990 4477 3293 4548; x_wconf 84' lang='grc' dir='ltr'>παρόντων,</span> <span class='ocrx_word' id='word_1_896' title='bbox 3319 4478 3457 4549; x_wconf 86' lang='grc' dir='ltr'>μετά</span> <span class='ocrx_word' id='word_1_897' title='bbox 3480 4476 3766 4545; x_wconf 77' lang='grc' dir='ltr'>δαψιλείας</span> <span class='ocrx_word' id='word_1_898' title='bbox 3783 4478 3885 4531; x_wconf 77' lang='grc' dir='ltr'>καὶ</span> 
     </span>
    </p>
   </div>
   <div class='ocr_carea' id='block_1_121' title="bbox 2286 4557 3883 4633">
    <p class='ocr_par' dir='ltr' id='par_1_121' title="bbox 2286 4557 3883 4633">
     <span class='ocr_line' id='line_1_121' title="bbox 2286 4557 3883 4633; baseline -0.001 -18"><span class='ocrx_word' id='word_1_899' title='bbox 2286 4561 2456 4615; x_wconf 92' lang='grc' dir='ltr'>ταῦτα</span> <span class='ocrx_word' id='word_1_900' title='bbox 2489 4560 2853 4632; x_wconf 75' lang='grc' dir='ltr'>παρέχει,καὶ</span> <span class='ocrx_word' id='word_1_901' title='bbox 2884 4560 2992 4615; x_wconf 91' lang='grc' dir='ltr'>τῶν</span> <span class='ocrx_word' id='word_1_902' title='bbox 3026 4560 3328 4631; x_wconf 83' lang='grc' dir='ltr'>μελλόντων</span> <span class='ocrx_word' id='word_1_903' title='bbox 3358 4562 3487 4631; x_wconf 84' lang='grc' dir='ltr'>ήμῖν</span> <span class='ocrx_word' id='word_1_904' title='bbox 3520 4557 3747 4627; x_wconf 88' lang='grc' dir='ltr'>ἀγαθῶν</span> <span class='ocrx_word' id='word_1_905' title='bbox 3779 4561 3883 4633; x_wconf 76' lang='grc' dir='ltr'>τὴν</span> 
     </span>
    </p>
   </div>
   <div class='ocr_carea' id='block_1_122' title="bbox 2286 4642 3881 4716">
    <p class='ocr_par' dir='ltr' id='par_1_122' title="bbox 2286 4642 3881 4716">
     <span class='ocr_line' id='line_1_122' title="bbox 2286 4642 3881 4716; baseline -0.001 -17"><span class='ocrx_word' id='word_1_906' title='bbox 2286 4646 2588 4699; x_wconf 88' lang='grc' dir='ltr'>ἀπόλαυσιν</span> <span class='ocrx_word' id='word_1_907' title='bbox 2611 4642 2953 4713; x_wconf 89' lang='grc' dir='ltr'>ταμιεύεται.</span> <span class='ocrx_word' id='word_1_908' title='bbox 3000 4644 3113 4698; x_wconf 88' lang='lat' dir='ltr'>Kal</span> <span class='ocrx_word' id='word_1_909' title='bbox 3132 4642 3291 4698; x_wconf 88' lang='grc' dir='ltr'>τοῦτο</span> <span class='ocrx_word' id='word_1_910' title='bbox 3316 4644 3410 4699; x_wconf 77' lang='grc' dir='ltr'>καὶ</span> <span class='ocrx_word' id='word_1_911' title='bbox 3427 4645 3519 4697; x_wconf 79' lang='grc' dir='ltr'>ἐπὶ</span> <span class='ocrx_word' id='word_1_912' title='bbox 3547 4646 3881 4716; x_wconf 88' lang='grc' dir='ltr'>χρημάτων,</span> 
     </span>
    </p>
   </div>
   <div class='ocr_carea' id='block_1_123' title="bbox 2287 4724 3884 4798">
    <p class='ocr_par' dir='ltr' id='par_1_123' title="bbox 2287 4724 3884 4798">
     <span class='ocr_line' id='line_1_123' title="bbox 2287 4724 3884 4798; baseline 0.002 -17"><span class='ocrx_word' id='word_1_913' title='bbox 2287 4730 2381 4782; x_wconf 77' lang='grc' dir='ltr'>καὶ</span> <span class='ocrx_word' id='word_1_914' title='bbox 2411 4729 2503 4781; x_wconf 68' lang='grc' dir='ltr'>ἐπὶ</span> <span class='ocrx_word' id='word_1_915' title='bbox 2542 4729 2639 4797; x_wconf 85' lang='grc' dir='ltr'>τῆς</span> <span class='ocrx_word' id='word_1_916' title='bbox 2658 4726 2814 4797; x_wconf 84' lang='grc' dir='ltr'>δόξης</span> <span class='ocrx_word' id='word_1_917' title='bbox 2834 4724 2929 4779; x_wconf 85' lang='grc' dir='ltr'>τοῦ</span> <span class='ocrx_word' id='word_1_918' title='bbox 2972 4728 3239 4798; x_wconf 86' lang='grc' dir='ltr'>παρόντος</span> <span class='ocrx_word' id='word_1_919' title='bbox 3265 4726 3401 4797; x_wconf 86' lang='grc' dir='ltr'>βίου,</span> <span class='ocrx_word' id='word_1_920' title='bbox 3430 4727 3524 4780; x_wconf 79' lang='grc' dir='ltr'>καὶ</span> <span class='ocrx_word' id='word_1_921' title='bbox 3542 4728 3635 4780; x_wconf 63' lang='grc' dir='ltr'>ἐπὶ⁵</span> <span class='ocrx_word' id='word_1_922' title='bbox 3656 4730 3884 4783; x_wconf 87' lang='grc' dir='ltr'>πάντων</span> 
     </span>
    </p>
   </div>
   <div class='ocr_carea' id='block_1_124' title="bbox 2284 4809 3885 4883">
    <p class='ocr_par' dir='ltr' id='par_1_124' title="bbox 2284 4809 3885 4883">
     <span class='ocr_line' id='line_1_124' title="bbox 2284 4809 3885 4883; baseline 0.001 -19"><span class='ocrx_word' id='word_1_923' title='bbox 2284 4812 2394 4864; x_wconf 87' lang='grc' dir='ltr'>τῶν</span> <span class='ocrx_word' id='word_1_924' title='bbox 2426 4810 2707 4880; x_wconf 84' lang='grc' dir='ltr'>ἐπικήρων</span> <span class='ocrx_word' id='word_1_925' title='bbox 2731 4809 3071 4883; x_wconf 81' lang='grc' dir='ltr'>πραγμάτων</span> <span class='ocrx_word' id='word_1_926' title='bbox 3097 4810 3245 4863; x_wconf 79' lang='grc' dir='ltr'>ἐστὶν</span> <span class='ocrx_word' id='word_1_927' title='bbox 3279 4811 3407 4863; x_wconf 79' lang='grc' dir='ltr'>ἰδεῖν</span> <span class='ocrx_word' id='word_1_928' title='bbox 3429 4811 3738 4880; x_wconf 86' lang='grc' dir='ltr'>γινόμενον.</span> <span class='ocrx_word' id='word_1_929' title='bbox 3762 4814 3885 4866; x_wconf 80' lang='grc' dir='ltr'>Κα-</span> 
     </span>
    </p>
   </div>
   <div class='ocr_carea' id='block_1_125' title="bbox 2286 4891 3884 4964">
    <p class='ocr_par' dir='ltr' id='par_1_125' title="bbox 2286 4891 3884 4964">
     <span class='ocr_line' id='line_1_125' title="bbox 2286 4891 3884 4964; baseline 0 -17"><span class='ocrx_word' id='word_1_930' title='bbox 2286 4893 2644 4964; x_wconf 87' lang='grc' dir='ltr'>ταφρονῶμεν</span> <span class='ocrx_word' id='word_1_931' title='bbox 2687 4893 2868 4945; x_wconf 91' lang='grc' dir='ltr'>τοίνυν</span> <span class='ocrx_word' id='word_1_932' title='bbox 2901 4891 2995 4945; x_wconf 91' lang='grc' dir='ltr'>τοῦ</span> <span class='ocrx_word' id='word_1_933' title='bbox 3049 4894 3314 4964; x_wconf 86' lang='grc' dir='ltr'>παρόντος</span> <span class='ocrx_word' id='word_1_934' title='bbox 3370 4893 3625 4958; x_wconf 89' lang='grc' dir='ltr'>πλούτου,</span> <span class='ocrx_word' id='word_1_935' title='bbox 3667 4895 3758 4950; x_wconf 80' lang='grc' dir='ltr'>ἵνα</span> <span class='ocrx_word' id='word_1_936' title='bbox 3788 4896 3884 4948; x_wconf 67' lang='grc' dir='ltr'>τὸν</span> 
     </span>
    </p>
   </div>
   <div class='ocr_carea' id='block_1_126' title="bbox 2287 4975 3883 5049">
    <p class='ocr_par' dir='ltr' id='par_1_126' title="bbox 2287 4975 3883 5049">
     <span class='ocr_line' id='line_1_126' title="bbox 2287 4975 3883 5049; baseline -0.006 -18"><span class='ocrx_word' id='word_1_937' title='bbox 2287 4979 2461 5047; x_wconf 82' lang='grc' dir='ltr'>ἀληθῆ</span> <span class='ocrx_word' id='word_1_938' title='bbox 2518 4975 2743 5030; x_wconf 79' lang='grc' dir='ltr'>πλοῦτον</span> <span class='ocrx_word' id='word_1_939' title='bbox 2797 4976 2977 5048; x_wconf 89' lang='grc' dir='ltr'>εὐρεῖν</span> <span class='ocrx_word' id='word_1_940' title='bbox 3024 4975 3364 5046; x_wconf 78' lang='grc' dir='ltr'>δυνηθῶμενο</span> <span class='ocrx_word' id='word_1_941' title='bbox 3397 4977 3745 5049; x_wconf 77' lang='grc' dir='ltr'>ὑπερίδωμεν</span> <span class='ocrx_word' id='word_1_942' title='bbox 3776 4978 3883 5049; x_wconf 75' lang='grc' dir='ltr'>τῆς</span> 
     </span>
    </p>
   </div>
   <div class='ocr_carea' id='block_1_127' title="bbox 2288 5058 3885 5131">
    <p class='ocr_par' dir='ltr' id='par_1_127' title="bbox 2288 5058 3885 5131">
     <span class='ocr_line' id='line_1_127' title="bbox 2288 5058 3885 5131; baseline 0.002 -19"><span class='ocrx_word' id='word_1_943' title='bbox 2288 5061 2451 5130; x_wconf 83' lang='grc' dir='ltr'>κενῆς</span> <span class='ocrx_word' id='word_1_944' title='bbox 2477 5059 2679 5127; x_wconf 89' lang='grc' dir='ltr'>ταύτης</span> <span class='ocrx_word' id='word_1_945' title='bbox 2698 5058 2876 5128; x_wconf 79' lang='grc' dir='ltr'>δόξης,</span> <span class='ocrx_word' id='word_1_946' title='bbox 2908 5058 2994 5111; x_wconf 83' lang='grc' dir='ltr'>ἵνα</span> <span class='ocrx_word' id='word_1_947' title='bbox 3017 5058 3117 5129; x_wconf 85' lang='grc' dir='ltr'>τῆς</span> <span class='ocrx_word' id='word_1_948' title='bbox 3145 5058 3380 5130; x_wconf 86' lang='grc' dir='ltr'>ἀληθοῦς</span> <span class='ocrx_word' id='word_1_949' title='bbox 3418 5060 3633 5128; x_wconf 82' lang='grc' dir='ltr'>ἐκείνης</span> <span class='ocrx_word' id='word_1_950' title='bbox 3657 5062 3756 5114; x_wconf 76' lang='grc' dir='ltr'>καὶ</span> <span class='ocrx_word' id='word_1_951' title='bbox 3790 5061 3885 5131; x_wconf 79' lang='grc' dir='ltr'>βε·</span> 
     </span>
    </p>
   </div>
   <div class='ocr_carea' id='block_1_128' title="bbox 2289 5134 3886 5215">
    <p class='ocr_par' dir='ltr' id='par_1_128' title="bbox 2289 5134 3886 5215">
     <span class='ocr_line' id='line_1_128' title="bbox 2289 5134 3886 5215; baseline 0.001 -21"><span class='ocrx_word' id='word_1_952' title='bbox 2289 5142 2449 5204; x_wconf 84' lang='grc' dir='ltr'>ϐαίας</span> <span class='ocrx_word' id='word_1_953' title='bbox 2491 5140 2913 5211; x_wconf 85' lang='grc' dir='ltr'>ἀπολαύσωμεν·</span> <span class='ocrx_word' id='word_1_954' title='bbox 2954 5140 3422 5212; x_wconf 87' lang='grc' dir='ltr'>καταγελάσωμεν</span> <span class='ocrx_word' id='word_1_955' title='bbox 3466 5142 3568 5213; x_wconf 84' lang='grc' dir='ltr'>τῆς</span> <span class='ocrx_word' id='word_1_956' title='bbox 3590 5134 3886 5215; x_wconf 83' lang='grc' dir='ltr'>παρούσης</span> 
     </span>
    </p>
   </div>
   <div class='ocr_carea' id='block_1_129' title="bbox 2288 5224 3886 5297">
    <p class='ocr_par' dir='ltr' id='par_1_129' title="bbox 2288 5224 3886 5297">
     <span class='ocr_line' id='line_1_129' title="bbox 2288 5224 3886 5297; baseline 0.001 -19"><span class='ocrx_word' id='word_1_957' title='bbox 2288 5224 2610 5296; x_wconf 83' lang='grc' dir='ltr'>εὐημερίας,</span> <span class='ocrx_word' id='word_1_958' title='bbox 2634 5225 2722 5277; x_wconf 87' lang='grc' dir='ltr'>ῖνα</span> <span class='ocrx_word' id='word_1_959' title='bbox 2759 5224 2866 5277; x_wconf 89' lang='grc' dir='ltr'>τῶν</span> <span class='ocrx_word' id='word_1_960' title='bbox 2893 5224 3223 5297; x_wconf 78' lang='grc' dir='ltr'>ἀπορρήτων</span> <span class='ocrx_word' id='word_1_961' title='bbox 3249 5224 3474 5279; x_wconf 79' lang='grc' dir='ltr'>ἐκείνων</span> <span class='ocrx_word' id='word_1_962' title='bbox 3504 5225 3725 5294; x_wconf 83' lang='grc' dir='ltr'>ἀγαθῶν</span> <span class='ocrx_word' id='word_1_963' title='bbox 3754 5229 3886 5280; x_wconf 81' lang='grc' dir='ltr'>ἐπι-</span> 
     </span>
    </p>
   </div>
   <div class='ocr_carea' id='block_1_130' title="bbox 2286 5306 3888 5381">
    <p class='ocr_par' dir='ltr' id='par_1_130' title="bbox 2286 5306 3888 5381">
     <span class='ocr_line' id='line_1_130' title="bbox 2286 5306 3888 5381; baseline -0.001 -18"><span class='ocrx_word' id='word_1_964' title='bbox 2286 5309 2562 5379; x_wconf 79' lang='grc' dir='ltr'>τὺχωμενο</span> <span class='ocrx_word' id='word_1_965' title='bbox 2598 5307 2764 5380; x_wconf 76' lang='grc' dir='ltr'>μηδὲν</span> <span class='ocrx_word' id='word_1_966' title='bbox 2792 5306 3057 5379; x_wconf 82' lang='grc' dir='ltr'>ἡγώμεθα</span> <span class='ocrx_word' id='word_1_967' title='bbox 3081 5306 3153 5360; x_wconf 89' lang='grc' dir='ltr'>τά</span> <span class='ocrx_word' id='word_1_968' title='bbox 3204 5307 3471 5380; x_wconf 87' lang='grc' dir='ltr'>παρόντα,</span> <span class='ocrx_word' id='word_1_969' title='bbox 3506 5310 3594 5363; x_wconf 81' lang='grc' dir='ltr'>ἵνα</span> <span class='ocrx_word' id='word_1_970' title='bbox 3620 5309 3888 5381; x_wconf 63' lang='grc' dir='ltr'>πρδςττδν</span> 
     </span>
    </p>
   </div>
   <div class='ocr_carea' id='block_1_131' title="bbox 2288 5390 3886 5464">
    <p class='ocr_par' dir='ltr' id='par_1_131' title="bbox 2288 5390 3886 5464">
     <span class='ocr_line' id='line_1_131' title="bbox 2288 5390 3886 5464; baseline 0.001 -17"><span class='ocrx_word' id='word_1_971' title='bbox 2288 5392 2395 5447; x_wconf 87' lang='grc' dir='ltr'>τῶν</span> <span class='ocrx_word' id='word_1_972' title='bbox 2426 5390 2726 5463; x_wconf 88' lang='grc' dir='ltr'>μελλόντων</span> <span class='ocrx_word' id='word_1_973' title='bbox 2756 5391 2937 5447; x_wconf 84' lang='grc' dir='ltr'>πόθον</span> <span class='ocrx_word' id='word_1_974' title='bbox 2975 5390 3323 5462; x_wconf 88' lang='grc' dir='ltr'>διεγερθῆναι</span> <span class='ocrx_word' id='word_1_975' title='bbox 3363 5391 3699 5464; x_wconf 84' lang='grc' dir='ltr'>δυνηθῶμεν.</span> <span class='ocrx_word' id='word_1_976' title='bbox 3734 5394 3886 5448; x_wconf 77' lang='grc' dir='ltr'>Οὐδὲ</span> 
     </span>
    </p>
   </div>
   <div class='ocr_carea' id='block_1_132' title="bbox 2289 5472 3888 5548">
    <p class='ocr_par' dir='ltr' id='par_1_132' title="bbox 2289 5472 3888 5548">
     <span class='ocr_line' id='line_1_132' title="bbox 2289 5472 3888 5548; baseline 0.002 -19"><span class='ocrx_word' id='word_1_977' title='bbox 2289 5477 2399 5548; x_wconf 82' lang='grc' dir='ltr'>γάρ</span> <span class='ocrx_word' id='word_1_978' title='bbox 2421 5472 2534 5530; x_wconf 79' lang='grc' dir='ltr'>οἷόν</span> <span class='ocrx_word' id='word_1_979' title='bbox 2553 5492 2615 5528; x_wconf 90' lang='grc' dir='ltr'>τε</span> <span class='ocrx_word' id='word_1_980' title='bbox 2649 5475 2740 5529; x_wconf 80' lang='grc' dir='ltr'>τὸν</span> <span class='ocrx_word' id='word_1_981' title='bbox 2772 5477 2885 5538; x_wconf 89' lang='grc' dir='ltr'>τοῖς</span> <span class='ocrx_word' id='word_1_982' title='bbox 2934 5474 3170 5545; x_wconf 90' lang='grc' dir='ltr'>παροῦσι</span> <span class='ocrx_word' id='word_1_983' title='bbox 3198 5476 3621 5547; x_wconf 87' lang='grc' dir='ltr'>προσηλωμένον</span> <span class='ocrx_word' id='word_1_984' title='bbox 3651 5477 3888 5532; x_wconf 85' lang='grc' dir='ltr'>ἐκείνων</span> 
     </span>
    </p>
   </div>
   <div class='ocr_carea' id='block_1_133' title="bbox 2288 5558 3889 5632">
    <p class='ocr_par' dir='ltr' id='par_1_133' title="bbox 2288 5558 3889 5632">
     <span class='ocr_line' id='line_1_133' title="bbox 2288 5558 3889 5632; baseline -0.001 -17"><span class='ocrx_word' id='word_1_985' title='bbox 2288 5562 2397 5615; x_wconf 88' lang='grc' dir='ltr'>τῶν</span> <span class='ocrx_word' id='word_1_986' title='bbox 2454 5561 2785 5632; x_wconf 78' lang='grc' dir='ltr'>ἀπορρήτων</span> <span class='ocrx_word' id='word_1_987' title='bbox 2839 5558 3083 5627; x_wconf 86' lang='grc' dir='ltr'>ἀγαθῶν,</span> <span class='ocrx_word' id='word_1_988' title='bbox 3109 5558 3200 5611; x_wconf 82' lang='grc' dir='ltr'>τὸν</span> <span class='ocrx_word' id='word_1_989' title='bbox 3253 5558 3417 5612; x_wconf 88' lang='grc' dir='ltr'>πόθον</span> <span class='ocrx_word' id='word_1_990' title='bbox 3477 5560 3889 5632; x_wconf 76' lang='grc' dir='ltr'>καταδέξασθαί</span> 
     </span>
    </p>
   </div>
   <div class='ocr_carea' id='block_1_134' title="bbox 2290 5630 3891 5715">
    <p class='ocr_par' dir='ltr' id='par_1_134' title="bbox 2290 5630 3891 5715">
     <span class='ocr_line' id='line_1_134' title="bbox 2290 5630 3891 5715; baseline -0.001 -16"><span class='ocrx_word' id='word_1_991' title='bbox 2290 5662 2440 5709; x_wconf 88' lang='grc' dir='ltr'>ποτε,</span> <span class='ocrx_word' id='word_1_992' title='bbox 2460 5630 2712 5715; x_wconf 84' lang='grc' dir='ltr'>καθάπερ</span> <span class='ocrx_word' id='word_1_993' title='bbox 2736 5643 2915 5714; x_wconf 89' lang='grc' dir='ltr'>λήμης</span> <span class='ocrx_word' id='word_1_994' title='bbox 2934 5642 3078 5705; x_wconf 73' lang='grc' dir='ltr'>τινὸς</span> <span class='ocrx_word' id='word_1_995' title='bbox 3103 5645 3215 5705; x_wconf 89' lang='grc' dir='ltr'>τοῖς</span> <span class='ocrx_word' id='word_1_996' title='bbox 3234 5642 3533 5713; x_wconf 77' lang='grc' dir='ltr'>ὀφθαλμοῖς</span> <span class='ocrx_word' id='word_1_997' title='bbox 3562 5643 3656 5700; x_wconf 75' lang='grc' dir='ltr'>τοῦ</span> <span class='ocrx_word' id='word_1_998' title='bbox 3688 5630 3891 5714; x_wconf 72' lang='grc' dir='ltr'>σώμαο</span> 
     </span>
    </p>
   </div>
   <div class='ocr_carea' id='block_1_135' title="bbox 2351 5760 3889 5830">
    <p class='ocr_par' dir='ltr' id='par_1_135' title="bbox 2351 5760 3889 5830">
     <span class='ocr_line' id='line_1_135' title="bbox 2351 5760 3889 5830; baseline 0.003 -15"><span class='ocrx_word' id='word_1_999' title='bbox 2351 5768 2379 5798; x_wconf 80' lang='grc'><strong><em>⁸</em></strong></span> <span class='ocrx_word' id='word_1_1000' title='bbox 2402 5767 2524 5827; x_wconf 76' lang='lat' dir='ltr'>Reg.</span> <span class='ocrx_word' id='word_1_1001' title='bbox 2553 5773 2603 5816; x_wconf 74' lang='lat' dir='ltr'>el.</span> <span class='ocrx_word' id='word_1_1002' title='bbox 2628 5766 2875 5830; x_wconf 15' lang='lat' dir='ltr'>Savil.ibq7&gt;’</span> <span class='ocrx_word' id='word_1_1003' title='bbox 2898 5768 3046 5830; x_wconf 79' lang='grc' dir='ltr'>ὑμῶν.</span> <span class='ocrx_word' id='word_1_1004' title='bbox 3071 5765 3289 5830; x_wconf 58' lang='grc' dir='ltr'>Ουξίυοι·</span> <span class='ocrx_word' id='word_1_1005' title='bbox 3309 5779 3426 5830; x_wconf 71' lang='lat' dir='ltr'>rpss.</span> <span class='ocrx_word' id='word_1_1006' title='bbox 3450 5766 3527 5829; x_wconf 75' lang='grc' dir='ltr'>ὑφ’</span> <span class='ocrx_word' id='word_1_1007' title='bbox 3547 5767 3700 5830; x_wconf 74' lang='grc' dir='ltr'>ἡμῶν.</span> <span class='ocrx_word' id='word_1_1008' title='bbox 3725 5760 3889 5830; x_wconf 67' lang='lat' dir='ltr'>atque</span> 
     </span>
    </p>
   </div>
   <div class='ocr_carea' id='block_1_136' title="bbox 2291 5826 3883 5892">
    <p class='ocr_par' dir='ltr' id='par_1_136' title="bbox 2291 5826 3883 5892">
     <span class='ocr_line' id='line_1_136' title="bbox 2291 5826 3883 5892; baseline -0.001 -13"><span class='ocrx_word' id='word_1_1009' title='bbox 2291 5833 2363 5892; x_wconf 16' lang='lat' dir='ltr'>ita,</span> <span class='ocrx_word' id='word_1_1010' title='bbox 2386 5826 2510 5892; x_wconf 71' lang='lat' dir='ltr'>legit</span> <span class='ocrx_word' id='word_1_1011' title='bbox 2537 5841 2719 5892; x_wconf 75' lang='lat' dir='ltr'>mterp.</span> <span class='ocrx_word' id='word_1_1012' title='bbox 2788 5829 2816 5868; x_wconf 62' lang='grc' dir='ltr'><strong>Β</strong></span> <span class='ocrx_word' id='word_1_1013' title='bbox 2836 5826 3059 5877; x_wconf 64' lang='grc' dir='ltr'>Βίεςεν.</span> <span class='ocrx_word' id='word_1_1014' title='bbox 3085 5834 3139 5892; x_wconf 66' lang='grc' dir='ltr'>ει</span> <span class='ocrx_word' id='word_1_1015' title='bbox 3155 5826 3286 5892; x_wconf 24' lang='lat' dir='ltr'>Mori</span> <span class='ocrx_word' id='word_1_1016' title='bbox 3310 5828 3409 5892; x_wconf 76' lang='lat' dir='ltr'>Sex</span> <span class='ocrx_word' id='word_1_1017' title='bbox 3446 5826 3558 5876; x_wconf 66' lang='lat' dir='ltr'>m&#39;ss.</span> <span class='ocrx_word' id='word_1_1018' title='bbox 3585 5826 3883 5892; x_wconf 65' lang='grc' dir='ltr'>δεδομένὼν.</span> 
     </span>
    </p>
   </div>
   <div class='ocr_carea' id='block_1_137' title="bbox 2289 5889 3893 5952">
    <p class='ocr_par' dir='ltr' id='par_1_137' title="bbox 2289 5889 3893 5952">
     <span class='ocr_line' id='line_1_137' title="bbox 2289 5889 3893 5952; baseline -0.004 -10"><span class='ocrx_word' id='word_1_1019' title='bbox 2289 5891 2414 5942; x_wconf 81' lang='lat' dir='ltr'>Infra</span> <span class='ocrx_word' id='word_1_1020' title='bbox 2439 5889 2587 5939; x_wconf 84' lang='lat' dir='ltr'><strong><em>Savil.</em></strong></span> <span class='ocrx_word' id='word_1_1021' title='bbox 2618 5889 2895 5952; x_wconf 46' lang='lat' dir='ltr'>et‘seplem</span> <span class='ocrx_word' id='word_1_1022' title='bbox 2937 5904 3050 5939; x_wconf 87' lang='lat' dir='ltr'>mss.</span> <span class='ocrx_word' id='word_1_1023' title='bbox 3086 5889 3193 5938; x_wconf 83' lang='grc' dir='ltr'>ὅσοι</span> <span class='ocrx_word' id='word_1_1024' title='bbox 3224 5890 3487 5952; x_wconf 77' lang='grc' dir='ltr'>φιλότεχνοι</span> <span class='ocrx_word' id='word_1_1025' title='bbox 3518 5891 3621 5952; x_wconf 82' lang='grc' dir='ltr'>περὶ</span> <span class='ocrx_word' id='word_1_1026' title='bbox 3651 5892 3738 5945; x_wconf 75' lang='grc' dir='ltr'>τήν</span> <span class='ocrx_word' id='word_1_1027' title='bbox 3763 5891 3893 5938; x_wconf 77' lang='grc' dir='ltr'>ἆ.νά-</span> 
     </span>
    </p>
   </div>
   <div class='ocr_carea' id='block_1_138' title="bbox 2287 5949 3882 6062">
    <p class='ocr_par' dir='ltr' id='par_1_138' title="bbox 2287 5949 3882 6062">
     <span class='ocr_line' id='line_1_138' title="bbox 2287 5949 3882 6062; baseline 0 -61"><span class='ocrx_word' id='word_1_1028' title='bbox 2287 5960 2478 6061; x_wconf 59' lang='grc' dir='ltr'>γνωςίιν.</span> <span class='ocrx_word' id='word_1_1029' title='bbox 2505 5952 2677 6062; x_wconf 53' lang='grc' dir='ltr'>ιιὲτιέο</span> <span class='ocrx_word' id='word_1_1030' title='bbox 2699 5949 2809 6015; x_wconf 55' lang='lat' dir='ltr'>qua:</span> <span class='ocrx_word' id='word_1_1031' title='bbox 2838 5954 2887 6003; x_wconf 84' lang='lat' dir='ltr'><strong>in</strong></span> <span class='ocrx_word' id='word_1_1032' title='bbox 2910 5958 3147 6003; x_wconf 66' lang='lat' dir='ltr'>cantem:</span> <span class='ocrx_word' id='word_1_1033' title='bbox 3173 5949 3591 6015; x_wconf 67' lang='lat' dir='ltr'>legitur,hempe&#39;</span> <span class='ocrx_word' id='word_1_1034' title='bbox 3609 5954 3882 6014; x_wconf 76' lang='grc' dir='ltr'>φιλόπονοι,</span> 
     </span>
     <span class='ocr_line' id='line_1_139' title="bbox 2287 6020 3781 6062; baseline 0 0"><span class='ocrx_word' id='word_1_1035' title='bbox 2287 6026 2663 6062; x_wconf 70' lang='grc' dir='ltr'>τητιιιεειιιε.</span> <span class='ocrx_word' id='word_1_1036' title='bbox 3098 6028 3103 6034; x_wconf 53' lang='grc' dir='ltr'>ι</span> <span class='ocrx_word' id='word_1_1037' title='bbox 3573 6020 3580 6033; x_wconf 86' lang='lat'>‘</span> <span class='ocrx_word' id='word_1_1038' title='bbox 3648 6022 3654 6028; x_wconf 56' lang='grc' dir='ltr'><strong>λ</strong></span> <span class='ocrx_word' id='word_1_1039' title='bbox 3773 6021 3781 6029; x_wconf 83' lang='grc'><em>’</em></span> 
     </span>
    </p>
   </div>
   <div class='ocr_carea' id='block_1_139' title="bbox 2287 6020 3781 6079">
    <p class='ocr_par' dir='ltr' id='par_1_139' title="bbox 2287 6020 3781 6079">
     <span class='ocr_line' id='line_1_140' title="bbox 2287 6020 3781 6079; baseline -0.018 -15"><span class='ocrx_word' id='word_1_1040' title='bbox 2287 6025 2441 6079; x_wconf 72' lang='lat' dir='ltr'>magis</span> <span class='ocrx_word' id='word_1_1041' title='bbox 2463 6020 2663 6064; x_wconf 71' lang='lat' dir='ltr'>arridet.</span> <span class='ocrx_word' id='word_1_1042' title='bbox 3098 6028 3103 6034; x_wconf 65' lang='grc' dir='ltr'>ι</span> <span class='ocrx_word' id='word_1_1043' title='bbox 3573 6020 3580 6033; x_wconf 72' lang='grc' dir='ltr'>ι</span> <span class='ocrx_word' id='word_1_1044' title='bbox 3648 6022 3654 6028; x_wconf 56' lang='grc' dir='ltr'><strong><em>λ</em></strong></span> <span class='ocrx_word' id='word_1_1045' title='bbox 3773 6021 3781 6029; x_wconf 82' lang='grc'><strong>-</strong></span> 
     </span>
    </p>
   </div>
  </div>
