4092 6408
300 374 408 441 5‘29

298 499 450 559 uiros,
483 497 752 569 equitatum
781 501 944 553 autem
973 495 1090 553 tolle
1117 496 1223 551 tibi.
1265 497 1493 552 Honesta
1521 495 1660 564 regis
1684 495 1870 564 gratia,

299 587 393 641 sed
438 588 558 643 vide
593 589 720 658 justi
767 590 1171 659 philosophiam.
1202 587 1290 642 22.
1328 587 1470 642 Dixit
1506 594 1670 640 autem
1696 586 1880 638 Abram

297 678 404 748 regi
443 676 828 733 Sodomorum:
861 679 1143 734 Extendunt
1181 692 1382 732 manum
1425 694 1585 732 meam
1612 676 1679 729 ad
1716 675 1879 728 Deum

298 770 617 833 altissimum,
644 772 733 838 qui
756 772 874 840 fecit
899 770 1078 824 ctelum
1105 780 1153 825 et
1179 779 1383 836 terram,
1411 768 1500 824 25.
1532 769 1572 822 si
1596 784 1627 820 a
1653 768 1879 838 funiculo

299 877 456 931 usque
479 861 548 913 ad
576 863 931 931 sphteroterem
955 861 1276 914 calceamenti
1294 861 1540 928 accipiam
1566 861 1626 912 de
1650 859 1878 912 omnibus

300 952 402 1004 tuis
425 966 444 1004 :
469 961 524 1004 ut
549 968 610 1004 ne
629 953 786 1017 dicas,
811 950 922 1022 Ego
945 953 1099 1004 ditavi
1124 952 1328 1004 Abram.
1357 951 1538 1020 Magna
1565 949 1876 1019 patriarcha:

301 1040 352 1092 in
385 1043 786 1097 contemnendis
808 1042 1003 1096 divitiis
1039 1042 1226 1096 virtus.
1271 1042 1334 1096 Et
1370 1042 1520 1109 cujus
1548 1041 1713 1110 gratia
1753 1055 1875 1094 cum

297 1131 603 1186 iuramento
633 1143 836 1187 recusat
877 1141 931 1186 et
967 1132 1096 1187 dicit
1126 1150 1138 1186 :
1165 1132 1452 1186 Extendam
1481 1147 1684 1183 ntanum
1713 1146 1876 1183 meam

302 1223 368 1278 at
399 1221 560 1276 Deum
581 1226 922 1287 altissimum,
948 1225 1031 1292 qui
1059 1225 1244 1276 creavit
1268 1224 1446 1277 calum
1470 1231 1515 1277 et
1540 1232 1727 1275 terram
1746 1222 1772 1275 ?

371 1315 423 1369 6.
455 1314 568 1368 Duo
611 1316 768 1368 simul
809 1314 1001 1368 docere
1040 1314 1150 1368 vult
1189 1313 1540 1368 Sodomorum
1585 1327 1784 1381 regem,
1815 1326 1874 1366 se

268 1432 276 1438 -
301 1405 519 1459 minime
555 1406 672 1474 capi
698 1404 852 1459 donis
880 1419 997 1474 quae
1023 1404 1090 1458 ab
1117 1405 1232 1473 ipso
1253 1404 1611 1458 offerebantur
1631 1443 1648 1469 ,
1675 1411 1727 1456 et
1755 1417 1872 1455 ma-

267 1511 456 1566 -gnam
490 1497 839 1568 philosOphia:
876 1497 1102 1551 formam
1143 1497 1376 1551 indicare
1400 1496 1558 1559 velle,
1582 1509 1644 1549 ac
1667 1495 1874 1564 pietatis

301 1591 570 1645 doctorem
589 1591 636 1645 ei
667 1591 778 1644 ﬁeri
808 1591 1039 1653 studere,
1058 1604 1120 1645 ac
1147 1591 1190 1642 si
1221 1589 1460 1643 instituat
1481 1588 1628 1642 illum
1656 1587 1737 1641 his
1750 1602 1872 1641 ver-

269 1680 383 1735 -bis
410 1698 424 1734 :
457 1681 603 1735 Illum
650 1681 742 1735 tibi
783 1690 970 1736 testem
1007 1680 1254 1746 adhibeo,
1283 1695 1368 1733 me
1396 1679 1528 1733 nihil
1554 1687 1759 1732 tuarum
1789 1694 1876 1733 re-

272 1799 275 1804 -
299 1789 416 1826 rum
437 1783 795 1842 accepturum,
819 1773 989 1840 illum,
1009 1775 1245 1843 inquam,
1259 1774 1491 1826 omnium
1508 1770 1870 1837 Conditorem,

301 1873 359 1916 ut
409 1879 567 1918 nosse
603 1865 777 1934 possis
819 1864 984 1918 Deum
1031 1865 1291 1925 omnium.
1320 1873 1373 1918 et
1415 1879 1482 1917 ne
1522 1863 1710 1918 credas
1755 1877 1874 1918 esse

296 1955 428 2011 deos
455 1972 516 2009 ea
543 1973 660 2025 qum
688 1957 755 2009 ab
786 1956 1055 2009 hominum
1100 1955 1342 2009 manibus
1389 1954 1731 2010 fabricantur.
1781 1955 1873 2010 ille

298 2047 441 2100 enim
471 2047 583 2101 ca-li
605 2057 658 2100 et
685 2054 840 2100 terra:
868 2046 1142 2110 Conditor,
1171 2045 1258 2099 ille
1277 2056 1332 2100 et
1357 2044 1507 2100 nobis
1529 2045 1580 2099 in
1605 2046 1705 2100 hoc
1734 2045 1872 2100 bello

299 2138 532 2190 victoria:
561 2146 613 2190 et
654 2136 902 2208 triumphi
944 2147 1148 2191 auctor.
1193 2136 1269 2191 Nc
1297 2136 1455 2205 igitur
1480 2144 1756 2206 exspectes
1786 2152 1873 2192 me

298 2227 564 2297 quidpiam
585 2243 648 2282 ex
670 2228 822 2281 donis
846 2228 946 2281 tuis
971 2237 1328 2296 accepturum.
1354 2227 1536 2298 Neque
1563 2230 1702 2283 enim
1731 2244 1871 2283 mer-

297 2318 444 2372 cedis
479 2321 642 2388 gratia
673 2319 955 2374 vindictam
1001 2319 1120 2382 feci,
1161 2319 1254 2374 sed
1300 2319 1525 2388 primum
1567 2319 1637 2374 ob
1675 2320 1873 2374 amoris

293 2410 562 2478 affectum,
593 2427 749 2481 quem
781 2427 903 2480 erga
942 2411 1114 2466 fratris
1146 2413 1248 2466 mei
1277 2412 1442 2466 lilium
1464 2427 1594 2482 gero
1633 2428 1649 2467 :
1681 2413 1872 2468 deinde

291 2509 350 2554 et
387 2511 603 2569 propter
631 2503 796 2570 ipsius
829 2503 1046 2571 justitia:
1083 2502 1333 2568 ofﬁcium,
1363 2510 1420 2557 ut
1456 2519 1487 2557 e
1525 2504 1870 2558 barbarorum

297 2591 541 2646 manibus
568 2595 824 2661 eriperem
849 2593 1040 2661 injuste
1068 2592 1343 2648 abductos.
1372 2594 1431 2646 Si
1461 2610 1492 2646 a
1517 2595 1760 2664 funiculo,
1788 2595 1871 2648 in-

290 2683 429 2752 quit,
452 2701 612 2754 usque
636 2685 704 2736 ad
729 2687 1081 2754 spliteroterem
1100 2686 1255 2738 calcei
1280 2685 1522 2754 accipiam
1547 2687 1610 2739 de
1632 2687 1729 2739 tuis
1758 2702 1869 2738 om-

294 2773 442 2826 nibus
466 2772 600 2827 :hoc
624 2782 724 2838 est,
750 2775 878 2827 nihil
911 2784 1016 2828 tam
1041 2775 1163 2839 vile,
1193 2790 1290 2830 nec
1320 2784 1424 2829 tam
1453 2775 1600 2830 nihili
1633 2775 1868 2830 habitum

291 2863 538 2933 estquod
559 2873 872 2932 accepturus
888 2865 1009 2919 sim.
1033 2864 1162 2919 Nam
1184 2865 1562 2934 sphaeroterem
1592 2865 1666 2937 (a)
1698 2866 1870 2921 solent

294 2967 486 3008 vocare
527 2954 729 3023 apicem
774 2955 968 3020 calcei,
1012 2955 1100 3026 qui
1145 2957 1197 3010 in
1232 2971 1453 3011 acumen
1497 2957 1692 3012 desinit
1720 2976 1732 3012 :
1764 2972 1871 3029 quo

289 3044 591 3099 calceorum
629 3060 827 3114 genere
872 3046 1082 3101 barbari
1119 3057 1443 3102 consuerunt
1486 3049 1579 3103 uti.
1640 3050 1774 3105 Exin
1815 3061 1871 3107 et

273 3149 529 3199 causam,
551 3151 717 3205 quare
757 3137 995 3205 accipere
1049 3138 1323 3203 detrectet,
1355 3139 1524 3195 dicit:
1560 3139 1629 3195 Ut
1676 3157 1739 3195 ne
1786 3142 1869 3196 di-

293 3241 379 3280 cas
404 3241 424 3280 :
446 3225 555 3297 Ego
579 3227 871 3298 Iocupletavi
897 3229 1102 3282 Abram.
1145 3230 1325 3284 Habeo
1365 3231 1550 3295 Deum,
1581 3233 1669 3303 qui
1714 3233 1870 3289 innu-

292 3335 439 3374 mera
461 3320 589 3374 mihi
615 3321 914 3390 suppeditet
940 3321 1075 3377 bona
1102 3364 1117 3389 ,
1146 3337 1376 3392 superno
1403 3324 1600 3378 ianitor
1624 3327 1822 3381 auxilio
1851 3346 1865 3384 :

295 3424 402 3464 non
441 3425 574 3480 opus
611 3411 739 3466 mihi
769 3412 965 3466 divitiis
992 3414 1114 3477 tuis,
1143 3429 1246 3467 non
1275 3413 1486 3483 indigeo
1511 3414 1753 3470 humanis
1783 3416 1864 3471 fa-

291 3501 595 3568 cultatibus,
617 3511 893 3557 contentus
910 3518 1028 3557 sum
1052 3504 1138 3559 Dei
1163 3504 1214 3557 in
1238 3519 1322 3560 me
1343 3503 1687 3560 beneﬁcentia
1714 3523 1730 3560 :
1756 3507 1868 3562 scio

266 3589 436 3644 ‘illius
462 3590 776 3660 largitatem.
804 3592 990 3647 Paucis
1015 3602 1068 3647 et
1090 3593 1278 3649 vilibus
1306 3595 1442 3649 cessi
1468 3610 1586 3649 meo
1607 3595 1726 3661 Lot,
1755 3612 1868 3651 ma-

270 3694 426 3752 ‘gnas
460 3691 515 3736 et
551 3681 842 3737 inetl‘abiles
867 3685 1248 3753 promissiones
1284 3697 1598 3756 assequutus
1635 3703 1783 3753 sum,
1811 3695 1868 3743 et

293 3789 434 3830 nunc
461 3775 720 3844 majorum
745 3776 1043 3831 divitiarum
1073 3778 1361 3848 negotiatio
1385 3778 1512 3833 mihi
1542 3788 1643 3845 est,
1673 3787 1728 3836 et
1756 3794 1868 3834 ma-

291 3880 462 3922 torem
489 3867 602 3935 ejus
625 3867 848 3937 gratiam
867 3867 994 3922 mihi
1015 3868 1260 3934 concilio,
1281 3884 1446 3939 quare
1465 3885 1596 3939 opes
1618 3879 1733 3924 tuas
1760 3885 1864 3926 non

291 3959 516 4028 accipio.
548 3957 668 4014 Ideo
691 3968 889 4025 autem,
915 3962 1124 4030 opinor,
1149 3970 1203 4016 et
1217 3961 1573 4031 juramentum
1603 3963 1862 4031 adhibuit,

289 4061 348 4106 et
369 4050 505 4105 dixit
525 4067 539 4106 :
556 4049 841 4105 Extendunt
866 4069 1069 4106 manum
1089 4070 1250 4106 meam
1270 4055 1336 4107 ad
1357 4054 1518 4108 Deum
1545 4056 1862 4121 altissimum,

290 4152 351 4196 ut
388 4157 458 4198 ne
500 4152 647 4211 putet
671 4159 792 4198 eum
819 4145 888 4198 ita
918 4145 1188 4211 simulare,
1215 4154 1273 4200 ut
1309 4147 1581 4217 probabile
1604 4157 1689 4202 est
1721 4163 1865 4218 saepe

248 4250 250 4252 '
287 4235 602 4304 contingere
634 4252 648 4289 :
673 4235 767 4290 sed
787 4245 844 4290 ut
869 4237 1000 4292 sciat
1026 4237 1126 4292 hoc
1156 4238 1224 4291 ita
1249 4238 1406 4308 plane
1431 4239 1700 4294 decretum
1726 4241 1864 4311 apud

289 4327 526 4389 Abram,
554 4334 617 4380 ut
651 4342 720 4382 ne
747 4329 829 4383 vel
871 4329 1144 4383 minimum
1170 4329 1294 4400 quid
1321 4330 1443 4385 inde
1470 4331 1568 4385 sibi
1597 4333 1861 4402 seligeret.

267 4417 467 4484 —Atque
511 4416 580 4470 ita
627 4417 877 4487 implebat
915 4420 1217 4474 mandatum
1256 4420 1383 4475 illud
1428 4421 1567 4491 quod
1593 4437 1622 4476 a
1652 4424 1865 4478 Christo

287 4507 560 4576 discipulis
605 4519 688 4564 est
737 4511 915 4565 datum
952 4529 967 4567 :
999 4511 1167 4566 Gratis
1207 4515 1499 4582 accepistis,
1548 4518 1706 4586 gratis
1749 4518 1866 4573 date

288 4598 504 4668 (Matth.
543 4599 629 4654 10.
660 4601 738 4670 8).
762 4601 895 4656 Num
926 4617 1044 4672 ego,
1078 4605 1266 4673 inquit,
1297 4604 1438 4658 aliud
1467 4605 1591 4675 quid
1630 4607 1694 4660 ad
1741 4608 1862 4663 belli

288 4703 404 4742 rem
446 4689 620 4754 attuli,
662 4701 1009 4761 praeterquam
1041 4693 1365 4748 voluntatem
1410 4703 1464 4749 et
1499 4697 1863 4752 alacritatem?

287 4779 578 4835 Victoriam
604 4793 780 4836 autem
801 4824 816 4849 ,
848 4793 902 4838 et
927 4784 1274 4851 triumphum,
1297 4800 1358 4840 ac
1391 4795 1582 4840 ctctcra
1614 4798 1862 4857 operatus

287 4883 370 4928 est
399 4873 490 4929 ille
520 4875 763 4930 invisibili
788 4878 999 4932 virtute.
1049 4877 1251 4932 Deinde
1290 4887 1348 4932 ut
1392 4893 1461 4934 ne
1501 4888 1708 4948 putaret
1744 4895 1862 4948 rex,

288 4964 460 5032 ipsum
491 4979 558 5018 ex
586 4965 830 5036 superbia
855 4977 908 5020 et
931 4976 1236 5038 contemptu
1275 4982 1394 5038 quae
1422 4969 1488 5021 ab
1513 4984 1577 5023 eo
1602 4969 1863 5024 dabantur

287 5070 394 5108 non
417 5055 678 5125 accipere,
699 5056 978 5111 declarans
1004 5072 1153 5112 suam
1177 5067 1232 5113 et
1256 5056 1308 5111 in
1336 5058 1437 5112 hcc
1459 5058 1858 5127 humanitatem,

284 5154 338 5198 et
365 5143 783 5214 plsilosophicam
808 5157 1061 5213 mentem,
1090 5147 1260 5217 inquit
1286 5165 1301 5202 :
1329 5148 1415 5203 24.
1441 5147 1554 5203 Νοη
1578 5149 1856 5217 accipiam,

283 5235 506 5306 emptis
543 5236 606 5288 iis
642 5251 754 5305 qua
793 5238 1109 5290 comederunt
1133 5239 1364 5308 juvenes,
1395 5248 1442 5292 et
1470 5241 1697 5306 portione
1723 5240 1859 5292 uiro-

287 5338 401 5378 rum
427 5324 517 5394 qui
544 5341 736 5378 mecum
763 5336 1019 5388 uerterunt,
1051 5325 1259 5393 Eschol,
1286 5328 1491 5393 Aunan,
1518 5327 1780 5393 Mambre;
1823 5329 1862 5382 ii

233 5412 534 5485 "Ica'ﬁall
574 5415 870 5484 porticum.
915 5415 1042 5480 llos,
1079 5417 1263 5486 inquit,
1296 5419 1592 5486 permittam
1619 5419 1861 5487 accipere

271 5539 319 5612 ί,
347 5537 426 5606 (α)
455 5548 507 5594 ιιι
528 5549 708 5612 βἐοον
732 5561 973 5609 σφωε-κῆρι.
1015 5553 1155 5596 Porro
1187 5562 1386 5612 mw?
1407 5547 1534 5610 globi
1554 5549 1758 5612 formam
1777 5564 1861 5612 po-

284 5604 384 5653 tius
403 5604 726 5672 exprimeret,
743 5604 886 5672 quam
907 5604 1124 5657 acimwn.
1146 5604 1319 5658 Veiuin
1341 5604 1466 5671 abitu
1490 5604 1600 5658 Lx'x
1619 5604 1861 5672 Interpre-

284 5672 380 5722 tes,
404 5665 630 5728 cm
655 5665 853 5730 legiiur,
891 5681 1033 5730 quam
1057 5683 1225 5719 vocem
1268 5665 1662 5733 interpretantur,
1702 5665 1859 5722 corri-

283 5747 431 5798 qtam.
459 5743 553 5784 \‘ox
576 5739 802 5787 ttebraica
821 5745 913 5798 est,
930 5736 1091 5809 an,
1112 5742 1526 5806 corrigimomnes
1540 5742 1657 5793 Editi
1676 5750 1727 5793 et
1749 5747 1856 5792 Mss.

281 5818 616 5882 dimostomi,
640 5839 879 5886 οᾳιιρυτῆριι,
907 5823 1104 5874 habent.

1297 369 1381 434 ἸΝ
1407 371 1559 434 CAP.
1602 370 1739 432 XIV.
1773 370 2022 430 GENBS.
2065 372 2297 430 IIOMIL.
2337 375 2552 430 XXXV.

3459 382 3566 438 350

1993 490 2289 559 portionem
2316 493 2564 562 aliquam,
2595 492 2852 562 quoniam
2874 492 3102 562 ingentis
3124 493 3372 550 amicitia:
3394 501 3565 565 speci-

1987 596 2108 634 men
2149 581 2501 636 declararunt.
2553 582 2624 636 Hi
2658 583 2798 638 enim
2828 594 2990 649 erant,
3023 585 3210 655 inquit,
3242 587 3568 657 confarderuti

1986 671 2177 727 Abrae:
2203 672 2304 726 hoc
2329 682 2430 738 est,
2460 673 2688 727 amicitia
2715 673 2981 743 conjuncti
3014 691 3028 727 :
3059 675 3198 745 quod
3229 675 3353 730 hinc
3381 687 3565 732 osten-

1985 761 2129 816 ditur
2157 764 2277 833 quia
2322 764 2373 818 in
2414 775 2616 832 partem
2658 766 3008 834 periculorum
3035 781 3156 820 cum
3185 782 3253 820 eo
3277 779 3560 823 venerunt.

1983 850 2134 906 Unde
2160 869 2501 908 renumerare
2533 855 2715 911 volens
2736 871 2848 921 eos,
2880 855 3002 910 facit
3027 867 3082 910 ut
3109 867 3307 926 partem
3331 860 3561 928 aliquam

1982 943 2277 1010 accipiant,
2309 945 2651 1011 apostolicam
2681 946 2850 1015 legem
2881 947 3040 1002 etiam
3079 949 3132 1002 in
3165 948 3267 1002 hoc
3296 950 3520 1020 implens
3542 993 3558 1014 ,

1980 1048 2100 1100 qua:
2123 1033 2251 1088 dicit
2280 1053 2294 1088 :
2326 1035 2516 1105 Dignus
2543 1047 2616 1089 est
2641 1039 2900 1107 operarius
2924 1037 3163 1092 alimento
3197 1056 3289 1094 suo
3330 1039 3350 1112 (
3373 1041 3557 1094 Matth.

1982 1122 2068 1177 10.
2100 1123 2198 1185 1ος
2226 1123 2352 1179 Luc.
2384 1126 2468 1180 10.
2497 1127 2570 1196 7).
2601 1126 2737 1180 Nihil
2765 1129 2904 1182 enim
2935 1143 3028 1181 eos
3054 1130 3189 1183 ultra
3221 1146 3371 1184 usum
3403 1148 3559 1185 suum

1980 1214 2221 1283 accipere
2244 1218 2531 1284 permittit;
2567 1217 2696 1272 dicit
2720 1219 2861 1272 enim
2894 1236 2907 1271 :
2940 1221 3176 1288 Exceptis
3200 1221 3260 1276 iis
3283 1238 3397 1290 qua:
3423 1240 3563 1276 rom-

1979 1304 2188 1360 edertmt
2200 1310 2428 1379 juvenes,
2455 1320 2500 1363 et
2531 1311 2756 1380 portione
2781 1329 2953 1365 eorum
2977 1313 3061 1382 qui
3087 1330 3278 1366 mecum
3298 1326 3559 1380 venerunt,

1979 1393 2188 1463 Eschol,
2222 1399 2426 1466 Aunon,
2457 1401 2720 1464 Humbre;
2750 1403 2786 1454 ii
2805 1403 3049 1470 accipient
3077 1405 3376 1472 portionem.
3410 1406 3556 1460 Vidi-

1978 1490 2076 1540 stis
2115 1491 2431 1560 exquisitam
2483 1492 2799 1562 patriarcha:
2841 1495 3111 1562 virtutem,
3145 1498 3410 1565 quomodo
3437 1513 3556 1552 eam

1977 1579 2368 1651 philosophiam
2409 1584 2690 1649 exhibeat,
2739 1601 2855 1656 qua:
2896 1603 3054 1657 opum
3099 1599 3458 1658 contemptum
3505 1600 3560 1646 et

1979 1671 2294 1726 modestiam
2325 1676 2560 1745 respicit,
2590 1675 2824 1745 nihilque
2854 1693 2957 1730 non
2983 1687 3137 1747 agat,
3167 1689 3223 1732 ut
3249 1696 3314 1734 ne
3346 1696 3439 1749 per
3465 1699 3555 1734 ar-

1979 1774 2103 1829 roga
2115 1764 2276 1816 ntiam
2301 1774 2355 1818 et
2384 1778 2745 1836 contemptum
2778 1768 2829 1821 id
2851 1770 3024 1823 lacere
3047 1770 3304 1839 videatur,
3331 1788 3503 1842 neque
3524 1788 3556 1827 e

1976 1852 2194 1906 victoria
2224 1857 2527 1926 superbiat?

2049 1945 2097 1998 7.
2133 1944 2348 2002 Moralis
2375 1951 2676 2004 exhortatio.
2695 1980 2766 1992 --
2794 1951 2977 2008 Talem
3005 1955 3178 2009 virum
3211 1956 3476 2012 imitemur
3505 1968 3555 2012 t'l

1977 2051 2095 2099 nos,
2124 2038 2366 2102 obsecro,
2387 2051 2439 2096 et
2459 2057 2675 2110 Operam
2700 2042 2907 2108 demus,
2935 2055 2992 2099 ut
3016 2047 3237 2102 invictos
3261 2064 3357 2103 nos
3377 2059 3555 2104 custo-

1977 2125 2202 2191 diamus,
2242 2137 2297 2182 et
2339 2145 2511 2200 neque
2552 2132 2763 2187 virtutis
2801 2135 3020 2189 obtentu
3057 2137 3319 2205 superbia:
3359 2139 3552 2192 famam

1976 2219 2341 2287 acquiramus,
2368 2239 2538 2293 neque
2567 2225 2839 2280 modestia:
2866 2227 3083 2281 obtentu
3109 2230 3354 2284 virtutem
3382 2233 3552 2300 negli-

1973 2323 2161 2377 gamus
2195 2329 2208 2364 :
2244 2313 2338 2367 sed
2370 2313 2563 2384 ubique
2590 2316 2803 2370 modum
2829 2331 3101 2372 servemus
3120 2361 3136 2383 ,
3165 2329 3220 2373 et
3247 2320 3399 2376 bouis
3421 2337 3552 2390 ope-

1975 2399 2125 2454 ribus
2155 2405 2350 2456 nostris
2379 2403 2752 2473 humilitatem,
2780 2410 2929 2478 quasi
2959 2409 3356 2467 fundamentum
3386 2423 3441 2468 et
3469 2415 3554 2468 ba-

1974 2490 2076 2544 sim
2102 2492 2476 2562 subjiciantus,
2517 2507 2574 2550 ut
2601 2513 2787 2552 secure
2809 2516 2926 2568 qua:
2955 2501 3020 2554 ad
3043 2503 3288 2556 virtutem
3311 2515 3554 2573 spectant

1973 2593 2284 2639 construere
2304 2587 2590 2642 valeamus.
2633 2588 2757 2644 llaec
2792 2591 2933 2645 enim
2957 2607 3080 2646 vere
3101 2594 3263 2647 virtus
3297 2603 3395 2658 est,
3432 2613 3550 2664 qttzc

1973 2675 2308 2742 conjunctam
2338 2676 2497 2732 habet
2517 2678 2886 2734 humilitatem.
2909 2684 3008 2748 Qui
3031 2683 3131 2736 hoc
3153 2683 3549 2741 fundamentum

1975 2772 2088 2817 tuto
2109 2764 2317 2834 jecerit,
2348 2770 2540 2837 poterit
2579 2771 2632 2825 in
2673 2782 2922 2841 quantam
2951 2775 3178 2829 voluerit
3215 2776 3547 2832 altitudinem

1972 2866 2290 2915 structuram
2318 2863 2565 2916 excitare.
2616 2863 2738 2918 llaec
2778 2867 3004 2920 maxima
3042 2877 3124 2922 est
3165 2871 3406 2936 munitio,
3437 2870 3550 2925 haec

1975 2962 2156 3002 murus
2191 2950 2555 3018 inconcussus,
2603 2954 2717 3010 hinc
2758 2955 3176 3026 inexpugnabilis
3219 2962 3398 3025 turris,
3434 2961 3549 3015 hazc

1973 3052 2132 3094 omne
2159 3043 2393 3099 continet
2413 3045 2716 3113 aedificium,
2745 3063 2850 3102 non
2871 3048 3052 3102 sinens
3078 3051 3248 3119 ipsum
3270 3053 3351 3105 vel
3374 3068 3402 3104 a
3422 3068 3549 3107 ven-

1974 3141 2144 3186 torum
2162 3134 2427 3200 violentia,
2449 3137 2528 3191 vel
2555 3137 2621 3192 ab
2645 3137 2894 3196 imbrium
2919 3138 3139 3210 impetu,
3161 3143 3243 3195 vel
3271 3157 3301 3196 a
3331 3141 3548 3198 llatuum

1970 3227 2022 3280 vi
2051 3225 2203 3296 dejici
2238 3245 2250 3280 :
2280 3228 2372 3282 sed
2416 3229 2664 3283 omnibus
2703 3231 2907 3286 insidiis
2954 3234 3280 3288 inaccessum
3310 3233 3466 3297 facit,
3496 3245 3551 3290 et

1971 3316 2244 3386 invictum,
2276 3321 2424 3390 quasi
2451 3336 2514 3375 cx
2541 3321 2818 3376 adamante
2844 3331 3208 3378 constructum
3237 3333 3398 3388 esset,
3432 3341 3549 3379 ma—

1970 3423 2205 3479 gnasque
2243 3410 2395 3465 nobis
2423 3411 2614 3466 divina:
2655 3412 2907 3483 largitatis
2943 3415 3217 3470 mercedes
3243 3415 3414 3474 aﬂert.
3447 3417 3549 3472 Per

1970 3498 2108 3554 hanc
2132 3509 2186 3554 et
2213 3503 2510 3570 patriarcha
2543 3511 2806 3558 tantarum
2835 3506 2924 3559 Dei
2952 3507 3360 3576 promissionum
3391 3522 3548 3562 acce-

1970 3590 2048 3659 pit
2079 3592 2516 3660 magnitudinem.
2560 3594 2718 3648 Scitis
2755 3593 2918 3659 enim,
2950 3598 3285 3664 permittente
3322 3599 3450 3662 Deo,
3478 3614 3544 3653 ex

1970 3681 2036 3736 iis
2061 3696 2180 3751 qua:
2220 3682 2272 3736 in
2314 3683 2656 3752 sequentibus
2699 3684 2974 3750 dicentur,
3007 3686 3273 3754 quomodo
3301 3703 3456 3753 nunc,
3489 3700 3548 3743 ut

1967 3773 2287 3842 contempsit
2322 3788 2383 3827 ea
2421 3789 2539 3843 quas
2581 3775 2804 3828 daturus
2846 3785 2960 3829 erat
3007 3775 3356 3832 Sodomorum
3405 3795 3498 3833 rex
3529 3821 3544 3844 ,

1969 3879 2157 3934 magna
2195 3873 2250 3919 et
2286 3865 2566 3921 ineffabilia
2606 3866 2700 3920 Dei
2736 3866 2873 3920 dona
2913 3879 3270 3938 consequutus
3305 3879 3405 3925 est.
3447 3871 3549 3928 Per

1969 3953 2107 4010 hanc
2132 3972 2236 4010 non
2268 3957 2357 4012 ille
2385 3958 2556 4011 solum
2583 3999 2599 4024 ,
2634 3958 2729 4013 sed
2768 3969 2821 4012 et
2854 3960 2980 4027 justi
3015 3975 3200 4015 omnes
3225 3963 3465 4018 celebres
3490 3977 3546 4019 et

1965 4044 2095 4100 clari
2119 4044 2352 4100 fuerunt.
2386 4046 2462 4112 Id,
2490 4056 2748 4117 quotquot
2771 4049 2899 4102 estis
2919 4048 3213 4103 divinarum
3245 4052 3542 4122 Scriptura-

1968 4153 2086 4192 rum
2130 4138 2372 4194 lectionis
2413 4140 2656 4206 studiosi,
2685 4140 2959 4195 addiscere
2988 4143 3245 4210 poteritis.
3276 4144 3544 4216 Benignus

1967 4229 2108 4285 enim
2138 4229 2390 4286 Dominus
2409 4230 2621 4300 quando
2645 4246 2742 4286 nos
2767 4231 2910 4286 videt
2937 4232 3211 4301 despicere
3240 4237 3542 4303 praesentia,

1967 4325 2126 4378 etiam
2174 4324 2285 4395 ipsa
2330 4324 2527 4394 largius
2569 4325 2906 4394 suppeditat,
2943 4326 3204 4396 nobisque
3245 4326 3541 4384 futurorum

1968 4414 2226 4470 bonorum
2257 4414 2484 4469 fructum
2515 4415 2774 4470 recondit.
2806 4415 2996 4471 Videre
3024 4417 3126 4471 hoc
3149 4427 3298 4487 potes
3325 4419 3376 4474 in
3403 4420 3542 4476 divi-

1969 4505 2086 4568 tiis,
2123 4505 2176 4559 in
2211 4505 2378 4575 gloria
2407 4505 2562 4576 hujus
2588 4505 2730 4571 vitae,
2761 4514 2816 4561 et
2844 4507 2898 4561 in
2923 4508 3170 4563 omnibus
3197 4510 3316 4565 aliis
3339 4519 3540 4582 tempo-

1966 4597 2166 4651 ralibus
2191 4596 2369 4651 rebus.

2039 4687 2118 4738 Ad
2135 4696 2470 4753 contemptum
2499 4688 2740 4757 bonorum
2766 4687 2920 4758 hujus
2940 4689 3054 4742 vita:
3073 4690 3320 4744 hortatur.
3338 4722 3409 4731 —
3437 4692 3544 4748 De-

1967 4777 2254 4844 spiciamus
2294 4777 2452 4846 igitur
2488 4788 2778 4848 prmsentes
2802 4779 3036 4846 divitias,
3063 4790 3121 4834 ut
3151 4796 3302 4835 veras
3331 4784 3543 4839 divitias

1969 4867 2206 4920 invenire
2227 4867 2530 4934 valeamus;
2559 4868 2912 4938 despiciamus
2928 4883 3116 4923 vanam
3140 4868 3276 4923 hanc
3296 4871 3540 4941 gloriam,

1967 4968 2022 5010 ut
2047 4973 2169 5011 vera
2195 4957 2282 5011 illa
2313 4968 2366 5013 et
2385 4959 2551 5013 solida
2578 4960 2849 5022 fruamur;
2871 4958 3204 5013 derideamus
3225 4973 3539 5029 prmsentem

1967 5048 2408 5118 prosperitatem,
2459 5059 2515 5103 ut
2563 5066 2755 5105 arcana
2812 5051 2899 5105 illa
2944 5051 3078 5103 bona
3117 5066 3540 5122 consequamur;

1967 5138 2116 5193 nihili
2149 5139 2400 5194 faciamus
2429 5141 2737 5208 praesentia,
2764 5149 2822 5194 ut
2848 5140 2914 5196 ad
2943 5140 3117 5196 futura
3143 5145 3358 5211 praemia
3391 5145 3537 5206 exci-

1966 5231 2064 5284 tari
2090 5230 2381 5285 valeamus.
2409 5230 2590 5300 Neque
2609 5233 2750 5286 enim
2782 5233 3032 5300 possibile
3061 5243 3175 5300 est,
3204 5244 3261 5288 ut
3288 5237 3376 5304 qui
3404 5251 3537 5306 pra:-

1965 5323 2204 5377 scntibus
2236 5333 2318 5376 est
2353 5323 2622 5388 addictus,
2668 5323 3007 5379 inell'abilium
3045 5325 3303 5382 bonorum
3332 5329 3517 5384 deside

1965 5415 2102 5468 rium
2127 5414 2390 5482 concipiat
2424 5429 2670 5484 umquam
2699 5417 2798 5486 (a),
2824 5419 2959 5471 sicut
2979 5417 3291 5488 lippitudine
3309 5420 3536 5489 quadam

1967 5503 2152 5567 oculos
2191 5502 2491 5573 obtegente,
2521 5504 2592 5558 ita
2634 5507 2973 5575 praesentium
3004 5508 3291 5577 cupiditate
3327 5509 3526 5563 intelle-

2028 5637 2102 5701 (a)
2137 5644 2266 5687 Mens
2286 5637 2603 5701 Chrysostomi
2627 5642 2723 5701 est,
2740 5650 2835 5685 non
2848 5650 2996 5701 posse
3019 5651 3130 5686 eum
3154 5639 3237 5701 qui
3252 5638 3401 5701 rebus
3415 5651 3536 5699 prie-

1963 5698 2185 5750 sentibus
2205 5702 2268 5748 sit
2298 5698 2531 5756 addictus,
2556 5698 2822 5748 cadestium
2845 5699 3078 5747 bonorum
3099 5698 3242 5748 simul
3265 5698 3541 5761 eodemque
3578 5743 3585 5750 .

1965 5771 2184 5824 tempore
2211 5762 2456 5811 desiderio
2479 5761 2637 5810 teneri
2663 5775 2676 5809 :
2701 5762 3006 5825 posseﬁenim
3045 5764 3130 5810 Dei
3169 5775 3263 5825 ope
3287 5760 3537 5810 l'ultutuab

1970 5837 2031 5874 eo
2054 5821 2178 5874 statu
2200 5837 2480 5887 emergere,
2504 5821 2782 5873 sexcenties
2799 5822 2910 5872 alibi
2929 5821 3060 5873 d.cit.
