4092 6408
557 332 653 389 651
1266 328 1325 384 S.
1363 326 1638 383 JOANNlS
1675 328 2150 389 ClﬂlYSOSTOMI
2188 333 2508 391 ARCIIIEP.
2545 335 3083 398 CONSTANTINOP.

561 457 702 501 ctum
731 445 1049 499 obscurante
1072 484 1088 508 ,
1131 457 1232 497 nec
1271 444 1608 512 permittente
1633 442 1814 498 videre
1849 445 1975 515 quid
2006 445 2148 500 facto

557 554 694 606 opus
724 539 812 592 sit.
845 537 1026 605 Neque
1053 551 1260 590 rursum
1291 536 1404 590 fieri
1433 545 1639 605 potest,
1664 547 1721 591 ut
1745 539 1833 606 qui
1857 538 2148 593 solidorum

560 640 614 683 et
655 630 1005 684 itnmohilium
1058 630 1321 682 bonorum
1362 643 1544 683 amore
1588 637 1817 694 tenetur,
1850 629 1990 688 ﬂuxa
2028 630 2148 693 ista,

557 733 608 777 ct
633 739 753 792 qua:
772 731 1056 792 antequam
1103 729 1394 790 appareant
1434 722 1648 776 avolant
1685 732 1738 776 ct
1779 733 2148 785 marcescunt,

556 815 918 883 concupiscat.
973 813 1104 868 Nam
1159 813 1249 882 qui
1307 812 1522 866 saucius
1570 821 1654 866 est
1705 827 1887 866 amore
1927 812 2145 876 divino,

555 916 612 962 et
637 906 728 976 qui
758 904 1054 959 futurorum
1089 902 1354 958 desiderio
1383 911 1623 966 tenetur,
1663 903 1782 956 aliis
1810 903 1979 957 oculis
2006 904 2150 958 videt

559 997 902 1066 praecutiunt
942 1006 1136 1050 statum
1157 1034 1173 1060 ,
1211 995 1415 1063 scitque
1445 1003 1608 1048 totam
1639 1007 1799 1047 Vitam
1830 1002 2146 1063 pnesenteni
2191 1052 2213 1072 ῃ

557 1098 775 1164 figuram
803 1109 926 1148 esse
957 1102 1118 1162 atque
1150 1091 1407 1145 fallaciam
1432 1133 1447 1156 ,
1477 1098 1531 1144 et
1557 1105 1588 1144 a
1614 1090 1836 1144 somniis
1870 1089 2001 1143 nihil
2041 1089 2125 1144 dif
2130 1119 2147 1130 -

556 1184 716 1240 ferre.
740 1183 941 1239 Idcirco
957 1184 1140 1237 beatus
1171 1182 1366 1236 Paulus
1395 1181 1495 1236 hoc
1521 1181 1717 1250 scripto
1737 1179 1950 1234 tradidit
1969 1198 1981 1233 :
1998 1179 2147 1234 Prte-

560 1277 675 1330 tm’t
721 1278 890 1347 ﬁgura
937 1276 1114 1328 "umidi
1160 1275 1314 1340 Iruius
1354 1274 1432 1343 (l.
1463 1272 1581 1327 Cor.
1612 1273 1664 1325 7.
1691 1273 1785 1341 3|)
1816 1288 1830 1324 :
1858 1271 2150 1328 ostendens

557 1367 786 1422 humana
807 1367 984 1422 omnia
1011 1367 1064 1420 in
1091 1367 1254 1435 figura
1285 1374 1486 1418 tantum
1509 1379 1659 1427 esse,
1689 1378 1753 1418 ac
1792 1363 1931 1418 sicut
1960 1366 2145 1418 umhra

554 1469 610 1513 et
639 1459 904 1514 somnium
927 1459 1157 1513 transire
1176 1499 1190 1522 ,
1233 1457 1364 1512 nihil
1401 1456 1652 1520 solidum,
1683 1456 1814 1510 nihil
1838 1472 2022 1512 verum
2049 1459 2146 1510 ha-

555 1551 756 1606 bentia.
795 1552 988 1606 Annon
1026 1550 1183 1620 igitur
1213 1548 1376 1602 animi
1407 1547 1630 1618 puerilis
1655 1546 1757 1602 hoc
1781 1557 1892 1613 est,
1930 1549 2148 1602 umbras

556 1645 847 1714 suspicere,
873 1645 938 1698 de
968 1643 1192 1698 somniis
1212 1642 1509 1712 superbire,
1533 1649 1587 1696 et
1612 1641 1678 1694 iis
1707 1656 1826 1710 qua:
1849 1641 2005 1710 paulo
2028 1648 2147 1710 post

558 1735 901 1804 pnnteribunt
939 1732 1254 1787 adhmrere?
1298 1731 1534 1784 Pretcrit
1562 1731 1726 1794 enim,
1760 1730 1951 1800 inquit,
1979 1731 2146 1801 ﬁgura

557 1827 707 1896 Imjtts
733 1825 923 1877 ntundi.
951 1823 1129 1893 Itaque
1155 1837 1276 1877 cum
1301 1821 1555 1885 audieris,
1573 1819 1827 1884 Pratert't,
1846 1822 1970 1890 quid
1998 1831 2145 1890 post-

555 1918 652 1972 hac
677 1917 902 1986 amplius
923 1915 1150 1986 quaaris?
1179 1915 1391 1985 quando
1408 1913 1563 1968 audis
1583 1912 1802 1985 figuram
1823 1912 1993 1968 solum
2028 1929 2148 1969 esse

558 2010 789 2062 humana
818 2007 995 2061 omnia
1022 2008 1348 2076 veritatequc
1373 2005 1647 2072 destituta,
1679 2021 1846 2076 quare
1887 2016 1940 2060 te
1972 2005 2145 2075 decipi

554 2108 744 2167 sponte
776 2097 1007 2166 pateris?
1045 2113 1142 2152 cur
1179 2096 1419 2166 cogitans
1458 2110 1616 2164 quam
1657 2096 1764 2149 sint
1796 2095 2066 2150 mutabilia
2091 2106 2145 2150 et

555 2190 718 2253 fluxa,
749 2205 854 2244 non
880 2204 941 2242 ea
968 2188 1229 2258 praeteris,
1262 2196 1319 2240 ut
1346 2187 1414 2242 ad
1439 2188 1525 2242 illa
1547 2202 1665 2257 qua:
1690 2201 1905 2256 semper
1927 2186 2142 2252 durant,

553 2298 618 2336 ac
657 2297 870 2351 semper
906 2281 1114 2336 stabilia
1138 2322 1153 2347 ,
1197 2280 1498 2350 nulliusque
1521 2279 1906 2335 vicissitudinis
1930 2281 2145 2351 capacia

553 2382 698 2436 sunt,
728 2370 1049 2427 desiderium
1077 2369 1403 2425 transferas?

623 2466 676 2520 8.
725 2464 856 2520 Nam
899 2472 958 2518 ut
1001 2464 1144 2518 scias
1181 2462 1514 2532 prudentiam
1542 2461 1776 2517 doctoris
1803 2462 1985 2527 orbis,
2018 2461 2139 2517 vide

552 2557 696 2612 illum
719 2557 824 2612 alio
846 2558 962 2611 loco
982 2555 1159 2610 omnia
1184 2554 1441 2625 praeclara
1462 2553 1620 2624 hujus
1647 2555 1769 2608 vita:
1795 2554 1993 2607 nullius
2018 2569 2139 2608 esse

553 2651 808 2704 momenti
833 2649 1201 2702 demonstrare
1222 2646 1512 2712 volentem,
1535 2646 1676 2716 quali
1695 2655 1873 2700 utatur
1887 2646 2136 2715 loquendi

552 2741 713 2796 modo
740 2758 753 2792 :
781 2739 907 2805 Qua
925 2740 1056 2794 enim
1077 2739 1308 2792 videntur
1325 2747 1674 2791 momentanea
1691 2746 1810 2792 sunt
1838 2736 1914 2809 (2.
1941 2735 2060 2792 Cor.
2085 2737 2139 2791 4.

552 2834 667 2901 18),
711 2832 920 2886 etiamsi
960 2831 1264 2885 divitiarum
1311 2827 1688 2884 abundantiam
1732 2828 1898 2890 dicas,
1937 2827 2143 2882 etiamsi

551 2925 774 2994 gloriam
801 2966 816 2988 ,
857 2922 1067 2978 etiamsi
1108 2922 1441 2988 claritatem,
1488 2921 1700 2976 etiamsi
1751 2920 2139 2990 principatum,

549 3016 757 3070 etiamsi
781 3015 1093 3085 potentiam,
1115 3013 1323 3068 etiamsi
1345 3027 1589 3080 regnum,
1611 3013 1817 3066 etiamsi
1844 3011 2142 3066 diademate

551 3108 854 3162 redimitum
912 3106 1060 3160 illum
1085 3145 1103 3171 ,
1149 3105 1358 3159 etiamsi
1401 3102 1592 3158 solium
1637 3117 1946 3171 supremum
1982 3119 1995 3156 :
2029 3102 2143 3157 hanc

551 3198 731 3251 omnia
759 3211 880 3265 quae
906 3195 1153 3250 videntur
1175 3194 1321 3248 brevi
1353 3203 1593 3264 tempore
1613 3195 1900 3258 manentia,
1929 3208 2036 3248 non
2057 3193 2142 3248 ad-

550 3291 766 3343 modum
793 3287 1100 3343 diuturnum
1140 3286 1220 3340 sui
1256 3284 1484 3339 fructum
1523 3283 1676 3338 nobis
1713 3283 1968 3354 prmbent.
2010 3284 2140 3352 Qua

551 3382 709 3451 igitur
750 3396 846 3435 nos
886 3381 1155 3450 inquirere
1192 3378 1292 3442 vis,
1322 3377 1369 3431 si
1407 3377 1583 3431 omnia
1615 3387 1952 3446 lemporanea
1973 3378 2142 3432 sunt?

549 3472 664 3534 Illa,
693 3470 883 3540 inquit,
915 3485 1034 3541 qua:
1063 3485 1170 3524 non
1196 3468 1462 3532 videntur,
1481 3467 1714 3522 nonbaec
1738 3483 1858 3538 qua:
1876 3468 2137 3533 videntur,

547 3562 641 3616 sed
671 3562 754 3616 illa
788 3562 899 3630 ipsa
934 3576 1055 3630 qua:
1085 3561 1230 3614 hisce
1259 3560 1431 3614 oculis
1469 3559 1837 3628 corporalibus
1877 3575 1982 3613 non
2019 3575 2138 3629 spc-

547 3664 776 3709 ctantur.
805 3653 874 3707 Et
891 3653 1009 3722 quis
1032 3651 1133 3705 hoc
1151 3652 1474 3716 consuleret,
1508 3660 1564 3703 ut
1591 3665 1712 3719 qua:
1732 3649 1980 3704 videntur
2006 3665 2141 3720 prte-

550 3756 840 3812 tereantur,
872 3755 925 3799 et
949 3761 1068 3814 qua:
1099 3761 1201 3798 ιιοιι
1230 3742 1279 3797 \i
1299 3745 1498 3807 lentur,
1524 3741 1886 3811 iuquirantur'!
1915 3739 2030 3810 Ipsa
2056 3756 2141 3795 rc-

548 3855 690 3905 rum,
714 3839 902 3908 inquit,
927 3848 1112 3890 natura
1130 3837 1320 3889 doceat
1338 3849 1453 3887 vos.
1485 3833 1616 3888 Nam
1645 3833 1758 3887 lucc
1779 3831 1992 3902 quidem
2016 3831 2141 3886 licet

548 3933 848 3996 videantur,
872 3930 1048 3985 statim
1073 3939 1246 3983 tamen
1277 3927 1642 3998 prmterlluunt
1663 3943 1680 3979 :
1705 3925 1794 3980 illa
1819 3936 1994 3980 autem
2018 3925 2140 3980 licet

549 4039 692 4078 nunc
718 4038 782 4077 ea
808 4021 988 4077 videre
1015 4036 1120 4075 non
1151 4021 1418 4091 possimus
1437 4060 1452 4085 ,
1481 4028 1603 4073 sunt
1633 4027 1808 4073 tamen
1841 4027 2097 4089 perpetua
2117 4057 2133 4083 ,

547 4131 761 4185 semper
785 4113 999 4180 durant,
1034 4113 1323 4167 terminum
1350 4112 1614 4173 nesciunt,
1647 4112 1807 4164 tinem
1851 4125 1955 4163 non
1998 4108 2140 4163 acci-

548 4210 729 4279 piunt,
762 4206 1180 4262 vicissitudinem
1221 4205 1495 4275 ignorant,
1527 4203 1735 4257 stabilia
1764 4210 1818 4257 ct
1848 4201 2134 4255 immobilia

547 4307 696 4354 sunt:
739 4298 1004 4353 Fortassis
1043 4295 1255 4350 tandem
1295 4297 1552 4350 molestus
1579 4308 1701 4348 esse
1724 4292 1928 4355 videar,
1956 4292 2136 4362 quoti-

546 4391 636 4445 die
665 4390 857 4443 frustra
882 4387 1169 4442 consulens
1193 4404 1207 4440 :
1236 4385 1332 4441 sed
1351 4385 1476 4457 quid
1506 4385 1733 4440 faciam?
1757 4384 1998 4454 Magnum
2027 4398 2139 4438 ma-

547 4482 674 4538 litia!
700 4482 955 4534 damnum
983 4488 1065 4534 est
1085 4518 1098 4542 ,
1126 4491 1318 4546 magna
1344 4478 1686 4546 pecuniarum
1715 4477 1952 4546 tyrannis
1973 4516 1988 4540 ,
2019 4491 2135 4529 ma-

548 4590 649 4644 gna
691 4574 943 4627 virtutum
995 4573 1207 4625 raritas.
1263 4569 1387 4624 Ideo
1432 4571 1590 4639 cupio
1630 4569 1712 4623 vel
1757 4568 2137 4623 admonitionis

551 4667 862 4722 assiduitate
887 4663 1134 4719 morbum
1161 4662 1374 4718 vincere
1397 4703 1412 4726 .
1447 4672 1504 4717 et
1541 4661 1890 4716 incolumitati
1918 4662 2136 4732 integra:

551 4759 654 4812 huc
682 4757 1063 4812 convenientes
1087 4754 1391 4809 restituere.
1421 4754 1550 4808 Eam
1577 4754 1722 4809 enim
1748 4753 1818 4807 ob
1844 4769 1958 4808 rem
1987 4753 2135 4808 Scri-

545 4858 732 4921 pturas
758 4845 1043 4902 enarrandi
1078 4853 1282 4899 tantum
1313 4843 1469 4898 nobis
1493 4852 1577 4897 est
1601 4843 1834 4898 studium
1878 4851 1934 4899 et
1966 4843 2135 4912 justo-

548 4956 665 4995 rum
700 4940 928 4994 virtutes
953 4939 1006 4993 in
1037 4937 1270 4992 medium
1297 4934 1568 4990 offerimus
1598 4952 1611 4989 :
1651 4950 1748 4989 nec
1778 4933 1920 5004 piget
1947 4934 2134 4989 eadem

547 5033 743 5101 smpius
771 5040 1036 5101 repetere,
1063 5039 1122 5084 ut
1158 5043 1254 5100 per
1277 5029 1457 5082 omnia
1481 5041 1574 5082 Vos
1601 5026 1854 5082 inducere
1878 5025 1946 5081 ad
1971 5041 2139 5082 remu-

547 5125 800 5179 lationem
828 5122 1093 5192 iustorum
1121 5120 1411 5174 valeamus.

622 5216 953 5284 Eteemosyna
980 5213 1304 5282 prmdicatur.
1335 5241 1406 5251 —
1431 5210 1527 5265 Vel
1557 5221 1682 5266 sero
1709 5209 1923 5264 tandem
1951 5209 2136 5264 salutis

549 5319 748 5362 nostra:
786 5321 972 5361 curam
1013 5303 1290 5368 faciamus,
1322 5314 1375 5358 et
1405 5303 1542 5359 bene
1566 5312 1778 5358 utamur
1807 5303 1871 5358 ad
1898 5301 2136 5358 inducias

549 5400 703 5454 nobis
731 5398 864 5452 dato
887 5396 1050 5466 hujus
1068 5397 1191 5450 vitae
1217 5395 1466 5461 decursu,
1485 5403 1544 5450 et
1569 5394 1694 5449 dum
1725 5394 1898 5449 adhuc
1927 5403 2136 5464 tempus

547 5502 652 5556 est,
684 5488 750 5547 ad
781 5489 1146 5560 ptenitentiam
1172 5497 1226 5543 et
1250 5487 1493 5558 lapsuum
1513 5486 1899 5542 correctionem
1921 5486 2137 5541 festine-

550 5601 671 5639 mus
694 5625 710 5650 ,
743 5583 1196 5654 pecuniamque
1221 5578 1602 5635 abundantiam
1633 5579 1684 5633 in
1710 5579 2008 5634 animarum
2033 5593 2133 5634 no-

548 5689 779 5733 strarum
815 5678 1040 5733 salutem
1065 5672 1427 5744 expendamus
1446 5711 1460 5735 ,
1488 5661 1864 5741 superﬂuaque
1892 5671 2133 5741 indigen-

552 5772 692 5824 tibus
718 5771 1063 5824 insumamus.
1109 5766 1284 5834 Quare
1323 5765 1488 5832 enim,
1513 5764 1597 5820 dic
1633 5763 1783 5830 mihi,
1817 5764 2075 5834 permittis
2100 5779 2128 5819 a

3741 353 3848 411 31!?

2261 447 2504 517 rubigine
2526 464 2712 503 aurum
2733 460 2788 506 et
2805 465 3083 522 argentum
3105 458 3371 524 consumi,
3415 475 3533 528 quae
3571 467 3851 532 oportebat

2263 538 2312 592 in
2343 553 2632 608 pauperum
2658 552 2872 596 ventres
2896 543 3203 611 effundere,
3235 557 3294 602 ut
3321 549 3371 602 in
3405 558 3516 607 tuto
3541 566 3840 623 promptua-

2261 627 2342 680 rio
2369 627 2612 698 deposita
2635 671 2650 696 ,
2685 640 2924 700 tempore
2947 648 3053 704 quo
3081 636 3308 690 maxime
3329 654 3462 708 opus
3481 656 3663 698 eorum
3689 646 3850 713 adju-

2261 717 2397 771 torio
2423 718 2662 786 habebis,
2698 719 2820 776 hinc
2846 725 3268 781 consolationem
3300 727 3576 795 invenias;
3604 743 3659 786 et
3693 735 3848 802 quia

2261 817 2312 862 te
2339 809 2423 863 hic
2449 813 2583 879 pasti
2615 822 2774 876 sunt,
2808 814 2899 868 illo
2924 815 3012 869 die
3047 817 3255 872 fiducia:
3281 819 3427 874 fores
3451 822 3542 876 tibi
3567 826 3811 894 aperiant
3836 868 3852 888 .

2258 908 2313 953 et
2337 901 2598 970 accipiant
2618 912 2671 957 te
2694 905 2744 958 in
2765 914 2964 960 mterna
2986 923 3082 961 sua
3107 907 3443 966 tabernacula
3469 912 3616 982 (Luc.
3636 917 3721 969 lfi.
3747 918 3808 985 9)
3832 914 3854 968 ἶ

2263 991 2446 1048 Vestes
2463 1009 2672 1064 quoque
2689 1012 2794 1050 non
2817 998 3051 1052 sinamus
3075 1015 3106 1054 a
3129 1001 3398 1056 vermihus
3417 1004 3552 1070 rodi,
3570 1015 3625 1060 et
3642 1008 3848 1078 absque

2259 1099 2356 1137 usu
2381 1086 2431 1138 in
2455 1088 2650 1141 arculis
2680 1099 3006 1157 putrescere,
3034 1107 3155 1146 cum
3183 1102 3262 1150 tot
3285 1097 3392 1152 sint
3419 1099 3508 1167 qui
3536 1100 3842 1170 indigeant,

2257 1187 2310 1231 et
2364 1179 2708 1236 obambulent
2760 1183 2885 1237 nudi
2927 1185 3068 1241 :sed
3115 1186 3280 1255 pluris
3329 1187 3586 1246 faciamus
3637 1193 3842 1249 nudum

2241 1270 2549 1335 Christum,
2579 1288 2738 1342 quam
2771 1275 2961 1341 tineas,
2988 1287 3042 1331 et
3069 1277 3350 1334 induamus
3371 1297 3491 1336 eum
3512 1284 3601 1352 qui
3623 1295 3847 1353 prepter

2206 1432 2217 1448 Ι
2255 1372 2493 1416 nostram
2523 1364 2748 1419 salutem
2777 1367 2949 1422 nudus
2968 1369 3293 1436 obambulat,
3319 1383 3378 1426 nt
3400 1387 3520 1429 cum
3556 1376 3726 1443 ipsum
3756 1377 3848 1431 in-

2254 1453 2550 1521 duerimus,
2574 1456 2851 1512 audiamus
2876 1459 2926 1514 in
2950 1460 3036 1514 die
3064 1461 3154 1516 illo
3180 1478 3193 1515 :
3225 1462 3410 1518 Nudus
3430 1476 3639 1520 etram-et
3660 1485 3738 1521 me
3760 1470 3847 1522 in-

2254 1546 2432 1599 duistis
2463 1545 2672 1617 (Matth.
2701 1548 2789 1603 25.
2819 1550 2934 1619 56).
2973 1551 3110 1607 Num
3134 1569 3358 1609 onerosa
3385 1568 3508 1611 sunt
3535 1568 3798 1628 prmcepta
3823 1562 3849 1614 ?

2256 1653 2381 1692 num
2411 1640 2672 1696 molesta?
2703 1641 2779 1698 Ea
2800 1657 2920 1712 quze
2941 1654 3194 1713 pereunt,
3226 1646 3414 1714 inquit,
3443 1665 3560 1718 quae
3589 1665 3619 1704 a
3645 1653 3847 1706 vermi-

2253 1727 2352 1782 bus
2376 1729 2719 1798 arroduntur,
2740 1748 2858 1802 quae
2886 1733 3087 1804 absque
3116 1752 3212 1790 usu
3232 1746 3286 1790 et
3307 1736 3499 1792 frustra
3519 1755 3840 1794 consumun-

2255 1829 2359 1882 tur.
2395 1820 2509 1875 haec
2538 1823 2738 1877 utiliter
2767 1824 3075 1895 dispensare
3100 1837 3312 1897 satage,
3343 1837 3400 1883 ut
3434 1839 3492 1885 et
3531 1830 3845 1887 detrimenti

2253 1908 2507 1965 damnum
2535 1910 2786 1982 effugias,
2831 1925 2885 1969 et
2921 1931 2985 1971 ex
3027 1917 3155 1986 ipsis
3194 1919 3398 1974 lucrum
3429 1923 3713 1976 maximum
3743 1919 3844 1979 tibi

2256 2014 2432 2068 pares.
2466 2001 2697 2069 Ingentis
2718 2005 2858 2058 enim
2885 2016 2937 2060 et
2965 2023 3169 2077 magna:
3200 2009 3597 2067 inhumanitatis
3618 2023 3694 2067 est
3719 2025 3845 2081 post

2256 2098 2332 2143 tot
2357 2090 2620 2146 bonorum
2647 2102 2701 2148 et
2724 2093 3028 2150 facultatum
3058 2113 3232 2161 usum,
3257 2100 3451 2155 arculis
3479 2111 3530 2156 et
3557 2105 3721 2157 muris
3753 2121 3841 2157 tn-

2253 2181 2475 2237 cludere
2502 2185 2766 2254 superﬂua
2787 2227 2802 2250 ,
2833 2196 2886 2240 et
2910 2203 3014 2241 non
3043 2189 3146 2241 illis
3172 2190 3453 2245 sublevare
3478 2195 3843 2261 proximorum

2251 2270 2515 2341 inopiam,
2558 2275 2651 2330 sed
2697 2277 2872 2331 sinere
2916 2294 2943 2329 a
2983 2279 3224 2349 rubigine
3263 2289 3317 2334 et
3357 2281 3492 2335 tinea
3524 2286 3698 2352 potius
3721 2303 3845 2341 cor-

2251 2363 2423 2432 rumpi
2461 2378 2524 2419 ac
2569 2365 2876 2434 prasdonum
2901 2369 3145 2422 manibus
3163 2371 3402 2437 esposita
3433 2372 3751 2442 relinquere,
3785 2383 3845 2430 et

2251 2463 2467 2521 propter
2509 2453 2597 2507 illa
2644 2457 2916 2525 suppliciis
2957 2459 3132 2527 pntius
3173 2459 3351 2528 plecti,
3383 2477 3538 2530 quam
3571 2464 3656 2516 ubi
3690 2476 3841 2520 recte

2250 2545 2663 2616 dispensaveris,
2696 2566 2796 2619 pro
2833 2552 2913 2606 eis
2955 2554 3230 2621 praemium
3276 2557 3537 2625 accipere.
3575 2557 3836 2623 Obsecro,

2249 2653 2318 2692 ne
2345 2655 2512 2710 usque
2534 2641 2670 2697 adeo
2699 2642 2922 2698 salutem
2955 2656 3189 2701 nostram
3221 2647 3547 2718 negligamus
3570 2690 3586 2716 ,
3616 2650 3710 2704 sed
3737 2665 3839 2705 el-

2250 2731 2431 2799 pcnsis
2455 2731 2508 2784 in
2531 2748 2794 2802 pauperes
2815 2735 3116 2804 superfluis.
3142 2753 3385 2807 magnam
3411 2740 3562 2794 nobis
3589 2739 3841 2794 fiduciam

2247 2831 2404 2876 antea
2422 2838 2759 2893 reponamus,
2779 2834 2838 2880 ut
2858 2827 3210 2884 ineﬂ‘abilibus
3228 2831 3377 2885 bouis
3396 2832 3493 2886 frui
3516 2848 3840 2900 mereamur,

2247 2914 2416 2982 gratia
2461 2924 2517 2969 et
2563 2915 2930 2972 misericordia
2973 2918 3181 2974 Domini
3227 2923 3395 2976 nOstri
3432 2922 3558 2979 Jesu
3598 2923 3840 2993 Christi.

2246 3017 2368 3057 cum
2397 3020 2502 3074 quo
2531 3005 2673 3060 Patri
2715 3016 2772 3062 et
2808 3018 2995 3064 sancto
3029 3009 3247 3080 Spiritui
3277 3014 3442 3084 gloria
3463 3056 3479 3081 ,
3517 3015 3839 3085 imperium,

2249 3093 2456 3161 honor,
2497 3111 2640 3158 nunc
2682 3106 2739 3155 et
2777 3113 3028 3170 semper,
3069 3111 3124 3157 et
3163 3103 3217 3158 in
3259 3105 3455 3159 sincula
3493 3107 3838 3164 sasculorum.

2246 3185 2444 3241 Amen.

2756 3323 3032 3381 lIOMlLlA
3073 3327 3315 3384 XXXVI.

2245 3431 2372 3487 Post
2393 3433 2499 3488 Im
2525 3445 2690 3490 autem
2706 3438 2852 3491 verba
2871 3443 3036 3509 factus
3060 3450 3130 3495 est
3155 3457 3316 3496 sermo
3333 3441 3540 3498 Domini
3557 3446 3626 3500 ad
3645 3448 3839 3503 Abram

2317 3543 2405 3596 per
2433 3528 2671 3581 visionem
2699 3530 2879 3597 noctis,
2907 3531 3078 3586 dicens
3098 3544 3119 3587 .‘
3153 3531 3238 3585 Ne
3280 3534 3454 3588 timeas
3495 3536 3703 3604 Abram,
3744 3555 3841 3610 ego

2317 3627 2565 3688 protector
2594 3629 2705 3673 tuus
2725 3637 2839 3674 sum
2863 3637 2883 3676 .'
2912 3639 3098 3678 merces
3125 3633 3210 3676 tua
3225 3624 3386 3679 multa
3405 3627 3496 3680 erit
3515 3628 3659 3681 valde
3679 3629 3838 3700 (Gen.

2319 3709 2401 3764 is.
2438 3711 2516 3779 t).

2319 3823 2370 3877 1.
2401 3822 2679 3880 Thesauro
2701 3826 2930 3896 cuipiam
2958 3828 3150 3883 similis
3173 3839 3253 3885 est
3270 3829 3532 3899 iustorum
3553 3833 3743 3895 virtus.
3784 3835 3836 3890 in

2244 3932 2351 3987 quo
2381 3919 2622 3988 plurima:
2648 3928 2703 3977 et
2731 3920 3026 3978 ineffabiles
3054 3921 3251 3978 divitiae
3279 3924 3663 3982 reconduntur.
3701 3927 3836 3982 Nam

2243 4011 2378 4064 sicut
2403 4011 2490 4080 qui
2515 4028 2578 4066 ex
2607 4011 2698 4066 illo
2723 4013 2804 4068 vel
2831 4029 3045 4082 parvam
3085 4015 3368 4083 quamdam
3403 4029 3610 4086 partem
3640 4035 3840 4090 capere

2244 4109 2437 4170 potest,
2461 4103 2654 4157 multas
2705 4105 2805 4158 sibi
2859 4105 2981 4160 inde
3026 4115 3176 4176 parat
3210 4123 3340 4178 opes
3374 4127 3386 4162 :
3417 4110 3486 4164 ita
3517 4113 3734 4167 evenire
3782 4115 3837 4168 in

2242 4193 2524 4249 virtutibus
2547 4195 2861 4263 patriarcha:
2880 4196 3281 4266 deprehendere
3304 4202 3424 4270 quis
3449 4211 3640 4271 potest.
3691 4204 3838 4262 Ecce

2245 4283 2356 4338 fere
2385 4287 2620 4354 quutidic
2649 4302 2711 4342 ex
2740 4287 2961 4343 historia
2986 4290 3103 4359 ejus
3135 4291 3282 4346 vobis
3302 4292 3596 4350 doctrinam
3633 4311 3837 4368 propo-

2244 4386 2452 4443 nentes,
2489 4392 2675 4446 magna
2700 4377 2941 4449 largitate
2959 4381 3258 4436 convivium
3277 4385 3595 4452 praebemus,
3622 4399 3681 4441 et
3705 4390 3839 4444 hue-

2243 4483 2412 4538 usque
2441 4469 2674 4530 nondum
2701 4485 2920 4540 parvam
2964 4473 3227 4529 bonorum
3255 4475 3396 4530 illius
3423 4491 3649 4546 operum
3707 4497 3834 4550 par-

2245 4567 2352 4614 tem
2373 4575 2625 4616 enarrare
2653 4563 2926 4631 potuimus
2953 4581 2966 4616 :
2994 4565 3155 4619 tantis
3180 4565 3382 4620 scilicet
3409 4568 3646 4622 abundat
3664 4571 3838 4626 virtu-

2244 4652 2401 4708 tibus.
2449 4653 2516 4707 Et
2541 4653 2681 4708 sicut
2714 4669 2746 4709 a
2775 4655 2925 4711 fonte
2950 4657 3112 4726 largis
3139 4656 3334 4713 fluente
3379 4660 3526 4723 rivis,
3576 4663 3740 4717 etiam
3791 4665 3836 4718 si

2242 4757 2428 4798 Otones
2455 4744 2721 4811 hauriant,
2755 4762 2860 4802 non
2890 4748 3059 4803 solum
3084 4763 3189 4804 non
3214 4751 3599 4808 imminnuntur
3632 4752 3836 4811 ﬂuenta

2243 4850 2277 4888 e
2305 4835 2449 4890 fonte
2477 4839 2767 4903 manantia,
2796 4838 2890 4894 sed
2927 4848 3129 4909 quanto
3178 4840 3362 4910 plures
3402 4852 3525 4897 sunt
3568 4846 3661 4914 qui
3712 4846 3838 4902 inde

2243 4925 2507 4993 hauriant,
2537 4937 2685 4983 tanto
2709 4929 2880 4997 major
2907 4945 3164 5000 aquarum
3183 4932 3264 4986 vis
3291 4934 3549 4988 scaturit:
3573 4935 3648 4989 ita
3667 4938 3837 4992 etiam

2244 5020 2296 5072 in
2317 5019 2629 5074 admirando
2654 5021 2954 5090 patriarcha
2978 5022 3092 5077 fieri
3116 5023 3376 5080 videmus.
3401 5024 3540 5090 Quot
3589 5028 3735 5081 enim
3767 5045 3837 5084 ex

2241 5109 2385 5165 illius
2420 5126 2534 5165 aevo
2572 5111 2638 5166 ad
2667 5111 2769 5169 hoc
2811 5127 2980 5184 usque
3014 5122 3229 5184 tempus.
3264 5131 3332 5170 ex
3382 5115 3528 5172 fonte
3567 5117 3835 5174 bonorum

2242 5203 2383 5258 illius
2405 5219 2625 5273 operum
2644 5203 2914 5271 hauriunt,
2943 5215 2999 5260 et
3027 5221 3133 5261 non
3155 5207 3328 5262 solum
3355 5207 3553 5263 ﬂuenta
3582 5225 3690 5265 non
3708 5227 3822 5266 eva-

2239 5304 2485 5359 enarunt,
2517 5295 2611 5348 sed
2636 5295 2806 5350 multo
2830 5294 3184 5352 abundantior
3207 5304 3470 5353 bonorum
3494 5315 3718 5368 operum
3735 5317 3834 5356 co-

2241 5387 2326 5455 pia
2355 5386 2573 5440 ntonat?
2598 5385 2744 5442 Sicut
2765 5389 2906 5442 enim
2927 5389 3466 5459 catemmqusmdam
3489 5405 3731 5454 auream,
3757 5392 3836 5446 sic

2240 5476 2357 5544 ejus
2384 5477 2653 5531 historiam
2677 5478 2729 5532 in
2763 5477 3036 5548 Scriptura
3057 5479 3230 5534 divina
3252 5482 3565 5540 recensitam
3594 5481 3836 5544 invenio-

2241 5585 2395 5634 mus;
2422 5584 2484 5626 ac
2512 5569 2736 5640 singulis
2761 5573 3086 5642 temporibus
3112 5571 3284 5642 primo
3311 5573 3462 5627 illum
3483 5575 3836 5632 observaan

2240 5677 2382 5718 vera:
2407 5661 2759 5735 philosophiae
2787 5665 3086 5733 specimiua
3121 5665 3486 5735 exhibentem,
3539 5668 3833 5738 statimque

2241 5765 2553 5830 sequentem
2583 5755 2675 5814 Dei
2704 5761 3209 5815 remunerationem.
3241 5758 3307 5814 Et
3338 5760 3628 5820 utdiscatis
3671 5761 3744 5817 ita
3767 5777 3831 5820 se
