  <div class='ocr_page' id='page_1' title='image "/cluster/home/n/w/nwhite01/storage/ocr_20150623/53/nnc1.0046978453/331.png"; bbox 0 0 4092 6408; ppageno 0'>
   <div class='ocr_carea' id='block_1_1' title="bbox 443 300 546 354">
    <p class='ocr_par' dir='ltr' id='par_1_1' title="bbox 443 300 546 354">
     <span class='ocr_line' id='line_1_1' title="bbox 443 300 546 354; baseline 0 -1"><span class='ocrx_word' id='word_1_1' title='bbox 443 300 546 354; x_wconf 70' lang='lat'>335</span> 
     </span>
    </p>
   </div>
   <div class='ocr_carea' id='block_1_2' title="bbox 442 409 2115 487">
    <p class='ocr_par' dir='ltr' id='par_1_2' title="bbox 442 409 2115 487">
     <span class='ocr_line' id='line_1_2' title="bbox 442 409 2115 487; baseline -0.001 -19"><span class='ocrx_word' id='word_1_2' title='bbox 442 415 729 487; x_wconf 73' lang='grc' dir='ltr'>συντομίας</span> <span class='ocrx_word' id='word_1_3' title='bbox 763 413 830 467; x_wconf 86' lang='grc' dir='ltr'>τά</span> <span class='ocrx_word' id='word_1_4' title='bbox 855 416 970 467; x_wconf 82' lang='grc' dir='ltr'>κατ’</span> <span class='ocrx_word' id='word_1_5' title='bbox 999 409 1157 466; x_wconf 83' lang='grc' dir='ltr'>αὑτὸν</span> <span class='ocrx_word' id='word_1_6' title='bbox 1179 413 1560 486; x_wconf 87' lang='grc' dir='ltr'>διηγήσασθαι,</span> <span class='ocrx_word' id='word_1_7' title='bbox 1596 414 1680 464; x_wconf 77' lang='grc' dir='ltr'>ἵνα</span> <span class='ocrx_word' id='word_1_8' title='bbox 1703 413 1876 483; x_wconf 77' lang='grc' dir='ltr'>εἰδῆτε</span> <span class='ocrx_word' id='word_1_9' title='bbox 1906 414 2001 466; x_wconf 80' lang='grc' dir='ltr'>καὶ</span> <span class='ocrx_word' id='word_1_10' title='bbox 2023 413 2115 466; x_wconf 93' lang='grc' dir='ltr'>τοῦ</span> 
     </span>
    </p>
   </div>
   <div class='ocr_carea' id='block_1_3' title="bbox 439 500 2120 573">
    <p class='ocr_par' dir='ltr' id='par_1_3' title="bbox 439 500 2120 573">
     <span class='ocr_line' id='line_1_3' title="bbox 439 500 2120 573; baseline 0 -19"><span class='ocrx_word' id='word_1_11' title='bbox 439 502 648 556; x_wconf 83' lang='grc' dir='ltr'>δικαίου</span> <span class='ocrx_word' id='word_1_12' title='bbox 679 503 776 573; x_wconf 90' lang='grc' dir='ltr'>τὴν</span> <span class='ocrx_word' id='word_1_13' title='bbox 834 501 1271 570; x_wconf 82' lang='grc' dir='ltr'>ὑπερϐάλλουσαν</span> <span class='ocrx_word' id='word_1_14' title='bbox 1327 503 1528 566; x_wconf 88' lang='grc' dir='ltr'>πίστιν,</span> <span class='ocrx_word' id='word_1_15' title='bbox 1586 500 1652 570; x_wconf 83' lang='grc' dir='ltr'>ἦν</span> <span class='ocrx_word' id='word_1_16' title='bbox 1694 501 1822 570; x_wconf 85' lang='grc' dir='ltr'>περί</span> <span class='ocrx_word' id='word_1_17' title='bbox 1855 500 1953 563; x_wconf 88' lang='grc' dir='ltr'>τάς</span> <span class='ocrx_word' id='word_1_18' title='bbox 1985 501 2120 554; x_wconf 86' lang='grc' dir='ltr'>ὑπο-</span> 
     </span>
    </p>
   </div>
   <div class='ocr_carea' id='block_1_4' title="bbox 441 587 2120 659">
    <p class='ocr_par' dir='ltr' id='par_1_4' title="bbox 441 587 2120 659">
     <span class='ocr_line' id='line_1_4' title="bbox 441 587 2120 659; baseline -0.001 -17"><span class='ocrx_word' id='word_1_19' title='bbox 441 591 654 659; x_wconf 82' lang='grc' dir='ltr'>σχέσεις</span> <span class='ocrx_word' id='word_1_20' title='bbox 701 590 791 644; x_wconf 86' lang='grc' dir='ltr'>τοῦ</span> <span class='ocrx_word' id='word_1_21' title='bbox 847 590 983 642; x_wconf 88' lang='grc' dir='ltr'>Θεοῦ</span> <span class='ocrx_word' id='word_1_22' title='bbox 1029 590 1418 656; x_wconf 86' lang='grc' dir='ltr'>ἐπιδείκνυται,</span> <span class='ocrx_word' id='word_1_23' title='bbox 1470 587 1685 643; x_wconf 78' lang='grc' dir='ltr'>καὶτοῦ</span> <span class='ocrx_word' id='word_1_24' title='bbox 1739 588 2120 657; x_wconf 81' lang='grc' dir='ltr'>φιλανθρώπου</span> 
     </span>
    </p>
   </div>
   <div class='ocr_carea' id='block_1_5' title="bbox 438 676 2176 748">
    <p class='ocr_par' dir='ltr' id='par_1_5' title="bbox 438 676 2176 748">
     <span class='ocr_line' id='line_1_5' title="bbox 438 676 2176 748; baseline 0.001 -19"><span class='ocrx_word' id='word_1_25' title='bbox 438 678 575 730; x_wconf 69' lang='grc' dir='ltr'>θεοῦ</span> <span class='ocrx_word' id='word_1_26' title='bbox 605 678 742 748; x_wconf 88' lang='grc' dir='ltr'>μετά</span> <span class='ocrx_word' id='word_1_27' title='bbox 773 678 1052 746; x_wconf 76' lang='grc' dir='ltr'>δαψιλείας</span> <span class='ocrx_word' id='word_1_28' title='bbox 1077 677 1174 739; x_wconf 83' lang='grc' dir='ltr'>τάς</span> <span class='ocrx_word' id='word_1_29' title='bbox 1207 677 1443 746; x_wconf 84' lang='grc' dir='ltr'>ἀμοιϐἀς</span> <span class='ocrx_word' id='word_1_30' title='bbox 1476 676 1625 746; x_wconf 85' lang='grc' dir='ltr'>αὑτῷ</span> <span class='ocrx_word' id='word_1_31' title='bbox 1663 677 2041 746; x_wconf 83' lang='grc' dir='ltr'>παρεχομένου</span> <span class='ocrx_word' id='word_1_32' title='bbox 2069 689 2116 730; x_wconf 65' lang='lat' dir='ltr'>ﬂ.</span> <span class='ocrx_word' id='word_1_33' title='bbox 2147 711 2176 723; x_wconf 74' lang='grc' dir='ltr'>.σ</span> 
     </span>
    </p>
   </div>
   <div class='ocr_carea' id='block_1_6' title="bbox 451 760 2118 838">
    <p class='ocr_par' dir='ltr' id='par_1_6' title="bbox 451 760 2118 838">
     <span class='ocr_line' id='line_1_6' title="bbox 451 760 2118 838; baseline -0.002 -20"><span class='ocrx_word' id='word_1_34' title='bbox 451 764 656 828; x_wconf 83' lang='grc' dir='ltr'>Ἱκανὸς</span> <span class='ocrx_word' id='word_1_35' title='bbox 681 767 789 838; x_wconf 85' lang='grc' dir='ltr'>γὰρ</span> <span class='ocrx_word' id='word_1_36' title='bbox 821 766 850 817; x_wconf 84' lang='grc' dir='ltr'>ὁ</span> <span class='ocrx_word' id='word_1_37' title='bbox 896 766 1103 828; x_wconf 89' lang='grc' dir='ltr'>δίκαιος</span> <span class='ocrx_word' id='word_1_38' title='bbox 1151 760 1304 828; x_wconf 76' lang='grc' dir='ltr'>οὗτος</span> <span class='ocrx_word' id='word_1_39' title='bbox 1338 767 1582 828; x_wconf 72' lang='grc' dir='ltr'>ἅπαντας</span> <span class='ocrx_word' id='word_1_40' title='bbox 1621 766 1767 833; x_wconf 81' lang='grc' dir='ltr'>ἡμᾶς</span> <span class='ocrx_word' id='word_1_41' title='bbox 1812 762 2118 826; x_wconf 88' lang='grc' dir='ltr'>παιδεῦσαι,</span> 
     </span>
    </p>
   </div>
   <div class='ocr_carea' id='block_1_7' title="bbox 439 851 2122 924">
    <p class='ocr_par' dir='ltr' id='par_1_7' title="bbox 439 851 2122 924">
     <span class='ocr_line' id='line_1_7' title="bbox 439 851 2122 924; baseline -0.002 -19"><span class='ocrx_word' id='word_1_42' title='bbox 439 852 576 921; x_wconf 85' lang='grc' dir='ltr'>πρὸς</span> <span class='ocrx_word' id='word_1_43' title='bbox 615 853 741 917; x_wconf 77' lang='grc' dir='ltr'>τοὺς</span> <span class='ocrx_word' id='word_1_44' title='bbox 775 853 873 924; x_wconf 81' lang='grc' dir='ltr'>τῆς</span> <span class='ocrx_word' id='word_1_45' title='bbox 905 853 1106 923; x_wconf 78' lang='grc' dir='ltr'>ἀρετῆς</span> <span class='ocrx_word' id='word_1_46' title='bbox 1134 852 1350 921; x_wconf 84' lang='grc' dir='ltr'>ἀγῶνας</span> <span class='ocrx_word' id='word_1_47' title='bbox 1380 854 1517 922; x_wconf 87' lang='grc' dir='ltr'>μετά</span> <span class='ocrx_word' id='word_1_48' title='bbox 1545 852 1852 924; x_wconf 74' lang='grc' dir='ltr'>προθυμίας</span> <span class='ocrx_word' id='word_1_49' title='bbox 1893 851 2122 904; x_wconf 90' lang='grc' dir='ltr'>ἀποδύε-</span> 
     </span>
    </p>
   </div>
   <div class='ocr_carea' id='block_1_8' title="bbox 443 938 2118 1010">
    <p class='ocr_par' dir='ltr' id='par_1_8' title="bbox 443 938 2118 1010">
     <span class='ocr_line' id='line_1_8' title="bbox 443 938 2118 1010; baseline 0.001 -20"><span class='ocrx_word' id='word_1_50' title='bbox 443 939 562 991; x_wconf 86' lang='grc' dir='ltr'>σθαι</span> <span class='ocrx_word' id='word_1_51' title='bbox 589 939 926 1010; x_wconf 76' lang='grc' dir='ltr'>θαρῤοῦντας</span> <span class='ocrx_word' id='word_1_52' title='bbox 972 942 1090 1002; x_wconf 89' lang='grc' dir='ltr'>ταῖς</span> <span class='ocrx_word' id='word_1_53' title='bbox 1115 939 1321 992; x_wconf 81' lang='grc' dir='ltr'>ἀνωθεν</span> <span class='ocrx_word' id='word_1_54' title='bbox 1353 939 1630 1009; x_wconf 91' lang='grc' dir='ltr'>ἀμοιϐαῖς,</span> <span class='ocrx_word' id='word_1_55' title='bbox 1665 940 1757 992; x_wconf 82' lang='grc' dir='ltr'>καὶ</span> <span class='ocrx_word' id='word_1_56' title='bbox 1790 940 1994 1002; x_wconf 87' lang='grc' dir='ltr'>εἰδότας</span> <span class='ocrx_word' id='word_1_57' title='bbox 2024 938 2118 991; x_wconf 90' lang='grc' dir='ltr'>τοῦ</span> 
     </span>
    </p>
   </div>
   <div class='ocr_carea' id='block_1_9' title="bbox 439 1026 2120 1098">
    <p class='ocr_par' dir='ltr' id='par_1_9' title="bbox 439 1026 2120 1098">
     <span class='ocr_line' id='line_1_9' title="bbox 439 1026 2120 1098; baseline 0.001 -21"><span class='ocrx_word' id='word_1_58' title='bbox 439 1027 712 1097; x_wconf 82' lang='grc' dir='ltr'>ἡμετέρου</span> <span class='ocrx_word' id='word_1_59' title='bbox 743 1027 1016 1080; x_wconf 88' lang='grc' dir='ltr'>Δεσπότου</span> <span class='ocrx_word' id='word_1_60' title='bbox 1049 1026 1146 1096; x_wconf 84' lang='grc' dir='ltr'>τὴν</span> <span class='ocrx_word' id='word_1_61' title='bbox 1203 1027 1532 1097; x_wconf 78' lang='grc' dir='ltr'>φιλοτιμίαν,</span> <span class='ocrx_word' id='word_1_62' title='bbox 1568 1027 1744 1080; x_wconf 90' lang='grc' dir='ltr'>πάντα</span> <span class='ocrx_word' id='word_1_63' title='bbox 1770 1027 1838 1081; x_wconf 75' lang='grc' dir='ltr'>τὰ</span> <span class='ocrx_word' id='word_1_64' title='bbox 1885 1027 2120 1098; x_wconf 86' lang='grc' dir='ltr'>δυσχερῆ</span> 
     </span>
    </p>
   </div>
   <div class='ocr_carea' id='block_1_10' title="bbox 438 1114 2122 1186">
    <p class='ocr_par' dir='ltr' id='par_1_10' title="bbox 438 1114 2122 1186">
     <span class='ocr_line' id='line_1_10' title="bbox 438 1114 2122 1186; baseline 0.001 -20"><span class='ocrx_word' id='word_1_65' title='bbox 438 1114 767 1185; x_wconf 79' lang='grc' dir='ltr'>νομιζόμενα</span> <span class='ocrx_word' id='word_1_66' title='bbox 789 1114 930 1168; x_wconf 89' lang='grc' dir='ltr'>κατά</span> <span class='ocrx_word' id='word_1_67' title='bbox 957 1115 1045 1168; x_wconf 90' lang='grc' dir='ltr'>τὸν</span> <span class='ocrx_word' id='word_1_68' title='bbox 1092 1115 1335 1184; x_wconf 86' lang='grc' dir='ltr'>παρόντα</span> <span class='ocrx_word' id='word_1_69' title='bbox 1369 1115 1482 1185; x_wconf 80' lang='grc' dir='ltr'>βίον</span> <span class='ocrx_word' id='word_1_70' title='bbox 1517 1115 1632 1186; x_wconf 85' lang='grc' dir='ltr'>μετ’</span> <span class='ocrx_word' id='word_1_71' title='bbox 1677 1115 1927 1179; x_wconf 79' lang='grc' dir='ltr'>εὐκολίας</span> <span class='ocrx_word' id='word_1_72' title='bbox 1955 1131 2122 1167; x_wconf 88' lang='grc' dir='ltr'>κατα-</span> 
     </span>
    </p>
   </div>
   <div class='ocr_carea' id='block_1_11' title="bbox 436 1201 2120 1273">
    <p class='ocr_par' dir='ltr' id='par_1_11' title="bbox 436 1201 2120 1273">
     <span class='ocr_line' id='line_1_11' title="bbox 436 1201 2120 1273; baseline -0.001 -19"><span class='ocrx_word' id='word_1_73' title='bbox 436 1202 708 1272; x_wconf 86' lang='grc' dir='ltr'>δέχεσθαι,</span> <span class='ocrx_word' id='word_1_74' title='bbox 744 1205 810 1273; x_wconf 83' lang='grc' dir='ltr'>τῇ</span> <span class='ocrx_word' id='word_1_75' title='bbox 832 1201 1002 1255; x_wconf 84' lang='grc' dir='ltr'>ἐλπίδι</span> <span class='ocrx_word' id='word_1_76' title='bbox 1036 1201 1143 1253; x_wconf 81' lang='grc' dir='ltr'>τῶν</span> <span class='ocrx_word' id='word_1_77' title='bbox 1171 1203 1491 1255; x_wconf 80' lang='grc' dir='ltr'>ἀντιδόσεων</span> <span class='ocrx_word' id='word_1_78' title='bbox 1519 1203 1906 1273; x_wconf 87' lang='grc' dir='ltr'>τρεφομένους.</span> <span class='ocrx_word' id='word_1_79' title='bbox 1944 1201 2120 1268; x_wconf 83' lang='grc' dir='ltr'>Προσ-</span> 
     </span>
    </p>
   </div>
   <div class='ocr_carea' id='block_1_12' title="bbox 439 1289 2119 1363">
    <p class='ocr_par' dir='ltr' id='par_1_12' title="bbox 439 1289 2119 1363">
     <span class='ocr_line' id='line_1_12' title="bbox 439 1289 2119 1363; baseline -0.002 -19"><span class='ocrx_word' id='word_1_80' title='bbox 439 1292 588 1360; x_wconf 89' lang='grc' dir='ltr'>έχετε</span> <span class='ocrx_word' id='word_1_81' title='bbox 619 1291 705 1362; x_wconf 89' lang='grc' dir='ltr'>δὴ,</span> <span class='ocrx_word' id='word_1_82' title='bbox 734 1291 1056 1361; x_wconf 78' lang='grc' dir='ltr'>παρακαλῶ,</span> <span class='ocrx_word' id='word_1_83' title='bbox 1077 1291 1225 1354; x_wconf 85' lang='grc' dir='ltr'>ὅπως</span> <span class='ocrx_word' id='word_1_84' title='bbox 1250 1293 1311 1344; x_wconf 87' lang='grc' dir='ltr'>ἐκ</span> <span class='ocrx_word' id='word_1_85' title='bbox 1337 1292 1654 1363; x_wconf 81' lang='grc' dir='ltr'>προοιμίων,</span> <span class='ocrx_word' id='word_1_86' title='bbox 1685 1289 1867 1361; x_wconf 88' lang='grc' dir='ltr'>ἐπειδὴ</span> <span class='ocrx_word' id='word_1_87' title='bbox 1899 1289 1966 1342; x_wconf 81' lang='grc' dir='ltr'>τὰ</span> <span class='ocrx_word' id='word_1_88' title='bbox 1991 1289 2119 1360; x_wconf 83' lang='grc' dir='ltr'>παρ’</span> 
     </span>
    </p>
   </div>
   <div class='ocr_carea' id='block_1_13' title="bbox 440 1378 2121 1451">
    <p class='ocr_par' dir='ltr' id='par_1_13' title="bbox 440 1378 2121 1451">
     <span class='ocr_line' id='line_1_13' title="bbox 440 1378 2121 1451; baseline -0.002 -17"><span class='ocrx_word' id='word_1_89' title='bbox 440 1380 632 1434; x_wconf 80' lang='grc' dir='ltr'>ἑαυτοῦ</span> <span class='ocrx_word' id='word_1_90' title='bbox 654 1380 864 1434; x_wconf 83' lang='grc' dir='ltr'>οἴκοθεν</span> <span class='ocrx_word' id='word_1_91' title='bbox 883 1382 1201 1450; x_wconf 84' lang='grc' dir='ltr'>εἰσήνεγκεν</span> <span class='ocrx_word' id='word_1_92' title='bbox 1235 1383 1296 1433; x_wconf 91' lang='grc' dir='ltr'>ἐκ</span> <span class='ocrx_word' id='word_1_93' title='bbox 1323 1381 1420 1450; x_wconf 80' lang='grc' dir='ltr'>τῆς</span> <span class='ocrx_word' id='word_1_94' title='bbox 1438 1381 1761 1451; x_wconf 74' lang='grc' dir='ltr'>ἐγκειμένης</span> <span class='ocrx_word' id='word_1_95' title='bbox 1782 1383 1846 1450; x_wconf 78' lang='grc' dir='ltr'>τῇ</span> <span class='ocrx_word' id='word_1_96' title='bbox 1875 1378 2121 1450; x_wconf 71' lang='grc' dir='ltr'>ἡμετέρα</span> 
     </span>
    </p>
   </div>
   <div class='ocr_carea' id='block_1_14' title="bbox 439 1465 2120 1538">
    <p class='ocr_par' dir='ltr' id='par_1_14' title="bbox 439 1465 2120 1538">
     <span class='ocr_line' id='line_1_14' title="bbox 439 1465 2120 1538; baseline -0.001 -18"><span class='ocrx_word' id='word_1_97' title='bbox 439 1467 886 1536; x_wconf 87' lang='grc' dir='ltr'>φύσειγνώσεως,</span> <span class='ocrx_word' id='word_1_98' title='bbox 914 1469 1101 1520; x_wconf 80' lang='grc' dir='ltr'>οὐδένα</span> <span class='ocrx_word' id='word_1_99' title='bbox 1129 1467 1325 1532; x_wconf 76' lang='grc' dir='ltr'>ἔξωθεν</span> <span class='ocrx_word' id='word_1_100' title='bbox 1348 1467 1595 1538; x_wconf 83' lang='grc' dir='ltr'>ἐσχηκὼς</span> <span class='ocrx_word' id='word_1_101' title='bbox 1626 1467 1962 1530; x_wconf 85' lang='grc' dir='ltr'>διδάσκαλον,</span> <span class='ocrx_word' id='word_1_102' title='bbox 1986 1465 2120 1518; x_wconf 88' lang='grc' dir='ltr'>ἀλλά</span> 
     </span>
    </p>
   </div>
   <div class='ocr_carea' id='block_1_15' title="bbox 438 1544 2122 1622">
    <p class='ocr_par' dir='ltr' id='par_1_15' title="bbox 438 1544 2122 1622">
     <span class='ocr_line' id='line_1_15' title="bbox 438 1544 2122 1622; baseline -0.001 -20"><span class='ocrx_word' id='word_1_103' title='bbox 438 1552 534 1603; x_wconf 79' lang='grc' dir='ltr'>καὶ</span> <span class='ocrx_word' id='word_1_104' title='bbox 559 1551 664 1604; x_wconf 86' lang='grc' dir='ltr'>ὑπὸ</span> <span class='ocrx_word' id='word_1_105' title='bbox 690 1551 939 1613; x_wconf 79' lang='grc' dir='ltr'>ἀπίστοις</span> <span class='ocrx_word' id='word_1_106' title='bbox 959 1550 1173 1619; x_wconf 75' lang='grc' dir='ltr'>γονεῦσι</span> <span class='ocrx_word' id='word_1_107' title='bbox 1197 1544 1548 1622; x_wconf 70' lang='grc' dir='ltr'>τρεφόμενος,</span> <span class='ocrx_word' id='word_1_108' title='bbox 1578 1552 1675 1618; x_wconf 81' lang='grc' dir='ltr'>τῆς</span> <span class='ocrx_word' id='word_1_109' title='bbox 1709 1551 1860 1614; x_wconf 87' lang='grc' dir='ltr'>θείας</span> <span class='ocrx_word' id='word_1_110' title='bbox 1883 1549 2122 1603; x_wconf 82' lang='grc' dir='ltr'>ἀπέλαυ-</span> 
     </span>
    </p>
   </div>
   <div class='ocr_carea' id='block_1_16' title="bbox 441 1635 2120 1709">
    <p class='ocr_par' dir='ltr' id='par_1_16' title="bbox 441 1635 2120 1709">
     <span class='ocr_line' id='line_1_16' title="bbox 441 1635 2120 1709; baseline -0.001 -21"><span class='ocrx_word' id='word_1_111' title='bbox 441 1653 536 1690; x_wconf 84' lang='grc' dir='ltr'>σεν</span> <span class='ocrx_word' id='word_1_112' title='bbox 556 1638 896 1706; x_wconf 86' lang='grc' dir='ltr'>ἐπιφανείας.</span> <span class='ocrx_word' id='word_1_113' title='bbox 920 1637 1072 1709; x_wconf 77' lang='grc'>[⁸565]</span> <span class='ocrx_word' id='word_1_114' title='bbox 1107 1638 1322 1708; x_wconf 83' lang='grc' dir='ltr'>Ἐπειδὴ</span> <span class='ocrx_word' id='word_1_115' title='bbox 1358 1639 1465 1709; x_wconf 89' lang='grc' dir='ltr'>γάρ</span> <span class='ocrx_word' id='word_1_116' title='bbox 1493 1637 1658 1708; x_wconf 85' lang='grc' dir='ltr'>μηδὲν</span> <span class='ocrx_word' id='word_1_117' title='bbox 1688 1637 1828 1690; x_wconf 83' lang='grc' dir='ltr'>κατὰ</span> <span class='ocrx_word' id='word_1_118' title='bbox 1849 1636 1946 1707; x_wconf 85' lang='grc' dir='ltr'>τὴν</span> <span class='ocrx_word' id='word_1_119' title='bbox 1979 1635 2120 1706; x_wconf 88' lang='grc' dir='ltr'>πρώ-</span> 
     </span>
    </p>
   </div>
   <div class='ocr_carea' id='block_1_17' title="bbox 438 1723 2120 1799">
    <p class='ocr_par' dir='ltr' id='par_1_17' title="bbox 438 1723 2120 1799">
     <span class='ocr_line' id='line_1_17' title="bbox 438 1723 2120 1799; baseline -0.001 -21"><span class='ocrx_word' id='word_1_120' title='bbox 438 1743 536 1794; x_wconf 91' lang='grc' dir='ltr'>την</span> <span class='ocrx_word' id='word_1_121' title='bbox 557 1726 773 1797; x_wconf 91' lang='grc' dir='ltr'>ήλικίαν</span> <span class='ocrx_word' id='word_1_122' title='bbox 806 1729 870 1797; x_wconf 85' lang='grc' dir='ltr'>τῇ</span> <span class='ocrx_word' id='word_1_123' title='bbox 896 1727 1073 1799; x_wconf 84' lang='grc' dir='ltr'>πλάνῃ</span> <span class='ocrx_word' id='word_1_124' title='bbox 1103 1727 1196 1779; x_wconf 92' lang='grc' dir='ltr'>τοῦ</span> <span class='ocrx_word' id='word_1_125' title='bbox 1233 1725 1438 1797; x_wconf 90' lang='grc' dir='ltr'>πατρὸς</span> <span class='ocrx_word' id='word_1_126' title='bbox 1467 1725 1956 1797; x_wconf 80' lang='grc' dir='ltr'>κατηκολούθησεν,</span> <span class='ocrx_word' id='word_1_127' title='bbox 1985 1723 2120 1777; x_wconf 90' lang='grc' dir='ltr'>ἀλλά</span> 
     </span>
    </p>
   </div>
   <div class='ocr_carea' id='block_1_18' title="bbox 439 1812 2121 1884">
    <p class='ocr_par' dir='ltr' id='par_1_18' title="bbox 439 1812 2121 1884">
     <span class='ocr_line' id='line_1_18' title="bbox 439 1812 2121 1884; baseline 0.001 -20"><span class='ocrx_word' id='word_1_128' title='bbox 439 1815 537 1882; x_wconf 85' lang='grc' dir='ltr'>τὴν</span> <span class='ocrx_word' id='word_1_129' title='bbox 571 1814 708 1883; x_wconf 86' lang='grc' dir='ltr'>πρὸς</span> <span class='ocrx_word' id='word_1_130' title='bbox 731 1814 792 1866; x_wconf 91' lang='grc' dir='ltr'>τὸ</span> <span class='ocrx_word' id='word_1_131' title='bbox 812 1813 968 1866; x_wconf 85' lang='grc' dir='ltr'>Θεϊον</span> <span class='ocrx_word' id='word_1_132' title='bbox 991 1812 1291 1884; x_wconf 84' lang='grc' dir='ltr'>θεραπείαν</span> <span class='ocrx_word' id='word_1_133' title='bbox 1317 1813 1686 1876; x_wconf 90' lang='grc' dir='ltr'>ἐπεδείκνυτο,</span> <span class='ocrx_word' id='word_1_134' title='bbox 1723 1814 1819 1866; x_wconf 76' lang='grc' dir='ltr'>καὶ</span> <span class='ocrx_word' id='word_1_135' title='bbox 1855 1815 1953 1883; x_wconf 80' lang='grc' dir='ltr'>τῆς</span> <span class='ocrx_word' id='word_1_136' title='bbox 1987 1813 2121 1866; x_wconf 77' lang='grc' dir='ltr'>ἄνω-</span> 
     </span>
    </p>
   </div>
   <div class='ocr_carea' id='block_1_19' title="bbox 438 1900 2120 1972">
    <p class='ocr_par' dir='ltr' id='par_1_19' title="bbox 438 1900 2120 1972">
     <span class='ocr_line' id='line_1_19' title="bbox 438 1900 2120 1972; baseline 0.001 -21"><span class='ocrx_word' id='word_1_137' title='bbox 438 1900 531 1951; x_wconf 87' lang='grc' dir='ltr'>θεν</span> <span class='ocrx_word' id='word_1_138' title='bbox 568 1901 876 1971; x_wconf 84' lang='grc' dir='ltr'>ἐπισκοπῆς</span> <span class='ocrx_word' id='word_1_139' title='bbox 909 1901 1120 1970; x_wconf 84' lang='grc' dir='ltr'>ταχέως</span> <span class='ocrx_word' id='word_1_140' title='bbox 1162 1902 1424 1972; x_wconf 80' lang='grc' dir='ltr'>ἐπέτυχεν</span> <span class='ocrx_word' id='word_1_141' title='bbox 1460 1902 1540 1954; x_wconf 76' lang='grc' dir='ltr'>ἔτι</span> <span class='ocrx_word' id='word_1_142' title='bbox 1581 1903 1673 1954; x_wconf 81' lang='grc' dir='ltr'>ἐπὶ</span> <span class='ocrx_word' id='word_1_143' title='bbox 1703 1905 1801 1972; x_wconf 85' lang='grc' dir='ltr'>τῆς</span> <span class='ocrx_word' id='word_1_144' title='bbox 1851 1901 2120 1962; x_wconf 88' lang='grc' dir='ltr'>Χαλδαίας</span> 
     </span>
    </p>
   </div>
   <div class='ocr_carea' id='block_1_20' title="bbox 437 1987 2119 2060">
    <p class='ocr_par' dir='ltr' id='par_1_20' title="bbox 437 1987 2119 2060">
     <span class='ocr_line' id='line_1_20' title="bbox 437 1987 2119 2060; baseline 0.001 -21"><span class='ocrx_word' id='word_1_145' title='bbox 437 1987 715 2041; x_wconf 77' lang='grc' dir='ltr'>ῶνοτοῦτο</span> <span class='ocrx_word' id='word_1_146' title='bbox 760 1989 870 2060; x_wconf 89' lang='grc' dir='ltr'>γάρ</span> <span class='ocrx_word' id='word_1_147' title='bbox 905 1992 1038 2060; x_wconf 83' lang='grc' dir='ltr'>ἡμῖν</span> <span class='ocrx_word' id='word_1_148' title='bbox 1085 1989 1418 2060; x_wconf 89' lang='grc' dir='ltr'>σαφέστερον</span> <span class='ocrx_word' id='word_1_149' title='bbox 1475 1989 1748 2043; x_wconf 77' lang='grc' dir='ltr'>ἐκτίθεται</span> <span class='ocrx_word' id='word_1_150' title='bbox 1793 1992 1822 2042; x_wconf 88' lang='grc' dir='ltr'>ό</span> <span class='ocrx_word' id='word_1_151' title='bbox 1851 1990 2119 2060; x_wconf 84' lang='grc' dir='ltr'>μακάριος</span> 
     </span>
    </p>
   </div>
   <div class='ocr_carea' id='block_1_21' title="bbox 441 2076 2118 2146">
    <p class='ocr_par' dir='ltr' id='par_1_21' title="bbox 441 2076 2118 2146">
     <span class='ocr_line' id='line_1_21' title="bbox 441 2076 2118 2146; baseline 0.002 -19"><span class='ocrx_word' id='word_1_152' title='bbox 441 2077 709 2145; x_wconf 85' lang='grc' dir='ltr'>Στέφανος</span> <span class='ocrx_word' id='word_1_153' title='bbox 728 2077 872 2130; x_wconf 81' lang='grc' dir='ltr'>οὑτω</span> <span class='ocrx_word' id='word_1_154' title='bbox 890 2077 1084 2146; x_wconf 79' lang='grc' dir='ltr'>λέγων’</span> <span class='ocrx_word' id='word_1_155' title='bbox 1122 2077 1186 2130; x_wconf 89' lang='lat'>&#39;0</span> <span class='ocrx_word' id='word_1_156' title='bbox 1211 2077 1354 2142; x_wconf 79' lang='grc' dir='ltr'>Θεὸς</span> <span class='ocrx_word' id='word_1_157' title='bbox 1382 2078 1493 2144; x_wconf 83' lang='grc' dir='ltr'>τῆς</span> <span class='ocrx_word' id='word_1_158' title='bbox 1506 2077 1692 2144; x_wconf 78' lang='grc' dir='ltr'>δόξης</span> <span class='ocrx_word' id='word_1_159' title='bbox 1719 2078 1884 2146; x_wconf 68' lang='grc' dir='ltr'>ὤφθη</span> <span class='ocrx_word' id='word_1_160' title='bbox 1901 2076 1980 2142; x_wconf 86' lang='grc' dir='ltr'>τῷ</span> <span class='ocrx_word' id='word_1_161' title='bbox 2009 2090 2118 2130; x_wconf 83' lang='grc' dir='ltr'>πα-</span> 
     </span>
    </p>
   </div>
   <div class='ocr_carea' id='block_1_22' title="bbox 438 2163 2116 2233">
    <p class='ocr_par' dir='ltr' id='par_1_22' title="bbox 438 2163 2116 2233">
     <span class='ocr_line' id='line_1_22' title="bbox 438 2163 2116 2233; baseline 0.001 -18"><span class='ocrx_word' id='word_1_162' title='bbox 438 2164 528 2230; x_wconf 80' lang='grc' dir='ltr'>τρί</span> <span class='ocrx_word' id='word_1_163' title='bbox 552 2163 718 2232; x_wconf 77' lang='grc' dir='ltr'>ἡμῶν</span> <span class='ocrx_word' id='word_1_164' title='bbox 749 2164 995 2233; x_wconf 69' lang='grc' dir='ltr'>Ἀϐραὰμ</span> <span class='ocrx_word' id='word_1_165' title='bbox 1038 2164 1165 2218; x_wconf 79' lang='grc' dir='ltr'>ὄντι</span> <span class='ocrx_word' id='word_1_166' title='bbox 1193 2165 1263 2217; x_wconf 82' lang='grc' dir='ltr'>ἐν</span> <span class='ocrx_word' id='word_1_167' title='bbox 1293 2163 1367 2233; x_wconf 77' lang='grc' dir='ltr'>τῇ</span> <span class='ocrx_word' id='word_1_168' title='bbox 1411 2166 1856 2233; x_wconf 79' lang='grc' dir='ltr'>Μεσοποταμίᾳ,</span> <span class='ocrx_word' id='word_1_169' title='bbox 1891 2164 2032 2232; x_wconf 77' lang='grc' dir='ltr'>πρὶν</span> <span class='ocrx_word' id='word_1_170' title='bbox 2077 2163 2116 2231; x_wconf 81' lang='grc' dir='ltr'><strong><em>ἣ</em></strong></span> 
     </span>
    </p>
   </div>
   <div class='ocr_carea' id='block_1_23' title="bbox 437 2248 2117 2324">
    <p class='ocr_par' dir='ltr' id='par_1_23' title="bbox 437 2248 2117 2324">
     <span class='ocr_line' id='line_1_23' title="bbox 437 2248 2117 2324; baseline 0.001 -21"><span class='ocrx_word' id='word_1_171' title='bbox 437 2251 797 2318; x_wconf 72' lang='grc' dir='ltr'>κατοικῆσαι</span> <span class='ocrx_word' id='word_1_172' title='bbox 831 2252 1018 2306; x_wconf 81' lang='grc' dir='ltr'>αὐτὸν</span> <span class='ocrx_word' id='word_1_173' title='bbox 1049 2253 1118 2305; x_wconf 80' lang='grc' dir='ltr'>ὲν</span> <span class='ocrx_word' id='word_1_174' title='bbox 1138 2252 1395 2320; x_wconf 76' lang='grc' dir='ltr'>Χαρῤάν,</span> <span class='ocrx_word' id='word_1_175' title='bbox 1424 2248 1576 2316; x_wconf 85' lang='grc' dir='ltr'>Εἶδες</span> <span class='ocrx_word' id='word_1_176' title='bbox 1595 2253 1710 2314; x_wconf 84' lang='grc' dir='ltr'>πῶς</span> <span class='ocrx_word' id='word_1_177' title='bbox 1739 2255 1770 2324; x_wconf 90' lang='grc' dir='ltr'>ή</span> <span class='ocrx_word' id='word_1_178' title='bbox 1805 2253 1925 2322; x_wconf 75' lang='grc' dir='ltr'>δψις</span> <span class='ocrx_word' id='word_1_179' title='bbox 1957 2253 2117 2306; x_wconf 83' lang='grc' dir='ltr'>αὑτὸν</span> 
     </span>
    </p>
   </div>
   <div class='ocr_carea' id='block_1_24' title="bbox 437 2337 2120 2410">
    <p class='ocr_par' dir='ltr' id='par_1_24' title="bbox 437 2337 2120 2410">
     <span class='ocr_line' id='line_1_24' title="bbox 437 2337 2120 2410; baseline 0.001 -19"><span class='ocrx_word' id='word_1_180' title='bbox 437 2338 648 2391; x_wconf 82' lang='grc' dir='ltr'>ἐκεῖθεν</span> <span class='ocrx_word' id='word_1_181' title='bbox 687 2338 986 2410; x_wconf 84' lang='grc' dir='ltr'>ἀνέστησεν</span> <span class='ocrx_word' id='word_1_182' title='bbox 1012 2340 1076 2404; x_wconf 76' lang='lat' dir='ltr'><strong>b;</strong></span> <span class='ocrx_word' id='word_1_183' title='bbox 1131 2340 1292 2403; x_wconf 82' lang='grc' dir='ltr'>Εἰκὸς</span> <span class='ocrx_word' id='word_1_184' title='bbox 1327 2337 1432 2410; x_wconf 86' lang='grc' dir='ltr'>γὰρ</span> <span class='ocrx_word' id='word_1_185' title='bbox 1466 2341 1547 2393; x_wconf 84' lang='grc' dir='ltr'>ὅτι</span> <span class='ocrx_word' id='word_1_186' title='bbox 1595 2340 1734 2410; x_wconf 81' lang='grc' dir='ltr'>μετὰ</span> <span class='ocrx_word' id='word_1_187' title='bbox 1761 2341 1858 2410; x_wconf 78' lang='grc' dir='ltr'>τῆς</span> <span class='ocrx_word' id='word_1_188' title='bbox 1881 2340 2009 2410; x_wconf 86' lang='grc' dir='ltr'>περί</span> <span class='ocrx_word' id='word_1_189' title='bbox 2059 2340 2120 2393; x_wconf 93' lang='grc' dir='ltr'>τὸ</span> 
     </span>
    </p>
   </div>
   <div class='ocr_carea' id='block_1_25' title="bbox 436 2423 2118 2496">
    <p class='ocr_par' dir='ltr' id='par_1_25' title="bbox 436 2423 2118 2496">
     <span class='ocr_line' id='line_1_25' title="bbox 436 2423 2118 2496; baseline 0.002 -21"><span class='ocrx_word' id='word_1_190' title='bbox 436 2424 590 2476; x_wconf 82' lang='grc' dir='ltr'>Θεῖον</span> <span class='ocrx_word' id='word_1_191' title='bbox 619 2423 938 2494; x_wconf 85' lang='grc' dir='ltr'>θεραπείας,</span> <span class='ocrx_word' id='word_1_192' title='bbox 970 2426 1063 2478; x_wconf 77' lang='grc' dir='ltr'>καὶ</span> <span class='ocrx_word' id='word_1_193' title='bbox 1094 2425 1193 2496; x_wconf 89' lang='grc' dir='ltr'>τὴν</span> <span class='ocrx_word' id='word_1_194' title='bbox 1236 2426 1365 2495; x_wconf 79' lang='grc' dir='ltr'>περὶ</span> <span class='ocrx_word' id='word_1_195' title='bbox 1398 2427 1524 2489; x_wconf 80' lang='grc' dir='ltr'>τοὺς</span> <span class='ocrx_word' id='word_1_196' title='bbox 1563 2427 1960 2496; x_wconf 82' lang='grc' dir='ltr'>γεγεννηκότας</span> <span class='ocrx_word' id='word_1_197' title='bbox 1985 2427 2118 2480; x_wconf 82' lang='grc' dir='ltr'>αἰδῶ</span> 
     </span>
    </p>
   </div>
   <div class='ocr_carea' id='block_1_26' title="bbox 437 2511 2118 2583">
    <p class='ocr_par' dir='ltr' id='par_1_26' title="bbox 437 2511 2118 2583">
     <span class='ocr_line' id='line_1_26' title="bbox 437 2511 2118 2583; baseline 0.002 -21"><span class='ocrx_word' id='word_1_198' title='bbox 437 2511 907 2581; x_wconf 79' lang='grc' dir='ltr'>ἐπιδεικνύμενος,</span> <span class='ocrx_word' id='word_1_199' title='bbox 939 2513 1034 2577; x_wconf 69' lang='grc' dir='ltr'>καξι</span> <span class='ocrx_word' id='word_1_200' title='bbox 1057 2513 1136 2575; x_wconf 84' lang='grc' dir='ltr'>είς</span> <span class='ocrx_word' id='word_1_201' title='bbox 1165 2512 1298 2567; x_wconf 81' lang='grc' dir='ltr'>πολὺ</span> <span class='ocrx_word' id='word_1_202' title='bbox 1327 2512 1546 2582; x_wconf 84' lang='grc' dir='ltr'>φίλτρον</span> <span class='ocrx_word' id='word_1_203' title='bbox 1565 2515 2007 2583; x_wconf 77' lang='grc' dir='ltr'>ἐπισπασάμενος</span> <span class='ocrx_word' id='word_1_204' title='bbox 2029 2514 2118 2566; x_wconf 89' lang='grc' dir='ltr'>τὸν</span> 
     </span>
    </p>
   </div>
   <div class='ocr_carea' id='block_1_27' title="bbox 437 2599 2185 2671">
    <p class='ocr_par' dir='ltr' id='par_1_27' title="bbox 437 2599 2185 2671">
     <span class='ocr_line' id='line_1_27' title="bbox 437 2599 2185 2671; baseline 0.001 -19"><span class='ocrx_word' id='word_1_205' title='bbox 437 2599 672 2671; x_wconf 85' lang='grc' dir='ltr'>πατέρα,</span> <span class='ocrx_word' id='word_1_206' title='bbox 695 2599 859 2663; x_wconf 89' lang='grc' dir='ltr'>αὑτὸς</span> <span class='ocrx_word' id='word_1_207' title='bbox 881 2599 1029 2670; x_wconf 88' lang='grc' dir='ltr'>αὑτῴ</span> <span class='ocrx_word' id='word_1_208' title='bbox 1051 2599 1224 2663; x_wconf 79' lang='grc' dir='ltr'>αἴτιος</span> <span class='ocrx_word' id='word_1_209' title='bbox 1249 2601 1440 2668; x_wconf 89' lang='grc' dir='ltr'>γέγονε</span> <span class='ocrx_word' id='word_1_210' title='bbox 1467 2601 1564 2663; x_wconf 83' lang='grc' dir='ltr'>τῆς</span> <span class='ocrx_word' id='word_1_211' title='bbox 1583 2601 1787 2653; x_wconf 89' lang='grc' dir='ltr'>ἐκεῖθεν</span> <span class='ocrx_word' id='word_1_212' title='bbox 1812 2600 2008 2664; x_wconf 86' lang='grc' dir='ltr'>ἐξόδου·</span> <span class='ocrx_word' id='word_1_213' title='bbox 2027 2601 2120 2654; x_wconf 74' lang='grc' dir='ltr'>καὶ</span> <span class='ocrx_word' id='word_1_214' title='bbox 2163 2618 2185 2642; x_wconf 77' lang='grc' dir='ltr'>-σ</span> 
     </span>
    </p>
   </div>
   <div class='ocr_carea' id='block_1_28' title="bbox 435 2686 2118 2759">
    <p class='ocr_par' dir='ltr' id='par_1_28' title="bbox 435 2686 2118 2759">
     <span class='ocr_line' id='line_1_28' title="bbox 435 2686 2118 2759; baseline 0.002 -21"><span class='ocrx_word' id='word_1_215' title='bbox 435 2686 524 2740; x_wconf 79' lang='grc' dir='ltr'>διά</span> <span class='ocrx_word' id='word_1_216' title='bbox 549 2687 641 2739; x_wconf 86' lang='grc' dir='ltr'>τὸν</span> <span class='ocrx_word' id='word_1_217' title='bbox 669 2687 832 2740; x_wconf 83' lang='grc' dir='ltr'>πόθον</span> <span class='ocrx_word' id='word_1_218' title='bbox 847 2686 941 2740; x_wconf 87' lang='grc' dir='ltr'>τοῦ</span> <span class='ocrx_word' id='word_1_219' title='bbox 962 2687 1152 2750; x_wconf 77' lang='grc' dir='ltr'>παιδὸς</span> <span class='ocrx_word' id='word_1_220' title='bbox 1173 2689 1430 2759; x_wconf 75' lang='grc' dir='ltr'>ἠνέσχετο</span> <span class='ocrx_word' id='word_1_221' title='bbox 1451 2689 1771 2742; x_wconf 84' lang='grc' dir='ltr'>καταλιπεῖν</span> <span class='ocrx_word' id='word_1_222' title='bbox 1796 2689 1891 2755; x_wconf 79' lang='grc' dir='ltr'>τὴν</span> <span class='ocrx_word' id='word_1_223' title='bbox 1914 2689 2118 2742; x_wconf 84' lang='grc' dir='ltr'>οἰκείαν</span> 
     </span>
    </p>
   </div>
   <div class='ocr_carea' id='block_1_29' title="bbox 436 2770 2119 2843">
    <p class='ocr_par' dir='ltr' id='par_1_29' title="bbox 436 2770 2119 2843">
     <span class='ocr_line' id='line_1_29' title="bbox 436 2770 2119 2843; baseline 0.002 -22"><span class='ocrx_word' id='word_1_224' title='bbox 436 2770 691 2840; x_wconf 85' lang='grc' dir='ltr'>πατρίδα,</span> <span class='ocrx_word' id='word_1_225' title='bbox 721 2771 816 2824; x_wconf 73' lang='grc' dir='ltr'>καὶ</span> <span class='ocrx_word' id='word_1_226' title='bbox 835 2771 934 2841; x_wconf 85' lang='grc' dir='ltr'>τὴν</span> <span class='ocrx_word' id='word_1_227' title='bbox 970 2771 1257 2842; x_wconf 86' lang='grc' dir='ltr'>ἀλλοτρίαν</span> <span class='ocrx_word' id='word_1_228' title='bbox 1283 2772 1522 2842; x_wconf 79' lang='grc' dir='ltr'>οἰκῆσαι.</span> <span class='ocrx_word' id='word_1_229' title='bbox 1562 2772 1700 2824; x_wconf 85' lang='grc' dir='ltr'>Ἀλλ’</span> <span class='ocrx_word' id='word_1_230' title='bbox 1734 2773 1836 2843; x_wconf 82' lang='grc' dir='ltr'>δρα</span> <span class='ocrx_word' id='word_1_231' title='bbox 1861 2790 1949 2843; x_wconf 91' lang='grc' dir='ltr'>μοι</span> <span class='ocrx_word' id='word_1_232' title='bbox 1982 2772 2119 2843; x_wconf 86' lang='grc' dir='ltr'>μετά</span> 
     </span>
    </p>
   </div>
   <div class='ocr_carea' id='block_1_30' title="bbox 436 2855 2119 2926">
    <p class='ocr_par' dir='ltr' id='par_1_30' title="bbox 436 2855 2119 2926">
     <span class='ocr_line' id='line_1_30' title="bbox 436 2855 2119 2926; baseline 0.002 -22"><span class='ocrx_word' id='word_1_233' title='bbox 436 2855 743 2923; x_wconf 85' lang='grc' dir='ltr'>ἀκριϐείας,</span> <span class='ocrx_word' id='word_1_234' title='bbox 773 2855 891 2919; x_wconf 86' lang='grc' dir='ltr'>πῶς</span> <span class='ocrx_word' id='word_1_235' title='bbox 915 2857 1010 2909; x_wconf 75' lang='grc' dir='ltr'>καὶ</span> <span class='ocrx_word' id='word_1_236' title='bbox 1033 2857 1221 2926; x_wconf 84' lang='grc' dir='ltr'>αὑτὴή</span> <span class='ocrx_word' id='word_1_237' title='bbox 1258 2856 1410 2924; x_wconf 84' lang='grc' dir='ltr'>παρὰ</span> <span class='ocrx_word' id='word_1_238' title='bbox 1453 2855 1546 2908; x_wconf 88' lang='grc' dir='ltr'>τοῦ</span> <span class='ocrx_word' id='word_1_239' title='bbox 1567 2855 1702 2908; x_wconf 88' lang='grc' dir='ltr'>Θεοῦ</span> <span class='ocrx_word' id='word_1_240' title='bbox 1734 2857 2002 2926; x_wconf 89' lang='grc' dir='ltr'>γενομένη</span> <span class='ocrx_word' id='word_1_241' title='bbox 2030 2855 2119 2909; x_wconf 86' lang='grc' dir='ltr'>διά</span> 
     </span>
    </p>
   </div>
   <div class='ocr_carea' id='block_1_31' title="bbox 433 2941 2118 3013">
    <p class='ocr_par' dir='ltr' id='par_1_31' title="bbox 433 2941 2118 3013">
     <span class='ocr_line' id='line_1_31' title="bbox 433 2941 2118 3013; baseline 0.001 -19"><span class='ocrx_word' id='word_1_242' title='bbox 433 2944 534 3010; x_wconf 88' lang='grc' dir='ltr'>τὴν</span> <span class='ocrx_word' id='word_1_243' title='bbox 566 2941 944 3012; x_wconf 87' lang='grc' dir='ltr'>προλαϐοῦσαν</span> <span class='ocrx_word' id='word_1_244' title='bbox 973 2941 1171 3013; x_wconf 87' lang='grc' dir='ltr'>ἀρετὴν</span> <span class='ocrx_word' id='word_1_245' title='bbox 1207 2944 1285 3005; x_wconf 88' lang='grc' dir='ltr'>εἰς</span> <span class='ocrx_word' id='word_1_246' title='bbox 1317 2942 1480 2996; x_wconf 91' lang='grc' dir='ltr'>αὑτὸν</span> <span class='ocrx_word' id='word_1_247' title='bbox 1511 2941 1799 3010; x_wconf 75' lang='grc' dir='ltr'>ἐπίσκεψις</span> <span class='ocrx_word' id='word_1_248' title='bbox 1834 2943 1994 2995; x_wconf 86' lang='grc' dir='ltr'>πάλιν</span> <span class='ocrx_word' id='word_1_249' title='bbox 2019 2944 2118 2996; x_wconf 85' lang='grc' dir='ltr'>αὑ-</span> 
     </span>
    </p>
   </div>
   <div class='ocr_carea' id='block_1_32' title="bbox 435 3027 2118 3101">
    <p class='ocr_par' dir='ltr' id='par_1_32' title="bbox 435 3027 2118 3101">
     <span class='ocr_line' id='line_1_32' title="bbox 435 3027 2118 3101; baseline 0.001 -21"><span class='ocrx_word' id='word_1_250' title='bbox 435 3029 528 3081; x_wconf 91' lang='grc' dir='ltr'>τοῦ</span> <span class='ocrx_word' id='word_1_251' title='bbox 552 3027 649 3100; x_wconf 88' lang='grc' dir='ltr'>τὴν</span> <span class='ocrx_word' id='word_1_252' title='bbox 688 3029 886 3100; x_wconf 87' lang='grc' dir='ltr'>ἀρετὴν</span> <span class='ocrx_word' id='word_1_253' title='bbox 910 3030 1380 3100; x_wconf 85' lang='grc' dir='ltr'>περιφανεστέραν</span> <span class='ocrx_word' id='word_1_254' title='bbox 1423 3029 1734 3100; x_wconf 76' lang='grc' dir='ltr'>ἐργάζεται.</span> <span class='ocrx_word' id='word_1_255' title='bbox 1775 3029 1966 3082; x_wconf 80' lang='grc' dir='ltr'>Εἵλετο</span> <span class='ocrx_word' id='word_1_256' title='bbox 2009 3029 2118 3101; x_wconf 91' lang='grc' dir='ltr'>γάρ</span> 
     </span>
    </p>
   </div>
   <div class='ocr_carea' id='block_1_33' title="bbox 437 3115 2118 3188">
    <p class='ocr_par' dir='ltr' id='par_1_33' title="bbox 437 3115 2118 3188">
     <span class='ocr_line' id='line_1_33' title="bbox 437 3115 2118 3188; baseline 0.002 -21"><span class='ocrx_word' id='word_1_257' title='bbox 437 3117 533 3185; x_wconf 75' lang='grc' dir='ltr'>τὴν</span> <span class='ocrx_word' id='word_1_258' title='bbox 558 3115 742 3187; x_wconf 90' lang='grc' dir='ltr'>χώραν</span> <span class='ocrx_word' id='word_1_259' title='bbox 774 3117 873 3186; x_wconf 87' lang='grc' dir='ltr'>τὴν</span> <span class='ocrx_word' id='word_1_260' title='bbox 908 3116 1179 3187; x_wconf 83' lang='grc' dir='ltr'>πατρικὴν</span> <span class='ocrx_word' id='word_1_261' title='bbox 1212 3115 1532 3169; x_wconf 85' lang='grc' dir='ltr'>καταλιπεῖν</span> <span class='ocrx_word' id='word_1_262' title='bbox 1566 3117 1661 3168; x_wconf 74' lang='grc' dir='ltr'>καὶ</span> <span class='ocrx_word' id='word_1_263' title='bbox 1699 3115 1798 3186; x_wconf 90' lang='grc' dir='ltr'>τὴν</span> <span class='ocrx_word' id='word_1_264' title='bbox 1835 3116 2118 3188; x_wconf 86' lang='grc' dir='ltr'>ἀλλοτρίαν</span> 
     </span>
    </p>
   </div>
   <div class='ocr_carea' id='block_1_34' title="bbox 435 3203 2118 3276">
    <p class='ocr_par' dir='ltr' id='par_1_34' title="bbox 435 3203 2118 3276">
     <span class='ocr_line' id='line_1_34' title="bbox 435 3203 2118 3276; baseline 0.004 -22"><span class='ocrx_word' id='word_1_265' title='bbox 435 3203 676 3271; x_wconf 81' lang='grc' dir='ltr'>οἰκῆσαι,</span> <span class='ocrx_word' id='word_1_266' title='bbox 727 3203 814 3256; x_wconf 78' lang='grc' dir='ltr'>ἵνα</span> <span class='ocrx_word' id='word_1_267' title='bbox 855 3203 916 3256; x_wconf 89' lang='grc' dir='ltr'>τὸ</span> <span class='ocrx_word' id='word_1_268' title='bbox 962 3204 1113 3274; x_wconf 88' lang='grc' dir='ltr'>παρά</span> <span class='ocrx_word' id='word_1_269' title='bbox 1155 3203 1253 3256; x_wconf 91' lang='grc' dir='ltr'>τοῦ</span> <span class='ocrx_word' id='word_1_270' title='bbox 1303 3203 1439 3256; x_wconf 87' lang='grc' dir='ltr'>Θεοῦ</span> <span class='ocrx_word' id='word_1_271' title='bbox 1476 3204 1816 3275; x_wconf 86' lang='grc' dir='ltr'>προσταχθὲν</span> <span class='ocrx_word' id='word_1_272' title='bbox 1843 3206 1920 3266; x_wconf 87' lang='grc' dir='ltr'>εἰς</span> <span class='ocrx_word' id='word_1_273' title='bbox 1960 3204 2118 3276; x_wconf 75' lang='grc' dir='ltr'>ἔργον</span> 
     </span>
    </p>
   </div>
   <div class='ocr_carea' id='block_1_35' title="bbox 438 3287 2119 3364">
    <p class='ocr_par' dir='ltr' id='par_1_35' title="bbox 438 3287 2119 3364">
     <span class='ocr_line' id='line_1_35' title="bbox 438 3287 2119 3364; baseline 0.004 -22"><span class='ocrx_word' id='word_1_274' title='bbox 438 3293 640 3362; x_wconf 76' lang='grc' dir='ltr'>ἀγάγῃο</span> <span class='ocrx_word' id='word_1_275' title='bbox 661 3293 753 3344; x_wconf 71' lang='grc' dir='ltr'>καὶ</span> <span class='ocrx_word' id='word_1_276' title='bbox 772 3293 985 3361; x_wconf 80' lang='grc' dir='ltr'>ἐτοιμος</span> <span class='ocrx_word' id='word_1_277' title='bbox 1012 3287 1100 3362; x_wconf 80' lang='grc' dir='ltr'>ἦν,</span> <span class='ocrx_word' id='word_1_278' title='bbox 1119 3292 1194 3354; x_wconf 88' lang='grc' dir='ltr'>ώς</span> <span class='ocrx_word' id='word_1_279' title='bbox 1219 3293 1342 3362; x_wconf 72' lang='grc' dir='ltr'>ἐμοὶ</span> <span class='ocrx_word' id='word_1_280' title='bbox 1363 3292 1526 3354; x_wconf 88' lang='grc' dir='ltr'>δοκεῖ,</span> <span class='ocrx_word' id='word_1_281' title='bbox 1562 3294 1654 3346; x_wconf 72' lang='grc' dir='ltr'>καὶ</span> <span class='ocrx_word' id='word_1_282' title='bbox 1674 3295 1799 3348; x_wconf 82' lang='grc' dir='ltr'>ἀνευ</span> <span class='ocrx_word' id='word_1_283' title='bbox 1821 3296 1928 3347; x_wconf 86' lang='grc' dir='ltr'>τῶν</span> <span class='ocrx_word' id='word_1_284' title='bbox 1951 3312 2119 3364; x_wconf 84' lang='grc' dir='ltr'>προσ·-</span> 
     </span>
    </p>
   </div>
   <div class='ocr_carea' id='block_1_36' title="bbox 435 3378 2117 3452">
    <p class='ocr_par' dir='ltr' id='par_1_36' title="bbox 435 3378 2117 3452">
     <span class='ocr_line' id='line_1_36' title="bbox 435 3378 2117 3452; baseline 0.002 -20"><span class='ocrx_word' id='word_1_285' title='bbox 435 3381 684 3445; x_wconf 86' lang='grc' dir='ltr'>ηκόντων</span> <span class='ocrx_word' id='word_1_286' title='bbox 717 3380 812 3432; x_wconf 75' lang='grc' dir='ltr'>καὶ</span> <span class='ocrx_word' id='word_1_287' title='bbox 863 3378 986 3432; x_wconf 82' lang='grc' dir='ltr'>καθ’</span> <span class='ocrx_word' id='word_1_288' title='bbox 1036 3380 1228 3432; x_wconf 82' lang='grc' dir='ltr'>ἑαυτὸν</span> <span class='ocrx_word' id='word_1_289' title='bbox 1276 3380 1376 3450; x_wconf 89' lang='grc' dir='ltr'>τὴν</span> <span class='ocrx_word' id='word_1_290' title='bbox 1418 3381 1729 3452; x_wconf 87' lang='grc' dir='ltr'>ἀποδημίαν</span> <span class='ocrx_word' id='word_1_291' title='bbox 1784 3383 2117 3436; x_wconf 78' lang='grc' dir='ltr'>στείλασθαιο</span> 
     </span>
    </p>
   </div>
   <div class='ocr_carea' id='block_1_37' title="bbox 435 3466 2118 3542">
    <p class='ocr_par' dir='ltr' id='par_1_37' title="bbox 435 3466 2118 3542">
     <span class='ocr_line' id='line_1_37' title="bbox 435 3466 2118 3542; baseline 0.002 -22"><span class='ocrx_word' id='word_1_292' title='bbox 435 3467 573 3532; x_wconf 81' lang='grc' dir='ltr'>ἀλλ’,</span> <span class='ocrx_word' id='word_1_293' title='bbox 599 3467 736 3537; x_wconf 83' lang='grc' dir='ltr'>ὅπερ</span> <span class='ocrx_word' id='word_1_294' title='bbox 761 3466 931 3538; x_wconf 74' lang='grc' dir='ltr'>ἔφθην</span> <span class='ocrx_word' id='word_1_295' title='bbox 958 3467 1146 3530; x_wconf 82' lang='grc' dir='ltr'>εἰπὼν,</span> <span class='ocrx_word' id='word_1_296' title='bbox 1168 3469 1201 3538; x_wconf 85' lang='grc' dir='ltr'>ἡ</span> <span class='ocrx_word' id='word_1_297' title='bbox 1225 3466 1318 3520; x_wconf 91' lang='grc' dir='ltr'>τοῦ</span> <span class='ocrx_word' id='word_1_298' title='bbox 1348 3467 1540 3540; x_wconf 87' lang='grc' dir='ltr'>ἀνδρὸς</span> <span class='ocrx_word' id='word_1_299' title='bbox 1566 3469 1754 3541; x_wconf 88' lang='grc' dir='ltr'>ἀρετὴ,</span> <span class='ocrx_word' id='word_1_300' title='bbox 1779 3471 1922 3542; x_wconf 75' lang='grc' dir='ltr'>καὶὴ</span> <span class='ocrx_word' id='word_1_301' title='bbox 1952 3470 2118 3542; x_wconf 89' lang='grc' dir='ltr'>πολλὴ</span> 
     </span>
    </p>
   </div>
   <div class='ocr_carea' id='block_1_38' title="bbox 437 3554 2120 3628">
    <p class='ocr_par' dir='ltr' id='par_1_38' title="bbox 437 3554 2120 3628">
     <span class='ocr_line' id='line_1_38' title="bbox 437 3554 2120 3628; baseline 0.005 -25"><span class='ocrx_word' id='word_1_302' title='bbox 437 3555 708 3625; x_wconf 61' lang='grc' dir='ltr'>θεραπεία</span> <span class='ocrx_word' id='word_1_303' title='bbox 741 3557 774 3626; x_wconf 86' lang='grc' dir='ltr'>ή</span> <span class='ocrx_word' id='word_1_304' title='bbox 823 3556 951 3625; x_wconf 82' lang='grc' dir='ltr'>περὶ</span> <span class='ocrx_word' id='word_1_305' title='bbox 979 3557 1106 3617; x_wconf 75' lang='grc' dir='ltr'>τοὺς</span> <span class='ocrx_word' id='word_1_306' title='bbox 1150 3554 1407 3619; x_wconf 84' lang='grc' dir='ltr'>τεκόντας</span> <span class='ocrx_word' id='word_1_307' title='bbox 1444 3557 1820 3628; x_wconf 88' lang='grc' dir='ltr'>συνοδοιπόρον</span> <span class='ocrx_word' id='word_1_308' title='bbox 1871 3559 2120 3627; x_wconf 85' lang='grc' dir='ltr'>γενέσθαι</span> 
     </span>
    </p>
   </div>
   <div class='ocr_carea' id='block_1_39' title="bbox 438 3640 1359 3712">
    <p class='ocr_par' dir='ltr' id='par_1_39' title="bbox 438 3640 1359 3712">
     <span class='ocr_line' id='line_1_39' title="bbox 438 3640 1359 3712; baseline -0.001 -17"><span class='ocrx_word' id='word_1_309' title='bbox 438 3644 532 3695; x_wconf 69' lang='grc' dir='ltr'>καὶ</span> <span class='ocrx_word' id='word_1_310' title='bbox 555 3644 646 3694; x_wconf 82' lang='grc' dir='ltr'>τὸν</span> <span class='ocrx_word' id='word_1_311' title='bbox 683 3643 893 3709; x_wconf 87' lang='grc' dir='ltr'>πατέρα</span> <span class='ocrx_word' id='word_1_312' title='bbox 925 3640 1359 3712; x_wconf 86' lang='grc' dir='ltr'>παρεσκεύασεν.</span> 
     </span>
    </p>
   </div>
   <div class='ocr_carea' id='block_1_40' title="bbox 510 3721 2115 3803">
    <p class='ocr_par' dir='ltr' id='par_1_40' title="bbox 510 3721 2115 3803">
     <span class='ocr_line' id='line_1_40' title="bbox 510 3721 2115 3803; baseline 0.001 -20"><span class='ocrx_word' id='word_1_313' title='bbox 510 3727 642 3784; x_wconf 78' lang='grc' dir='ltr'>Εἶτα</span> <span class='ocrx_word' id='word_1_314' title='bbox 659 3731 844 3800; x_wconf 84' lang='grc' dir='ltr'>ἐπειδὴ</span> <span class='ocrx_word' id='word_1_315' title='bbox 883 3731 980 3800; x_wconf 82' lang='grc' dir='ltr'>τὴν</span> <span class='ocrx_word' id='word_1_316' title='bbox 1005 3721 1230 3801; x_wconf 71' lang='grc' dir='ltr'>Χαρρὰν</span> <span class='ocrx_word' id='word_1_317' title='bbox 1251 3729 1571 3795; x_wconf 87' lang='grc' dir='ltr'>κατέλαϐον,</span> <span class='ocrx_word' id='word_1_318' title='bbox 1610 3733 1726 3784; x_wconf 88' lang='grc' dir='ltr'>ἐκεῖ</span> <span class='ocrx_word' id='word_1_319' title='bbox 1747 3731 1843 3803; x_wconf 89' lang='grc' dir='ltr'>τὴν</span> <span class='ocrx_word' id='word_1_320' title='bbox 1873 3734 2075 3803; x_wconf 79' lang='grc' dir='ltr'>σκηνὴν</span> <span class='ocrx_word' id='word_1_321' title='bbox 2095 3747 2115 3772; x_wconf 74' lang='grc' dir='ltr'><strong><em>υ</em></strong></span> 
     </span>
    </p>
   </div>
   <div class='ocr_carea' id='block_1_41' title="bbox 439 3817 2120 3892">
    <p class='ocr_par' dir='ltr' id='par_1_41' title="bbox 439 3817 2120 3892">
     <span class='ocr_line' id='line_1_41' title="bbox 439 3817 2120 3892; baseline 0.002 -22"><span class='ocrx_word' id='word_1_322' title='bbox 439 3820 730 3890; x_wconf 84' lang='grc' dir='ltr'>ἐπήξαντο.</span> <span class='ocrx_word' id='word_1_323' title='bbox 765 3819 874 3872; x_wconf 80' lang='grc' dir='ltr'>Καὶ</span> <span class='ocrx_word' id='word_1_324' title='bbox 907 3817 1330 3888; x_wconf 85' lang='grc' dir='ltr'>τελευτήσαντος</span> <span class='ocrx_word' id='word_1_325' title='bbox 1372 3817 1466 3870; x_wconf 90' lang='grc' dir='ltr'>τοῦ</span> <span class='ocrx_word' id='word_1_326' title='bbox 1496 3817 1686 3889; x_wconf 80' lang='grc' dir='ltr'>Θάρῤα</span> <span class='ocrx_word' id='word_1_327' title='bbox 1716 3819 1892 3887; x_wconf 88' lang='grc' dir='ltr'>(τοῦτο</span> <span class='ocrx_word' id='word_1_328' title='bbox 1916 3821 2024 3891; x_wconf 84' lang='grc' dir='ltr'>γὰρ</span> <span class='ocrx_word' id='word_1_329' title='bbox 2053 3817 2120 3892; x_wconf 81' lang='grc' dir='ltr'>ἦν</span> 
     </span>
    </p>
   </div>
   <div class='ocr_carea' id='block_1_42' title="bbox 438 3903 2118 3975">
    <p class='ocr_par' dir='ltr' id='par_1_42' title="bbox 438 3903 2118 3975">
     <span class='ocr_line' id='line_1_42' title="bbox 438 3903 2118 3975; baseline 0.002 -19"><span class='ocrx_word' id='word_1_330' title='bbox 438 3908 610 3975; x_wconf 75' lang='grc' dir='ltr'>ὄνομα</span> <span class='ocrx_word' id='word_1_331' title='bbox 647 3904 726 3974; x_wconf 83' lang='grc' dir='ltr'>τῷ</span> <span class='ocrx_word' id='word_1_332' title='bbox 761 3905 968 3974; x_wconf 74' lang='grc' dir='ltr'>πατρὶ),</span> <span class='ocrx_word' id='word_1_333' title='bbox 1007 3903 1172 3956; x_wconf 90' lang='grc' dir='ltr'>πάλιν</span> <span class='ocrx_word' id='word_1_334' title='bbox 1225 3904 1620 3975; x_wconf 84' lang='grc' dir='ltr'>προστάττεται</span> <span class='ocrx_word' id='word_1_335' title='bbox 1666 3904 1818 3975; x_wconf 88' lang='grc' dir='ltr'>παρά</span> <span class='ocrx_word' id='word_1_336' title='bbox 1859 3906 1952 3958; x_wconf 92' lang='grc' dir='ltr'>τοῦ</span> <span class='ocrx_word' id='word_1_337' title='bbox 1984 3908 2118 3960; x_wconf 85' lang='grc' dir='ltr'>Θεοῦ</span> 
     </span>
    </p>
   </div>
   <div class='ocr_carea' id='block_1_43' title="bbox 437 3990 2119 4063">
    <p class='ocr_par' dir='ltr' id='par_1_43' title="bbox 437 3990 2119 4063">
     <span class='ocr_line' id='line_1_43' title="bbox 437 3990 2119 4063; baseline 0.001 -17"><span class='ocrx_word' id='word_1_338' title='bbox 437 3993 673 4057; x_wconf 76' lang='grc' dir='ltr'>ἐξελθεῖν</span> <span class='ocrx_word' id='word_1_339' title='bbox 711 3990 939 4044; x_wconf 87' lang='grc' dir='ltr'>ἐκεῖθεν.</span> <span class='ocrx_word' id='word_1_340' title='bbox 977 3991 1225 4055; x_wconf 79' lang='grc' dir='ltr'>Ἔξελθε</span> <span class='ocrx_word' id='word_1_341' title='bbox 1253 3994 1380 4061; x_wconf 84' lang='grc' dir='ltr'>γὰρ,</span> <span class='ocrx_word' id='word_1_342' title='bbox 1415 3993 1602 4059; x_wconf 73' lang='grc' dir='ltr'>φησὶν,</span> <span class='ocrx_word' id='word_1_343' title='bbox 1640 3991 1710 4044; x_wconf 80' lang='grc' dir='ltr'>ἐκ</span> <span class='ocrx_word' id='word_1_344' title='bbox 1739 3992 1848 4060; x_wconf 82' lang='grc' dir='ltr'>τῆς</span> <span class='ocrx_word' id='word_1_345' title='bbox 1871 3993 1984 4063; x_wconf 78' lang='grc' dir='ltr'>γῆς</span> <span class='ocrx_word' id='word_1_346' title='bbox 2003 4011 2119 4047; x_wconf 88' lang='grc' dir='ltr'>σου</span> 
     </span>
    </p>
   </div>
   <div class='ocr_carea' id='block_1_44' title="bbox 437 4079 2121 4151">
    <p class='ocr_par' dir='ltr' id='par_1_44' title="bbox 437 4079 2121 4151">
     <span class='ocr_line' id='line_1_44' title="bbox 437 4079 2121 4151; baseline 0.001 -17"><span class='ocrx_word' id='word_1_347' title='bbox 437 4082 535 4134; x_wconf 81' lang='grc' dir='ltr'>καὶ</span> <span class='ocrx_word' id='word_1_348' title='bbox 557 4081 624 4134; x_wconf 79' lang='grc' dir='ltr'>ἐκ</span> <span class='ocrx_word' id='word_1_349' title='bbox 646 4079 757 4148; x_wconf 85' lang='grc' dir='ltr'>τῆς</span> <span class='ocrx_word' id='word_1_350' title='bbox 777 4079 1140 4149; x_wconf 70' lang='grc' dir='ltr'>συγγενείας</span> <span class='ocrx_word' id='word_1_351' title='bbox 1165 4093 1301 4144; x_wconf 88' lang='grc' dir='ltr'>σου,</span> <span class='ocrx_word' id='word_1_352' title='bbox 1329 4081 1427 4132; x_wconf 82' lang='grc' dir='ltr'>καί</span> <span class='ocrx_word' id='word_1_353' title='bbox 1454 4079 1630 4147; x_wconf 83' lang='grc' dir='ltr'>δεῦρο</span> <span class='ocrx_word' id='word_1_354' title='bbox 1645 4083 1731 4145; x_wconf 83' lang='grc' dir='ltr'>εἰς</span> <span class='ocrx_word' id='word_1_355' title='bbox 1751 4082 1863 4148; x_wconf 79' lang='grc' dir='ltr'>τὴν</span> <span class='ocrx_word' id='word_1_356' title='bbox 1885 4081 2019 4151; x_wconf 72' lang='grc' dir='ltr'>γῆν,</span> <span class='ocrx_word' id='word_1_357' title='bbox 2041 4081 2121 4149; x_wconf 76' lang='grc' dir='ltr'><strong><em>ἣν</em></strong></span> 
     </span>
    </p>
   </div>
   <div class='ocr_carea' id='block_1_45' title="bbox 437 4166 2120 4238">
    <p class='ocr_par' dir='ltr' id='par_1_45' title="bbox 437 4166 2120 4238">
     <span class='ocr_line' id='line_1_45' title="bbox 437 4166 2120 4238; baseline 0.001 -18"><span class='ocrx_word' id='word_1_358' title='bbox 437 4172 514 4220; x_wconf 67' lang='grc' dir='ltr'>(ἲν</span> <span class='ocrx_word' id='word_1_359' title='bbox 537 4183 636 4222; x_wconf 83' lang='grc' dir='ltr'>σοι</span> <span class='ocrx_word' id='word_1_360' title='bbox 657 4167 853 4231; x_wconf 80' lang='grc' dir='ltr'>δείξω.</span> <span class='ocrx_word' id='word_1_361' title='bbox 899 4167 1116 4237; x_wconf 77' lang='grc' dir='ltr'>Ἐπειδὴ</span> <span class='ocrx_word' id='word_1_362' title='bbox 1149 4166 1258 4238; x_wconf 84' lang='grc' dir='ltr'>γὰρ</span> <span class='ocrx_word' id='word_1_363' title='bbox 1294 4167 1434 4236; x_wconf 83' lang='grc' dir='ltr'>μετὰ</span> <span class='ocrx_word' id='word_1_364' title='bbox 1461 4167 1643 4237; x_wconf 86' lang='grc' dir='ltr'>πάσης</span> <span class='ocrx_word' id='word_1_365' title='bbox 1693 4169 1792 4238; x_wconf 82' lang='grc' dir='ltr'>τῆς</span> <span class='ocrx_word' id='word_1_366' title='bbox 1823 4170 1997 4231; x_wconf 89' lang='grc' dir='ltr'>οἰκίας</span> <span class='ocrx_word' id='word_1_367' title='bbox 2040 4171 2120 4232; x_wconf 91' lang='grc' dir='ltr'>εἰς</span> 
     </span>
    </p>
   </div>
   <div class='ocr_carea' id='block_1_46' title="bbox 435 4255 2118 4326">
    <p class='ocr_par' dir='ltr' id='par_1_46' title="bbox 435 4255 2118 4326">
     <span class='ocr_line' id='line_1_46' title="bbox 435 4255 2118 4326; baseline 0.001 -20"><span class='ocrx_word' id='word_1_368' title='bbox 435 4259 533 4325; x_wconf 77' lang='grc' dir='ltr'>τὴν</span> <span class='ocrx_word' id='word_1_369' title='bbox 559 4256 782 4326; x_wconf 79' lang='grc' dir='ltr'>Χαρρἀ</span> <span class='ocrx_word' id='word_1_370' title='bbox 816 4255 1172 4325; x_wconf 86' lang='grc' dir='ltr'>μετέστησαν,</span> <span class='ocrx_word' id='word_1_371' title='bbox 1200 4255 1288 4308; x_wconf 83' lang='grc' dir='ltr'>διὰ</span> <span class='ocrx_word' id='word_1_372' title='bbox 1320 4255 1479 4308; x_wconf 88' lang='grc' dir='ltr'>τοῦτο</span> <span class='ocrx_word' id='word_1_373' title='bbox 1505 4255 1738 4309; x_wconf 84' lang='grc' dir='ltr'>ἐνταῦθα</span> <span class='ocrx_word' id='word_1_374' title='bbox 1770 4257 2118 4324; x_wconf 88' lang='grc' dir='ltr'>προστάττων</span> 
     </span>
    </p>
   </div>
   <div class='ocr_carea' id='block_1_47' title="bbox 435 4341 2120 4413">
    <p class='ocr_par' dir='ltr' id='par_1_47' title="bbox 435 4341 2120 4413">
     <span class='ocr_line' id='line_1_47' title="bbox 435 4341 2120 4413; baseline 0.001 -19"><span class='ocrx_word' id='word_1_375' title='bbox 435 4343 583 4412; x_wconf 83' lang='grc' dir='ltr'>αὑτῷ</span> <span class='ocrx_word' id='word_1_376' title='bbox 605 4342 838 4408; x_wconf 81' lang='grc' dir='ltr'>ἐξελθεῖν</span> <span class='ocrx_word' id='word_1_377' title='bbox 865 4343 1226 4413; x_wconf 84' lang='grc' dir='ltr'>προσέθηκεν,</span> <span class='ocrx_word' id='word_1_378' title='bbox 1259 4343 1354 4395; x_wconf 81' lang='grc' dir='ltr'>Ἐκ</span> <span class='ocrx_word' id='word_1_379' title='bbox 1382 4341 1492 4411; x_wconf 80' lang='grc' dir='ltr'>τῆς</span> <span class='ocrx_word' id='word_1_380' title='bbox 1513 4343 1626 4412; x_wconf 81' lang='grc' dir='ltr'>γῆς</span> <span class='ocrx_word' id='word_1_381' title='bbox 1642 4358 1758 4396; x_wconf 87' lang='grc' dir='ltr'>σου</span> <span class='ocrx_word' id='word_1_382' title='bbox 1787 4346 1884 4396; x_wconf 83' lang='grc' dir='ltr'>καὶ</span> <span class='ocrx_word' id='word_1_383' title='bbox 1913 4344 1982 4396; x_wconf 78' lang='grc' dir='ltr'>ἐκ</span> <span class='ocrx_word' id='word_1_384' title='bbox 2011 4342 2120 4411; x_wconf 84' lang='grc' dir='ltr'>τῆς</span> 
     </span>
    </p>
   </div>
   <div class='ocr_carea' id='block_1_48' title="bbox 435 4428 2120 4500">
    <p class='ocr_par' dir='ltr' id='par_1_48' title="bbox 435 4428 2120 4500">
     <span class='ocr_line' id='line_1_48' title="bbox 435 4428 2120 4500; baseline 0.001 -17"><span class='ocrx_word' id='word_1_385' title='bbox 435 4428 792 4500; x_wconf 76' lang='grc' dir='ltr'>συγγενείας</span> <span class='ocrx_word' id='word_1_386' title='bbox 813 4443 953 4492; x_wconf 85' lang='grc' dir='ltr'>σου,</span> <span class='ocrx_word' id='word_1_387' title='bbox 978 4429 1153 4500; x_wconf 82' lang='grc' dir='ltr'>δηλῶν</span> <span class='ocrx_word' id='word_1_388' title='bbox 1177 4428 1442 4500; x_wconf 81' lang='grc' dir='ltr'>αὑτῷ,ὃτι</span> <span class='ocrx_word' id='word_1_389' title='bbox 1469 4430 1630 4482; x_wconf 88' lang='grc' dir='ltr'>αὑτὸν</span> <span class='ocrx_word' id='word_1_390' title='bbox 1657 4431 1815 4500; x_wconf 91' lang='grc' dir='ltr'>μόνον</span> <span class='ocrx_word' id='word_1_391' title='bbox 1839 4431 1958 4484; x_wconf 85' lang='grc' dir='ltr'>καθ’</span> <span class='ocrx_word' id='word_1_392' title='bbox 1995 4434 2120 4485; x_wconf 90' lang='grc' dir='ltr'>ἐαυ-</span> 
     </span>
    </p>
   </div>
   <div class='ocr_carea' id='block_1_49' title="bbox 435 4517 2120 4590">
    <p class='ocr_par' dir='ltr' id='par_1_49' title="bbox 435 4517 2120 4590">
     <span class='ocr_line' id='line_1_49' title="bbox 435 4517 2120 4590; baseline 0.001 -19"><span class='ocrx_word' id='word_1_393' title='bbox 435 4521 526 4573; x_wconf 90' lang='grc' dir='ltr'>τὸν</span> <span class='ocrx_word' id='word_1_394' title='bbox 559 4517 807 4589; x_wconf 87' lang='grc' dir='ltr'>βούλεται</span> <span class='ocrx_word' id='word_1_395' title='bbox 847 4517 947 4588; x_wconf 89' lang='grc' dir='ltr'>τὴν</span> <span class='ocrx_word' id='word_1_396' title='bbox 969 4517 1279 4586; x_wconf 87' lang='grc' dir='ltr'>ἀποδημίαν</span> <span class='ocrx_word' id='word_1_397' title='bbox 1320 4518 1671 4589; x_wconf 83' lang='grc' dir='ltr'>ποιήσασθαι,</span> <span class='ocrx_word' id='word_1_398' title='bbox 1715 4521 1809 4572; x_wconf 76' lang='grc' dir='ltr'>καὶ</span> <span class='ocrx_word' id='word_1_399' title='bbox 1851 4521 1988 4590; x_wconf 86' lang='grc' dir='ltr'>μήτε</span> <span class='ocrx_word' id='word_1_400' title='bbox 2027 4520 2120 4573; x_wconf 90' lang='grc' dir='ltr'>τὸν</span> 
     </span>
    </p>
   </div>
   <div class='ocr_carea' id='block_1_50' title="bbox 435 4602 2118 4678">
    <p class='ocr_par' dir='ltr' id='par_1_50' title="bbox 435 4602 2118 4678">
     <span class='ocr_line' id='line_1_50' title="bbox 435 4602 2118 4678; baseline 0 -18"><span class='ocrx_word' id='word_1_401' title='bbox 435 4606 684 4676; x_wconf 85' lang='grc' dir='ltr'>ἀδελφὸν,</span> <span class='ocrx_word' id='word_1_402' title='bbox 737 4605 830 4657; x_wconf 89' lang='grc' dir='ltr'>τὸν</span> <span class='ocrx_word' id='word_1_403' title='bbox 881 4602 1086 4678; x_wconf 68' lang='grc' dir='ltr'>Ναχώρ</span> <span class='ocrx_word' id='word_1_404' title='bbox 1132 4605 1298 4672; x_wconf 89' lang='grc' dir='ltr'>λέγω,</span> <span class='ocrx_word' id='word_1_405' title='bbox 1337 4607 1472 4676; x_wconf 90' lang='grc' dir='ltr'>μήτε</span> <span class='ocrx_word' id='word_1_406' title='bbox 1500 4606 1684 4678; x_wconf 77' lang='grc' dir='ltr'>ἕτερόν</span> <span class='ocrx_word' id='word_1_407' title='bbox 1712 4625 1831 4659; x_wconf 90' lang='grc' dir='ltr'>τινα</span> <span class='ocrx_word' id='word_1_408' title='bbox 1861 4607 2118 4678; x_wconf 86' lang='grc' dir='ltr'>ἐπισύρε-</span> 
     </span>
    </p>
   </div>
   <div class='ocr_carea' id='block_1_51' title="bbox 437 4687 2118 4761">
    <p class='ocr_par' dir='ltr' id='par_1_51' title="bbox 437 4687 2118 4761">
     <span class='ocr_line' id='line_1_51' title="bbox 437 4687 2118 4761; baseline 0.002 -22"><span class='ocrx_word' id='word_1_409' title='bbox 437 4687 582 4741; x_wconf 87' lang='grc' dir='ltr'>σθαι.</span> <span class='ocrx_word' id='word_1_410' title='bbox 628 4688 723 4741; x_wconf 81' lang='grc' dir='ltr'>Ἐκ</span> <span class='ocrx_word' id='word_1_411' title='bbox 742 4687 842 4755; x_wconf 84' lang='grc' dir='ltr'>τῆς</span> <span class='ocrx_word' id='word_1_412' title='bbox 873 4687 976 4757; x_wconf 81' lang='grc' dir='ltr'>γῆς</span> <span class='ocrx_word' id='word_1_413' title='bbox 1002 4704 1092 4739; x_wconf 92' lang='grc' dir='ltr'>σου</span> <span class='ocrx_word' id='word_1_414' title='bbox 1126 4687 1182 4740; x_wconf 88' lang='grc' dir='ltr'>δέ</span> <span class='ocrx_word' id='word_1_415' title='bbox 1215 4687 1418 4751; x_wconf 78' lang='grc' dir='ltr'>ἔλεγεν,</span> <span class='ocrx_word' id='word_1_416' title='bbox 1451 4690 1638 4760; x_wconf 88' lang='grc' dir='ltr'>ἐπειδὴ</span> <span class='ocrx_word' id='word_1_417' title='bbox 1674 4690 1863 4761; x_wconf 87' lang='grc' dir='ltr'>χρόνον</span> <span class='ocrx_word' id='word_1_418' title='bbox 1893 4692 1990 4743; x_wconf 84' lang='grc' dir='ltr'>οὑκ</span> <span class='ocrx_word' id='word_1_419' title='bbox 2010 4691 2118 4742; x_wconf 88' lang='grc' dir='ltr'>όλί-</span> 
     </span>
    </p>
   </div>
   <div class='ocr_carea' id='block_1_52' title="bbox 435 4771 2120 4846">
    <p class='ocr_par' dir='ltr' id='par_1_52' title="bbox 435 4771 2120 4846">
     <span class='ocr_line' id='line_1_52' title="bbox 435 4771 2120 4846; baseline 0.003 -24"><span class='ocrx_word' id='word_1_420' title='bbox 435 4787 531 4837; x_wconf 90' lang='grc' dir='ltr'>γον</span> <span class='ocrx_word' id='word_1_421' title='bbox 567 4773 684 4824; x_wconf 89' lang='grc' dir='ltr'>ἐκεῖ</span> <span class='ocrx_word' id='word_1_422' title='bbox 701 4772 1041 4842; x_wconf 78' lang='grc' dir='ltr'>οἰκήσαντες,</span> <span class='ocrx_word' id='word_1_423' title='bbox 1077 4772 1149 4834; x_wconf 86' lang='grc' dir='ltr'>ώς</span> <span class='ocrx_word' id='word_1_424' title='bbox 1168 4774 1224 4823; x_wconf 85' lang='grc' dir='ltr'>ἐν</span> <span class='ocrx_word' id='word_1_425' title='bbox 1261 4772 1367 4840; x_wconf 65' lang='grc' dir='ltr'>ἰδίᾳ</span> <span class='ocrx_word' id='word_1_426' title='bbox 1395 4771 1578 4824; x_wconf 88' lang='grc' dir='ltr'>λοιπὸν</span> <span class='ocrx_word' id='word_1_427' title='bbox 1602 4774 1820 4844; x_wconf 88' lang='grc' dir='ltr'>πατρίδι</span> <span class='ocrx_word' id='word_1_428' title='bbox 1847 4774 1942 4844; x_wconf 90' lang='grc' dir='ltr'>τὴν</span> <span class='ocrx_word' id='word_1_429' title='bbox 1969 4776 2120 4846; x_wconf 78' lang='grc' dir='ltr'>οἰκη-</span> 
     </span>
    </p>
   </div>
   <div class='ocr_carea' id='block_1_53' title="bbox 438 4857 2118 4926">
    <p class='ocr_par' dir='ltr' id='par_1_53' title="bbox 438 4857 2118 4926">
     <span class='ocr_line' id='line_1_53' title="bbox 438 4857 2118 4926; baseline 0.001 -18"><span class='ocrx_word' id='word_1_430' title='bbox 438 4873 523 4909; x_wconf 93' lang='grc' dir='ltr'>σιν</span> <span class='ocrx_word' id='word_1_431' title='bbox 547 4857 826 4910; x_wconf 89' lang='grc' dir='ltr'>ἐποιοῦντο</span> <span class='ocrx_word' id='word_1_432' title='bbox 863 4858 921 4908; x_wconf 87' lang='grc' dir='ltr'>ἐν</span> <span class='ocrx_word' id='word_1_433' title='bbox 952 4857 1110 4926; x_wconf 86' lang='grc' dir='ltr'>αὑτῇ.</span> <span class='ocrx_word' id='word_1_434' title='bbox 1148 4857 1341 4909; x_wconf 84' lang='grc' dir='ltr'>Καίτοι</span> <span class='ocrx_word' id='word_1_435' title='bbox 1374 4857 1468 4908; x_wconf 90' lang='grc' dir='ltr'>τοῦ</span> <span class='ocrx_word' id='word_1_436' title='bbox 1524 4857 1750 4920; x_wconf 87' lang='grc' dir='ltr'>πένθους</span> <span class='ocrx_word' id='word_1_437' title='bbox 1782 4858 1888 4910; x_wconf 86' lang='grc' dir='ltr'>τῶν</span> <span class='ocrx_word' id='word_1_438' title='bbox 1923 4859 2118 4912; x_wconf 88' lang='grc' dir='ltr'>ἐαυτοῦ</span> 
     </span>
    </p>
   </div>
   <div class='ocr_carea' id='block_1_54' title="bbox 435 4941 2116 5014">
    <p class='ocr_par' dir='ltr' id='par_1_54' title="bbox 435 4941 2116 5014">
     <span class='ocr_line' id='line_1_54' title="bbox 435 4941 2116 5014; baseline 0.004 -24"><span class='ocrx_word' id='word_1_439' title='bbox 435 4941 640 5006; x_wconf 86' lang='grc' dir='ltr'>γονέων</span> <span class='ocrx_word' id='word_1_440' title='bbox 667 4941 1008 5012; x_wconf 78' lang='grc' dir='ltr'>ἀκμάζοντος</span> <span class='ocrx_word' id='word_1_441' title='bbox 1040 4941 1154 5005; x_wconf 78' lang='grc' dir='ltr'>ἐτι,</span> <span class='ocrx_word' id='word_1_442' title='bbox 1211 4941 1303 4994; x_wconf 75' lang='grc' dir='ltr'>καὶ</span> <span class='ocrx_word' id='word_1_443' title='bbox 1339 4941 1539 5012; x_wconf 79' lang='grc' dir='ltr'>πολλῆς</span> <span class='ocrx_word' id='word_1_444' title='bbox 1585 4941 1750 5014; x_wconf 80' lang='grc' dir='ltr'>ούσης</span> <span class='ocrx_word' id='word_1_445' title='bbox 1777 4945 1896 4996; x_wconf 86' lang='grc' dir='ltr'>τότε</span> <span class='ocrx_word' id='word_1_446' title='bbox 1925 4945 2116 5014; x_wconf 88' lang='grc' dir='ltr'>δυσχε-</span> 
     </span>
    </p>
   </div>
   <div class='ocr_carea' id='block_1_55' title="bbox 439 5021 2121 5098">
    <p class='ocr_par' dir='ltr' id='par_1_55' title="bbox 439 5021 2121 5098">
     <span class='ocr_line' id='line_1_55' title="bbox 439 5021 2121 5098; baseline 0.004 -24"><span class='ocrx_word' id='word_1_447' title='bbox 439 5021 593 5093; x_wconf 88' lang='grc' dir='ltr'>ρείας</span> <span class='ocrx_word' id='word_1_448' title='bbox 622 5040 680 5075; x_wconf 90' lang='grc' dir='ltr'>τε</span> <span class='ocrx_word' id='word_1_449' title='bbox 709 5025 831 5080; x_wconf 67' lang='grc' dir='ltr'>-καῗι</span> <span class='ocrx_word' id='word_1_450' title='bbox 861 5024 1075 5086; x_wconf 87' lang='grc' dir='ltr'>ἀνοδίας</span> <span class='ocrx_word' id='word_1_451' title='bbox 1129 5025 1270 5077; x_wconf 88' lang='grc' dir='ltr'>κατὰ</span> <span class='ocrx_word' id='word_1_452' title='bbox 1322 5026 1418 5086; x_wconf 86' lang='grc' dir='ltr'>τάς</span> <span class='ocrx_word' id='word_1_453' title='bbox 1457 5025 1787 5095; x_wconf 82' lang='grc' dir='ltr'>ἀποδημίας,</span> <span class='ocrx_word' id='word_1_454' title='bbox 1825 5027 1942 5079; x_wconf 87' lang='grc' dir='ltr'>ἀλλ’</span> <span class='ocrx_word' id='word_1_455' title='bbox 1971 5028 2121 5098; x_wconf 85' lang='grc' dir='ltr'>ὅμως</span> 
     </span>
    </p>
   </div>
   <div class='ocr_carea' id='block_1_56' title="bbox 438 5109 2120 5185">
    <p class='ocr_par' dir='ltr' id='par_1_56' title="bbox 438 5109 2120 5185">
     <span class='ocr_line' id='line_1_56' title="bbox 438 5109 2120 5185; baseline 0.005 -23"><span class='ocrx_word' id='word_1_456' title='bbox 438 5109 580 5180; x_wconf 84' lang='grc' dir='ltr'>μετὰ</span> <span class='ocrx_word' id='word_1_457' title='bbox 615 5111 795 5181; x_wconf 87' lang='grc' dir='ltr'>πάσης</span> <span class='ocrx_word' id='word_1_458' title='bbox 826 5113 1138 5183; x_wconf 91' lang='grc' dir='ltr'>προθυμίας</span> <span class='ocrx_word' id='word_1_459' title='bbox 1160 5113 1222 5166; x_wconf 92' lang='grc' dir='ltr'>τὸ</span> <span class='ocrx_word' id='word_1_460' title='bbox 1241 5113 1520 5182; x_wconf 90' lang='grc' dir='ltr'>ἐπίταγμα</span> <span class='ocrx_word' id='word_1_461' title='bbox 1543 5114 1602 5167; x_wconf 85' lang='grc' dir='ltr'>τὸ</span> <span class='ocrx_word' id='word_1_462' title='bbox 1622 5115 1772 5185; x_wconf 84' lang='grc' dir='ltr'>παρὰ</span> <span class='ocrx_word' id='word_1_463' title='bbox 1806 5115 1900 5168; x_wconf 90' lang='grc' dir='ltr'>τοῦ</span> <span class='ocrx_word' id='word_1_464' title='bbox 1916 5117 2120 5170; x_wconf 86' lang='grc' dir='ltr'>Δεσπό-</span> 
     </span>
    </p>
   </div>
   <div class='ocr_carea' id='block_1_57' title="bbox 436 5200 2124 5276">
    <p class='ocr_par' dir='ltr' id='par_1_57' title="bbox 436 5200 2124 5276">
     <span class='ocr_line' id='line_1_57' title="bbox 436 5200 2124 5276; baseline 0.004 -25"><span class='ocrx_word' id='word_1_465' title='bbox 436 5215 532 5252; x_wconf 88' lang='grc' dir='ltr'>του</span> <span class='ocrx_word' id='word_1_466' title='bbox 563 5200 717 5269; x_wconf 81' lang='grc' dir='ltr'>ἦνυε,</span> <span class='ocrx_word' id='word_1_467' title='bbox 766 5200 861 5253; x_wconf 81' lang='grc' dir='ltr'>καὶ</span> <span class='ocrx_word' id='word_1_468' title='bbox 887 5200 1062 5253; x_wconf 92' lang='grc' dir='ltr'>ταῦτα</span> <span class='ocrx_word' id='word_1_469' title='bbox 1095 5201 1192 5253; x_wconf 91' lang='grc' dir='ltr'>οὑκ</span> <span class='ocrx_word' id='word_1_470' title='bbox 1219 5201 1392 5265; x_wconf 88' lang='grc' dir='ltr'>εἰδὼς,</span> <span class='ocrx_word' id='word_1_471' title='bbox 1423 5203 1556 5255; x_wconf 81' lang='grc' dir='ltr'>ὅπου</span> <span class='ocrx_word' id='word_1_472' title='bbox 1589 5204 1844 5274; x_wconf 89' lang='grc' dir='ltr'>στήσεται</span> <span class='ocrx_word' id='word_1_473' title='bbox 1874 5205 2022 5276; x_wconf 86' lang='grc' dir='ltr'>αὑτῷ</span> <span class='ocrx_word' id='word_1_474' title='bbox 2054 5207 2124 5260; x_wconf 86' lang='grc' dir='ltr'>τὰ</span> 
     </span>
    </p>
   </div>
   <div class='ocr_carea' id='block_1_58' title="bbox 435 5286 2121 5363">
    <p class='ocr_par' dir='ltr' id='par_1_58' title="bbox 435 5286 2121 5363">
     <span class='ocr_line' id='line_1_58' title="bbox 435 5286 2121 5363; baseline 0.002 -23"><span class='ocrx_word' id='word_1_475' title='bbox 435 5287 538 5356; x_wconf 82' lang='lat'><strong>1?};</strong></span> <span class='ocrx_word' id='word_1_476' title='bbox 567 5286 796 5356; x_wconf 91' lang='grc' dir='ltr'>πλάνης.</span> <span class='ocrx_word' id='word_1_477' title='bbox 818 5286 1000 5354; x_wconf 84' lang='grc' dir='ltr'>Δεῦρο</span> <span class='ocrx_word' id='word_1_478' title='bbox 1019 5287 1150 5358; x_wconf 80' lang='grc' dir='ltr'>γάρ,</span> <span class='ocrx_word' id='word_1_479' title='bbox 1181 5291 1366 5357; x_wconf 75' lang='grc' dir='ltr'>φησὶν,</span> <span class='ocrx_word' id='word_1_480' title='bbox 1389 5290 1491 5343; x_wconf 85' lang='grc' dir='ltr'>οὑκ</span> <span class='ocrx_word' id='word_1_481' title='bbox 1524 5293 1603 5353; x_wconf 87' lang='grc' dir='ltr'>εἰς</span> <span class='ocrx_word' id='word_1_482' title='bbox 1631 5291 1788 5361; x_wconf 89' lang='grc' dir='ltr'>τήνδε</span> <span class='ocrx_word' id='word_1_483' title='bbox 1808 5291 1904 5362; x_wconf 90' lang='grc' dir='ltr'>τὴν</span> <span class='ocrx_word' id='word_1_484' title='bbox 1931 5293 2056 5362; x_wconf 81' lang='grc' dir='ltr'>γῆν,</span> <span class='ocrx_word' id='word_1_485' title='bbox 2089 5293 2121 5363; x_wconf 84' lang='grc' dir='ltr'>ἢ</span> 
     </span>
    </p>
   </div>
   <div class='ocr_carea' id='block_1_59' title="bbox 436 5376 2124 5451">
    <p class='ocr_par' dir='ltr' id='par_1_59' title="bbox 436 5376 2124 5451">
     <span class='ocr_line' id='line_1_59' title="bbox 436 5376 2124 5451; baseline 0.005 -23"><span class='ocrx_word' id='word_1_486' title='bbox 436 5376 618 5446; x_wconf 83' lang='grc' dir='ltr'>τήνδε,</span> <span class='ocrx_word' id='word_1_487' title='bbox 637 5376 751 5430; x_wconf 80' lang='grc' dir='ltr'>ἀλλ’</span> <span class='ocrx_word' id='word_1_488' title='bbox 776 5377 855 5438; x_wconf 86' lang='grc' dir='ltr'>εἰς</span> <span class='ocrx_word' id='word_1_489' title='bbox 882 5377 990 5430; x_wconf 78' lang='grc' dir='ltr'>Ἢν</span> <span class='ocrx_word' id='word_1_490' title='bbox 1010 5377 1088 5430; x_wconf 77' lang='grc' dir='ltr'>ἄν</span> <span class='ocrx_word' id='word_1_491' title='bbox 1114 5395 1213 5432; x_wconf 89' lang='grc' dir='ltr'>σοι</span> <span class='ocrx_word' id='word_1_492' title='bbox 1239 5379 1434 5443; x_wconf 82' lang='grc' dir='ltr'>δείξω.</span> <span class='ocrx_word' id='word_1_493' title='bbox 1466 5382 1574 5433; x_wconf 73' lang='grc' dir='ltr'>Καὶ</span> <span class='ocrx_word' id='word_1_494' title='bbox 1593 5381 1743 5451; x_wconf 84' lang='grc' dir='ltr'>ὅμως</span> <span class='ocrx_word' id='word_1_495' title='bbox 1773 5382 1942 5446; x_wconf 78' lang='grc' dir='ltr'>οὕτως</span> <span class='ocrx_word' id='word_1_496' title='bbox 1971 5383 2124 5446; x_wconf 79' lang='grc' dir='ltr'>όντος</span> 
     </span>
    </p>
   </div>
   <div class='ocr_carea' id='block_1_60' title="bbox 439 5464 2124 5542">
    <p class='ocr_par' dir='ltr' id='par_1_60' title="bbox 439 5464 2124 5542">
     <span class='ocr_line' id='line_1_60' title="bbox 439 5464 2124 5542; baseline 0.004 -25"><span class='ocrx_word' id='word_1_497' title='bbox 439 5466 691 5536; x_wconf 84' lang='grc' dir='ltr'>ἀορίστου</span> <span class='ocrx_word' id='word_1_498' title='bbox 740 5464 835 5519; x_wconf 91' lang='grc' dir='ltr'>τοῦ</span> <span class='ocrx_word' id='word_1_499' title='bbox 867 5466 1262 5536; x_wconf 83' lang='grc' dir='ltr'>ἐπιτάγματος,</span> <span class='ocrx_word' id='word_1_500' title='bbox 1321 5469 1474 5521; x_wconf 85' lang='grc' dir='ltr'>οὑδέν</span> <span class='ocrx_word' id='word_1_501' title='bbox 1522 5471 2018 5542; x_wconf 79' lang='grc' dir='ltr'>περιεργαζόμενος</span> <span class='ocrx_word' id='word_1_502' title='bbox 2064 5472 2124 5524; x_wconf 91' lang='grc' dir='ltr'>τὸ</span> 
     </span>
    </p>
   </div>
   <div class='ocr_carea' id='block_1_61' title="bbox 439 5558 2125 5634">
    <p class='ocr_par' dir='ltr' id='par_1_61' title="bbox 439 5558 2125 5634">
     <span class='ocr_line' id='line_1_61' title="bbox 439 5558 2125 5634; baseline 0.004 -24"><span class='ocrx_word' id='word_1_503' title='bbox 439 5558 780 5630; x_wconf 83' lang='grc' dir='ltr'>προσταχθὲν</span> <span class='ocrx_word' id='word_1_504' title='bbox 805 5560 884 5623; x_wconf 85' lang='grc' dir='ltr'>εἰς</span> <span class='ocrx_word' id='word_1_505' title='bbox 912 5559 1072 5630; x_wconf 79' lang='grc' dir='ltr'>ἔργον</span> <span class='ocrx_word' id='word_1_506' title='bbox 1103 5560 1298 5629; x_wconf 77' lang='grc' dir='ltr'>ῆγαγεο</span> <span class='ocrx_word' id='word_1_507' title='bbox 1329 5561 1420 5613; x_wconf 82' lang='grc' dir='ltr'>καὶ</span> <span class='ocrx_word' id='word_1_508' title='bbox 1444 5559 1536 5612; x_wconf 92' lang='grc' dir='ltr'>τὸν</span> <span class='ocrx_word' id='word_1_509' title='bbox 1565 5562 1876 5631; x_wconf 84' lang='grc' dir='ltr'>ἀδελφιδοῦν</span> <span class='ocrx_word' id='word_1_510' title='bbox 1905 5563 1961 5616; x_wconf 85' lang='grc' dir='ltr'>δέ</span> <span class='ocrx_word' id='word_1_511' title='bbox 1989 5563 2125 5634; x_wconf 87' lang='grc' dir='ltr'>ἐπή-</span> 
     </span>
    </p>
   </div>
   <div class='ocr_carea' id='block_1_62' title="bbox 507 5679 2121 5744">
    <p class='ocr_par' dir='ltr' id='par_1_62' title="bbox 507 5679 2121 5744">
     <span class='ocr_line' id='line_1_62' title="bbox 507 5679 2121 5744; baseline 0.004 -17"><span class='ocrx_word' id='word_1_512' title='bbox 507 5683 532 5708; x_wconf 63' lang='grc' dir='ltr'>δ</span> <span class='ocrx_word' id='word_1_513' title='bbox 554 5679 705 5744; x_wconf 80' lang='lat' dir='ltr'>Savil.</span> <span class='ocrx_word' id='word_1_514' title='bbox 727 5682 1284 5744; x_wconf 66' lang='grc' dir='ltr'>εοιῄίοἱὶπαρεχόμενος.</span> <span class='ocrx_word' id='word_1_515' title='bbox 1354 5683 1379 5718; x_wconf 68' lang='lat' dir='ltr'><strong>b</strong></span> <span class='ocrx_word' id='word_1_516' title='bbox 1418 5681 1721 5744; x_wconf 85' lang='grc' dir='ltr'>Ἀνέστησεν,</span> <span class='ocrx_word' id='word_1_517' title='bbox 1755 5686 1821 5734; x_wconf 82' lang='lat' dir='ltr'>ad</span> <span class='ocrx_word' id='word_1_518' title='bbox 1856 5685 1994 5735; x_wconf 80' lang='lat' dir='ltr'>sedes</span> <span class='ocrx_word' id='word_1_519' title='bbox 2016 5698 2121 5734; x_wconf 87' lang='lat' dir='ltr'>mo-</span> 
     </span>
    </p>
   </div>
   <div class='ocr_carea' id='block_1_63' title="bbox 441 5741 2123 5804">
    <p class='ocr_par' dir='ltr' id='par_1_63' title="bbox 441 5741 2123 5804">
     <span class='ocr_line' id='line_1_63' title="bbox 441 5741 2123 5804; baseline 0.006 -17"><span class='ocrx_word' id='word_1_520' title='bbox 441 5741 618 5788; x_wconf 70' lang='lat' dir='ltr'>vendas</span> <span class='ocrx_word' id='word_1_521' title='bbox 640 5741 867 5802; x_wconf 78' lang='lat' dir='ltr'>compulit</span> <span class='ocrx_word' id='word_1_522' title='bbox 889 5755 906 5790; x_wconf 90' lang='lat'>:</span> <span class='ocrx_word' id='word_1_523' title='bbox 929 5741 1034 5791; x_wconf 71' lang='lat' dir='ltr'>haaé</span> <span class='ocrx_word' id='word_1_524' title='bbox 1056 5741 1149 5793; x_wconf 56' lang='lat' dir='ltr'>Vbi:</span> <span class='ocrx_word' id='word_1_525' title='bbox 1175 5747 1407 5804; x_wconf 80' lang='lat' dir='ltr'>Irequens</span> <span class='ocrx_word' id='word_1_526' title='bbox 1430 5751 1508 5792; x_wconf 74' lang='lat' dir='ltr'>est</span> <span class='ocrx_word' id='word_1_527' title='bbox 1549 5746 1637 5794; x_wconf 86' lang='lat' dir='ltr'><strong>illo</strong></span> <span class='ocrx_word' id='word_1_528' title='bbox 1659 5741 1766 5796; x_wconf 69' lang='lat' dir='ltr'>usu.</span> <span class='ocrx_word' id='word_1_529' title='bbox 1837 5750 1857 5776; x_wconf 75' lang='grc' dir='ltr'><em>ε</em></span> <span class='ocrx_word' id='word_1_530' title='bbox 1887 5749 2036 5795; x_wconf 83' lang='lat' dir='ltr'>Savil.</span> <span class='ocrx_word' id='word_1_531' title='bbox 2069 5755 2123 5797; x_wconf 78' lang='lat' dir='ltr'><strong>et</strong></span> 
     </span>
    </p>
   </div>
   <div class='ocr_carea' id='block_1_64' title="bbox 443 5803 2116 5867">
    <p class='ocr_par' dir='ltr' id='par_1_64' title="bbox 443 5803 2116 5867">
     <span class='ocr_line' id='line_1_64' title="bbox 443 5803 2116 5867; baseline 0.008 -23"><span class='ocrx_word' id='word_1_532' title='bbox 443 5803 660 5867; x_wconf 67' lang='lat' dir='ltr'>quinqqe</span> <span class='ocrx_word' id='word_1_533' title='bbox 682 5817 799 5867; x_wconf 56' lang='lat' dir='ltr'>mss,</span> <span class='ocrx_word' id='word_1_534' title='bbox 823 5806 908 5861; x_wconf 80' lang='grc' dir='ltr'>τὴν</span> <span class='ocrx_word' id='word_1_535' title='bbox 934 5805 1123 5860; x_wconf 80' lang='grc' dir='ltr'>οἴκησιν</span> <span class='ocrx_word' id='word_1_536' title='bbox 1144 5803 1388 5862; x_wconf 81' lang='grc' dir='ltr'>ἐπήξαντο.</span> <span class='ocrx_word' id='word_1_537' title='bbox 1417 5805 1590 5854; x_wconf 84' lang='lat' dir='ltr'>Morel.</span> <span class='ocrx_word' id='word_1_538' title='bbox 1629 5811 1713 5866; x_wconf 85' lang='grc' dir='ltr'>τὴν</span> <span class='ocrx_word' id='word_1_539' title='bbox 1739 5809 1918 5866; x_wconf 75' lang='grc' dir='ltr'>σκηνὴν</span> <span class='ocrx_word' id='word_1_540' title='bbox 1949 5810 2079 5867; x_wconf 80' lang='grc' dir='ltr'>ἐπήξ.</span> <span class='ocrx_word' id='word_1_541' title='bbox 2105 5829 2116 5858; x_wconf 91' lang='lat'>:</span> 
     </span>
    </p>
   </div>
   <div class='ocr_carea' id='block_1_65' title="bbox 443 5863 1110 5926">
    <p class='ocr_par' dir='ltr' id='par_1_65' title="bbox 443 5863 1110 5926">
     <span class='ocr_line' id='line_1_65' title="bbox 443 5863 1110 5926; baseline 0.015 -21"><span class='ocrx_word' id='word_1_542' title='bbox 443 5867 593 5919; x_wconf 74' lang='lat' dir='ltr'>atque.</span> <span class='ocrx_word' id='word_1_543' title='bbox 613 5863 681 5912; x_wconf 71' lang='lat' dir='ltr'>ita</span> <span class='ocrx_word' id='word_1_544' title='bbox 705 5864 826 5926; x_wconf 70' lang='lat' dir='ltr'>legit</span> <span class='ocrx_word' id='word_1_545' title='bbox 847 5870 1110 5925; x_wconf 71' lang='lat' dir='ltr'>interpres.</span> 
     </span>
    </p>
   </div>
   <div class='ocr_carea' id='block_1_66' title="bbox 1224 287 3092 354">
    <p class='ocr_par' dir='ltr' id='par_1_66' title="bbox 1224 287 3092 354">
     <span class='ocr_line' id='line_1_66' title="bbox 1224 287 3092 354; baseline -0.006 0"><span class='ocrx_word' id='word_1_546' title='bbox 1224 299 1280 354; x_wconf 92' lang='lat' dir='ltr'>S.</span> <span class='ocrx_word' id='word_1_547' title='bbox 1324 295 1606 353; x_wconf 77' lang='lat' dir='ltr'>JOANNIS</span> <span class='ocrx_word' id='word_1_548' title='bbox 1645 291 2140 350; x_wconf 80' lang='lat' dir='ltr'>CIIRYSOSTOMI</span> <span class='ocrx_word' id='word_1_549' title='bbox 2179 291 2501 348; x_wconf 79' lang='lat' dir='ltr'>ARCIHEP.</span> <span class='ocrx_word' id='word_1_550' title='bbox 2543 287 3092 347; x_wconf 74' lang='lat' dir='ltr'>CONSTANTINOP.</span> 
     </span>
    </p>
   </div>
   <div class='ocr_carea' id='block_1_67' title="bbox 3787 287 3904 344">
    <p class='ocr_par' dir='ltr' id='par_1_67' title="bbox 3787 287 3904 344">
     <span class='ocr_line' id='line_1_67' title="bbox 3787 287 3904 344; baseline -0.009 -1"><span class='ocrx_word' id='word_1_551' title='bbox 3787 287 3904 344; x_wconf 63' lang='lat'>534</span> 
     </span>
    </p>
   </div>
   <div class='ocr_carea' id='block_1_68' title="bbox 2229 401 3906 481">
    <p class='ocr_par' dir='ltr' id='par_1_68' title="bbox 2229 401 3906 481">
     <span class='ocr_line' id='line_1_68' title="bbox 2229 401 3906 481; baseline -0.007 -15"><span class='ocrx_word' id='word_1_552' title='bbox 2229 429 2373 481; x_wconf 89' lang='grc' dir='ltr'>γετο,</span> <span class='ocrx_word' id='word_1_553' title='bbox 2399 412 2493 465; x_wconf 70' lang='grc' dir='ltr'>καὶ</span> <span class='ocrx_word' id='word_1_554' title='bbox 2522 412 2608 464; x_wconf 86' lang='grc' dir='ltr'>διά</span> <span class='ocrx_word' id='word_1_555' title='bbox 2639 410 2828 462; x_wconf 87' lang='grc' dir='ltr'>τούτου</span> <span class='ocrx_word' id='word_1_556' title='bbox 2857 407 2955 476; x_wconf 83' lang='grc' dir='ltr'>τὴν</span> <span class='ocrx_word' id='word_1_557' title='bbox 2978 403 3184 457; x_wconf 86' lang='grc' dir='ltr'>οἰκείαν</span> <span class='ocrx_word' id='word_1_558' title='bbox 3206 401 3406 472; x_wconf 86' lang='grc' dir='ltr'>ἀρετὴν</span> <span class='ocrx_word' id='word_1_559' title='bbox 3430 401 3660 466; x_wconf 87' lang='grc' dir='ltr'>δεικνύς.</span> <span class='ocrx_word' id='word_1_560' title='bbox 3681 403 3906 477; x_wconf 80' lang='grc' dir='ltr'>Ἐπειδὴ</span> 
     </span>
    </p>
   </div>
   <div class='ocr_carea' id='block_1_69' title="bbox 2227 491 3909 571">
    <p class='ocr_par' dir='ltr' id='par_1_69' title="bbox 2227 491 3909 571">
     <span class='ocr_line' id='line_1_69' title="bbox 2227 491 3909 571; baseline -0.005 -18"><span class='ocrx_word' id='word_1_561' title='bbox 2227 500 2336 571; x_wconf 87' lang='grc' dir='ltr'>γάρ</span> <span class='ocrx_word' id='word_1_562' title='bbox 2364 500 2486 552; x_wconf 90' lang='grc' dir='ltr'>νέον</span> <span class='ocrx_word' id='word_1_563' title='bbox 2506 501 2667 551; x_wconf 82' lang='grc' dir='ltr'>αὑτὸν</span> <span class='ocrx_word' id='word_1_564' title='bbox 2685 494 3117 568; x_wconf 84' lang='grc' dir='ltr'>προσλαϐόμενος</span> <span class='ocrx_word' id='word_1_565' title='bbox 3146 492 3285 543; x_wconf 84' lang='grc' dir='ltr'>κατά</span> <span class='ocrx_word' id='word_1_566' title='bbox 3309 491 3501 561; x_wconf 84' lang='grc' dir='ltr'>μικρὸν</span> <span class='ocrx_word' id='word_1_567' title='bbox 3530 491 3770 562; x_wconf 78' lang='grc' dir='ltr'>μιμητὴν</span> <span class='ocrx_word' id='word_1_568' title='bbox 3802 509 3909 545; x_wconf 85' lang='grc' dir='ltr'>κα-</span> 
     </span>
    </p>
   </div>
   <div class='ocr_carea' id='block_1_70' title="bbox 2229 579 3900 657">
    <p class='ocr_par' dir='ltr' id='par_1_70' title="bbox 2229 579 3900 657">
     <span class='ocr_line' id='line_1_70' title="bbox 2229 579 3900 657; baseline -0.005 -16"><span class='ocrx_word' id='word_1_569' title='bbox 2229 587 2524 651; x_wconf 80' lang='grc' dir='ltr'>τεσκεύαζε</span> <span class='ocrx_word' id='word_1_570' title='bbox 2547 587 2644 657; x_wconf 81' lang='grc' dir='ltr'>τῆς</span> <span class='ocrx_word' id='word_1_571' title='bbox 2660 586 2864 645; x_wconf 86' lang='grc' dir='ltr'>οἰκείας</span> <span class='ocrx_word' id='word_1_572' title='bbox 2897 582 3116 654; x_wconf 83' lang='grc' dir='ltr'>ἀρετῆς,</span> <span class='ocrx_word' id='word_1_573' title='bbox 3149 581 3247 632; x_wconf 92' lang='grc' dir='ltr'>οὑκ</span> <span class='ocrx_word' id='word_1_574' title='bbox 3275 579 3534 648; x_wconf 77' lang='grc' dir='ltr'>ἠνέσχετο</span> <span class='ocrx_word' id='word_1_575' title='bbox 3585 579 3774 632; x_wconf 87' lang='grc' dir='ltr'>τοῦτον</span> <span class='ocrx_word' id='word_1_576' title='bbox 3804 598 3900 634; x_wconf 86' lang='grc' dir='ltr'>κα-</span> 
     </span>
    </p>
   </div>
   <div class='ocr_carea' id='block_1_71' title="bbox 2230 668 3906 740">
    <p class='ocr_par' dir='ltr' id='par_1_71' title="bbox 2230 668 3906 740">
     <span class='ocr_line' id='line_1_71' title="bbox 2230 668 3906 740; baseline -0.003 -12"><span class='ocrx_word' id='word_1_577' title='bbox 2230 676 2494 737; x_wconf 82' lang='grc' dir='ltr'>ταλιπεῖν,</span> <span class='ocrx_word' id='word_1_578' title='bbox 2525 674 2659 727; x_wconf 89' lang='grc' dir='ltr'>ἀλλά</span> <span class='ocrx_word' id='word_1_579' title='bbox 2686 673 2938 726; x_wconf 85' lang='grc' dir='ltr'>κοινωνὸν</span> <span class='ocrx_word' id='word_1_580' title='bbox 2958 670 3120 722; x_wconf 89' lang='grc' dir='ltr'>αὑτὸν</span> <span class='ocrx_word' id='word_1_581' title='bbox 3143 668 3413 738; x_wconf 87' lang='grc' dir='ltr'>ἐλάμϐανε</span> <span class='ocrx_word' id='word_1_582' title='bbox 3444 669 3541 739; x_wconf 82' lang='grc' dir='ltr'>τῆς</span> <span class='ocrx_word' id='word_1_583' title='bbox 3568 669 3906 740; x_wconf 77' lang='grc' dir='ltr'>ἀποδημίας.</span> 
     </span>
    </p>
   </div>
   <div class='ocr_carea' id='block_1_72' title="bbox 2231 757 3910 834">
    <p class='ocr_par' dir='ltr' id='par_1_72' title="bbox 2231 757 3910 834">
     <span class='ocr_line' id='line_1_72' title="bbox 2231 757 3910 834; baseline -0.005 -17"><span class='ocrx_word' id='word_1_584' title='bbox 2231 763 2293 817; x_wconf 68' lang='lat' dir='ltr'>Et</span> <span class='ocrx_word' id='word_1_585' title='bbox 2324 764 2432 834; x_wconf 88' lang='grc' dir='ltr'>γὰρ</span> <span class='ocrx_word' id='word_1_586' title='bbox 2453 765 2482 816; x_wconf 85' lang='grc' dir='ltr'>ὁ</span> <span class='ocrx_word' id='word_1_587' title='bbox 2511 764 2714 833; x_wconf 77' lang='grc' dir='ltr'>πατὴρ,</span> <span class='ocrx_word' id='word_1_588' title='bbox 2745 757 2925 831; x_wconf 76' lang='grc' dir='ltr'>φησὶν,</span> <span class='ocrx_word' id='word_1_589' title='bbox 2961 758 3186 819; x_wconf 77' lang='grc' dir='ltr'>ἄπιστος</span> <span class='ocrx_word' id='word_1_590' title='bbox 3201 757 3295 820; x_wconf 79' lang='grc' dir='ltr'>ὢν,</span> <span class='ocrx_word' id='word_1_591' title='bbox 3317 757 3404 809; x_wconf 87' lang='grc' dir='ltr'>διά</span> <span class='ocrx_word' id='word_1_592' title='bbox 3431 758 3491 810; x_wconf 84' lang='grc' dir='ltr'>τὸ</span> <span class='ocrx_word' id='word_1_593' title='bbox 3513 758 3644 829; x_wconf 76' lang='grc' dir='ltr'>περὶ</span> <span class='ocrx_word' id='word_1_594' title='bbox 3669 760 3768 828; x_wconf 82' lang='grc' dir='ltr'>ἐμὲ</span> <span class='ocrx_word' id='word_1_595' title='bbox 3790 759 3910 828; x_wconf 79' lang='grc' dir='ltr'>φίλ-</span> 
     </span>
    </p>
   </div>
   <div class='ocr_carea' id='block_1_73' title="bbox 2229 845 3909 923">
    <p class='ocr_par' dir='ltr' id='par_1_73' title="bbox 2229 845 3909 923">
     <span class='ocr_line' id='line_1_73' title="bbox 2229 845 3909 923; baseline -0.005 -19"><span class='ocrx_word' id='word_1_596' title='bbox 2229 869 2354 923; x_wconf 86' lang='grc' dir='ltr'>τρον</span> <span class='ocrx_word' id='word_1_597' title='bbox 2372 852 2470 922; x_wconf 84' lang='grc' dir='ltr'>τὴν</span> <span class='ocrx_word' id='word_1_598' title='bbox 2500 850 2675 902; x_wconf 88' lang='grc' dir='ltr'>οἰκίαν</span> <span class='ocrx_word' id='word_1_599' title='bbox 2699 848 2796 920; x_wconf 90' lang='grc' dir='ltr'>τὴν</span> <span class='ocrx_word' id='word_1_600' title='bbox 2830 847 3106 917; x_wconf 82' lang='grc' dir='ltr'>πατρῴαν,</span> <span class='ocrx_word' id='word_1_601' title='bbox 3155 845 3282 898; x_wconf 75' lang='grc' dir='ltr'>ἔνθα</span> <span class='ocrx_word' id='word_1_602' title='bbox 3304 845 3600 916; x_wconf 86' lang='grc' dir='ltr'>ἐτέχθημεν</span> <span class='ocrx_word' id='word_1_603' title='bbox 3626 847 3909 919; x_wconf 72' lang='grc' dir='ltr'>καὶηὺξή-</span> 
     </span>
    </p>
   </div>
   <div class='ocr_carea' id='block_1_74' title="bbox 2229 934 3908 1010">
    <p class='ocr_par' dir='ltr' id='par_1_74' title="bbox 2229 934 3908 1010">
     <span class='ocr_line' id='line_1_74' title="bbox 2229 934 3908 1010; baseline -0.002 -18"><span class='ocrx_word' id='word_1_604' title='bbox 2229 940 2423 1010; x_wconf 88' lang='grc' dir='ltr'>θημεν,</span> <span class='ocrx_word' id='word_1_605' title='bbox 2447 938 2764 991; x_wconf 88' lang='grc' dir='ltr'>καταλιπεῖν</span> <span class='ocrx_word' id='word_1_606' title='bbox 2798 935 3118 1001; x_wconf 82' lang='grc' dir='ltr'>κατεδέξατο</span> <span class='ocrx_word' id='word_1_607' title='bbox 3144 935 3237 987; x_wconf 81' lang='grc' dir='ltr'>καὶ</span> <span class='ocrx_word' id='word_1_608' title='bbox 3260 934 3619 1004; x_wconf 83' lang='grc' dir='ltr'>ἀκολουθῆσαί</span> <span class='ocrx_word' id='word_1_609' title='bbox 3648 951 3756 1004; x_wconf 87' lang='grc' dir='ltr'>μοι,</span> <span class='ocrx_word' id='word_1_610' title='bbox 3809 936 3908 988; x_wconf 78' lang='grc' dir='ltr'>καὶ</span> 
     </span>
    </p>
   </div>
   <div class='ocr_carea' id='block_1_75' title="bbox 2229 1021 3906 1097">
    <p class='ocr_par' dir='ltr' id='par_1_75' title="bbox 2229 1021 3906 1097">
     <span class='ocr_line' id='line_1_75' title="bbox 2229 1021 3906 1097; baseline -0.003 -18"><span class='ocrx_word' id='word_1_611' title='bbox 2229 1027 2321 1080; x_wconf 75' lang='grc' dir='ltr'>ἐπὶ</span> <span class='ocrx_word' id='word_1_612' title='bbox 2349 1027 2448 1097; x_wconf 83' lang='grc' dir='ltr'>τῆς</span> <span class='ocrx_word' id='word_1_613' title='bbox 2475 1024 2758 1095; x_wconf 87' lang='grc' dir='ltr'>ἀλλοτρίας</span> <span class='ocrx_word' id='word_1_614' title='bbox 2794 1022 2942 1095; x_wconf 65' lang='grc'>[564]</span> <span class='ocrx_word' id='word_1_615' title='bbox 2975 1023 3063 1075; x_wconf 89' lang='grc' dir='ltr'>τὸν</span> <span class='ocrx_word' id='word_1_616' title='bbox 3119 1021 3234 1091; x_wconf 87' lang='grc' dir='ltr'>βίον</span> <span class='ocrx_word' id='word_1_617' title='bbox 3291 1022 3573 1075; x_wconf 87' lang='grc' dir='ltr'>κατέλυσε·</span> <span class='ocrx_word' id='word_1_618' title='bbox 3628 1022 3809 1092; x_wconf 82' lang='grc' dir='ltr'>πολλῷ</span> <span class='ocrx_word' id='word_1_619' title='bbox 3838 1022 3906 1094; x_wconf 81' lang='grc' dir='ltr'>δὴ</span> 
     </span>
    </p>
   </div>
   <div class='ocr_carea' id='block_1_76' title="bbox 2231 1109 3908 1185">
    <p class='ocr_par' dir='ltr' id='par_1_76' title="bbox 2231 1109 3908 1185">
     <span class='ocr_line' id='line_1_76' title="bbox 2231 1109 3908 1185; baseline -0.002 -19"><span class='ocrx_word' id='word_1_620' title='bbox 2231 1113 2432 1185; x_wconf 83' lang='grc' dir='ltr'>μᾶλλον</span> <span class='ocrx_word' id='word_1_621' title='bbox 2457 1111 2566 1182; x_wconf 88' lang='grc' dir='ltr'>ἐγὼ</span> <span class='ocrx_word' id='word_1_622' title='bbox 2590 1113 2726 1182; x_wconf 83' lang='grc' dir='ltr'>πρὸς</span> <span class='ocrx_word' id='word_1_623' title='bbox 2747 1112 2837 1164; x_wconf 85' lang='grc' dir='ltr'>τὸν</span> <span class='ocrx_word' id='word_1_624' title='bbox 2863 1111 2956 1164; x_wconf 90' lang='grc' dir='ltr'>τοῦ</span> <span class='ocrx_word' id='word_1_625' title='bbox 2981 1109 3207 1178; x_wconf 81' lang='grc' dir='ltr'>ἀδελφοῦ</span> <span class='ocrx_word' id='word_1_626' title='bbox 3241 1110 3422 1174; x_wconf 86' lang='grc' dir='ltr'>παῖδα,</span> <span class='ocrx_word' id='word_1_627' title='bbox 3454 1109 3545 1162; x_wconf 91' lang='grc' dir='ltr'>τὸν</span> <span class='ocrx_word' id='word_1_628' title='bbox 3579 1111 3698 1162; x_wconf 90' lang='grc' dir='ltr'>νέον</span> <span class='ocrx_word' id='word_1_629' title='bbox 3721 1111 3809 1163; x_wconf 68' lang='grc' dir='ltr'>τὸν</span> <span class='ocrx_word' id='word_1_630' title='bbox 3836 1112 3908 1162; x_wconf 84' lang='grc' dir='ltr'>ἐκ</span> 
     </span>
    </p>
   </div>
   <div class='ocr_carea' id='block_1_77' title="bbox 2231 1198 3906 1277">
    <p class='ocr_par' dir='ltr' id='par_1_77' title="bbox 2231 1198 3906 1277">
     <span class='ocr_line' id='line_1_77' title="bbox 2231 1198 3906 1277; baseline -0.003 -19"><span class='ocrx_word' id='word_1_631' title='bbox 2231 1203 2528 1277; x_wconf 89' lang='grc' dir='ltr'>προοιμίων</span> <span class='ocrx_word' id='word_1_632' title='bbox 2546 1202 2829 1257; x_wconf 90' lang='grc' dir='ltr'>δεικνύντα</span> <span class='ocrx_word' id='word_1_633' title='bbox 2865 1203 2940 1264; x_wconf 88' lang='grc' dir='ltr'>ώς</span> <span class='ocrx_word' id='word_1_634' title='bbox 2965 1201 3105 1254; x_wconf 88' lang='grc' dir='ltr'>κατά</span> <span class='ocrx_word' id='word_1_635' title='bbox 3130 1200 3322 1271; x_wconf 90' lang='grc' dir='ltr'>μικρὸν</span> <span class='ocrx_word' id='word_1_636' title='bbox 3341 1198 3591 1252; x_wconf 87' lang='grc' dir='ltr'>ἐπιδώσει</span> <span class='ocrx_word' id='word_1_637' title='bbox 3621 1199 3757 1270; x_wconf 86' lang='grc' dir='ltr'>πρὸς</span> <span class='ocrx_word' id='word_1_638' title='bbox 3775 1202 3906 1270; x_wconf 88' lang='grc' dir='ltr'>ἀρε-</span> 
     </span>
    </p>
   </div>
   <div class='ocr_carea' id='block_1_78' title="bbox 2229 1288 3444 1362">
    <p class='ocr_par' dir='ltr' id='par_1_78' title="bbox 2229 1288 3444 1362">
     <span class='ocr_line' id='line_1_78' title="bbox 2229 1288 3444 1362; baseline -0.005 -16"><span class='ocrx_word' id='word_1_639' title='bbox 2229 1294 2348 1362; x_wconf 83' lang='grc' dir='ltr'>τὴν,</span> <span class='ocrx_word' id='word_1_640' title='bbox 2369 1294 2468 1346; x_wconf 87' lang='grc' dir='ltr'>οὑκ</span> <span class='ocrx_word' id='word_1_641' title='bbox 2492 1291 2557 1345; x_wconf 82' lang='grc' dir='ltr'>ἂν</span> <span class='ocrx_word' id='word_1_642' title='bbox 2586 1290 2918 1362; x_wconf 81' lang='grc' dir='ltr'>ἀνασχοίμην</span> <span class='ocrx_word' id='word_1_643' title='bbox 2946 1288 3179 1342; x_wconf 85' lang='grc' dir='ltr'>ἐνταῦθα</span> <span class='ocrx_word' id='word_1_644' title='bbox 3207 1289 3444 1356; x_wconf 88' lang='grc' dir='ltr'>ἀφεῖναι.</span> 
     </span>
    </p>
   </div>
   <div class='ocr_carea' id='block_1_79' title="bbox 2304 1375 3908 1450">
    <p class='ocr_par' dir='ltr' id='par_1_79' title="bbox 2304 1375 3908 1450">
     <span class='ocr_line' id='line_1_79' title="bbox 2304 1375 3908 1450; baseline -0.002 -16"><span class='ocrx_word' id='word_1_645' title='bbox 2304 1379 2368 1450; x_wconf 82' lang='grc' dir='ltr'>β’.</span> <span class='ocrx_word' id='word_1_646' title='bbox 2402 1380 2553 1432; x_wconf 79' lang='grc' dir='ltr'>Ἐπεὶ</span> <span class='ocrx_word' id='word_1_647' title='bbox 2573 1375 2664 1432; x_wconf 78' lang='grc' dir='ltr'>οὖν</span> <span class='ocrx_word' id='word_1_648' title='bbox 2688 1378 2774 1430; x_wconf 92' lang='grc' dir='ltr'>διά</span> <span class='ocrx_word' id='word_1_649' title='bbox 2795 1378 3009 1430; x_wconf 88' lang='grc' dir='ltr'>πάντων</span> <span class='ocrx_word' id='word_1_650' title='bbox 3033 1376 3245 1438; x_wconf 84' lang='grc' dir='ltr'>δεικνὺς</span> <span class='ocrx_word' id='word_1_651' title='bbox 3266 1375 3430 1428; x_wconf 90' lang='grc' dir='ltr'>αὑτοῦ</span> <span class='ocrx_word' id='word_1_652' title='bbox 3449 1377 3511 1430; x_wconf 94' lang='grc' dir='ltr'>τὸ</span> <span class='ocrx_word' id='word_1_653' title='bbox 3526 1376 3790 1444; x_wconf 87' lang='grc' dir='ltr'>φιλόθεον,</span> <span class='ocrx_word' id='word_1_654' title='bbox 3809 1380 3908 1430; x_wconf 69' lang='grc' dir='ltr'>καὶ</span> 
     </span>
    </p>
   </div>
   <div class='ocr_carea' id='block_1_80' title="bbox 2228 1464 3903 1539">
    <p class='ocr_par' dir='ltr' id='par_1_80' title="bbox 2228 1464 3903 1539">
     <span class='ocr_line' id='line_1_80' title="bbox 2228 1464 3903 1539; baseline -0.003 -17"><span class='ocrx_word' id='word_1_655' title='bbox 2228 1469 2430 1539; x_wconf 89' lang='grc' dir='ltr'>ταύτην</span> <span class='ocrx_word' id='word_1_656' title='bbox 2457 1468 2748 1538; x_wconf 85' lang='grc' dir='ltr'>ἐποιήσατο</span> <span class='ocrx_word' id='word_1_657' title='bbox 2771 1466 2868 1537; x_wconf 89' lang='grc' dir='ltr'>τὴν</span> <span class='ocrx_word' id='word_1_658' title='bbox 2901 1465 3227 1535; x_wconf 86' lang='grc' dir='ltr'>ἀποδημίαν,</span> <span class='ocrx_word' id='word_1_659' title='bbox 3247 1465 3264 1474; x_wconf 87' lang='grc'><strong>’</strong></span> <span class='ocrx_word' id='word_1_660' title='bbox 3284 1464 3443 1534; x_wconf 86' lang='grc' dir='ltr'>ήνίκα</span> <span class='ocrx_word' id='word_1_661' title='bbox 3496 1466 3768 1518; x_wconf 88' lang='grc' dir='ltr'>κατέλαϐε</span> <span class='ocrx_word' id='word_1_662' title='bbox 3799 1468 3903 1537; x_wconf 83' lang='grc' dir='ltr'>τὴν</span> 
     </span>
    </p>
   </div>
   <div class='ocr_carea' id='block_1_81' title="bbox 2229 1551 3908 1626">
    <p class='ocr_par' dir='ltr' id='par_1_81' title="bbox 2229 1551 3908 1626">
     <span class='ocr_line' id='line_1_81' title="bbox 2229 1551 3908 1626; baseline -0.003 -16"><span class='ocrx_word' id='word_1_663' title='bbox 2229 1557 2608 1626; x_wconf 84' lang='grc' dir='ltr'>Παλαιστίνην,</span> <span class='ocrx_word' id='word_1_664' title='bbox 2625 1555 2846 1608; x_wconf 77' lang='grc' dir='ltr'>καὶτῶν</span> <span class='ocrx_word' id='word_1_665' title='bbox 2874 1555 3014 1624; x_wconf 84' lang='grc' dir='ltr'>ὅρων</span> <span class='ocrx_word' id='word_1_666' title='bbox 3031 1553 3200 1623; x_wconf 89' lang='grc' dir='ltr'>ἐπέϐη</span> <span class='ocrx_word' id='word_1_667' title='bbox 3223 1551 3331 1604; x_wconf 84' lang='grc' dir='ltr'>τῶν</span> <span class='ocrx_word' id='word_1_668' title='bbox 3349 1554 3688 1616; x_wconf 86' lang='grc' dir='ltr'>Χαναναίων,</span> <span class='ocrx_word' id='word_1_669' title='bbox 3715 1553 3908 1622; x_wconf 80' lang='grc' dir='ltr'>ὀφθεὶς</span> 
     </span>
    </p>
   </div>
   <div class='ocr_carea' id='block_1_82' title="bbox 2229 1639 3909 1715">
    <p class='ocr_par' dir='ltr' id='par_1_82' title="bbox 2229 1639 3909 1715">
     <span class='ocr_line' id='line_1_82' title="bbox 2229 1639 3909 1715; baseline -0.003 -17"><span class='ocrx_word' id='word_1_670' title='bbox 2229 1645 2377 1715; x_wconf 83' lang='grc' dir='ltr'>αὑτῷ</span> <span class='ocrx_word' id='word_1_671' title='bbox 2403 1646 2430 1696; x_wconf 83' lang='grc' dir='ltr'>ό</span> <span class='ocrx_word' id='word_1_672' title='bbox 2454 1645 2586 1707; x_wconf 87' lang='grc' dir='ltr'>Θεὸς</span> <span class='ocrx_word' id='word_1_673' title='bbox 2610 1643 2700 1696; x_wconf 81' lang='grc' dir='ltr'>καὶ</span> <span class='ocrx_word' id='word_1_674' title='bbox 2731 1642 2999 1712; x_wconf 87' lang='grc' dir='ltr'>νευρῶσαι</span> <span class='ocrx_word' id='word_1_675' title='bbox 3023 1639 3186 1693; x_wconf 85' lang='grc' dir='ltr'>αὑτοῦ</span> <span class='ocrx_word' id='word_1_676' title='bbox 3222 1639 3542 1709; x_wconf 85' lang='grc' dir='ltr'>βουλόμενος</span> <span class='ocrx_word' id='word_1_677' title='bbox 3571 1641 3670 1711; x_wconf 87' lang='grc' dir='ltr'>τὴν</span> <span class='ocrx_word' id='word_1_678' title='bbox 3698 1641 3909 1711; x_wconf 88' lang='grc' dir='ltr'>προθυ-</span> 
     </span>
    </p>
   </div>
   <div class='ocr_carea' id='block_1_83' title="bbox 2231 1726 3912 1801">
    <p class='ocr_par' dir='ltr' id='par_1_83' title="bbox 2231 1726 3912 1801">
     <span class='ocr_line' id='line_1_83' title="bbox 2231 1726 3912 1801; baseline -0.002 -16"><span class='ocrx_word' id='word_1_679' title='bbox 2231 1732 2362 1801; x_wconf 91' lang='grc' dir='ltr'>μίαν</span> <span class='ocrx_word' id='word_1_680' title='bbox 2387 1731 2480 1783; x_wconf 71' lang='grc' dir='ltr'>καί</span> <span class='ocrx_word' id='word_1_681' title='bbox 2505 1733 2660 1800; x_wconf 90' lang='grc' dir='ltr'>χεῖρα</span> <span class='ocrx_word' id='word_1_682' title='bbox 2687 1728 2890 1800; x_wconf 86' lang='grc' dir='ltr'>ὀρέξαι,</span> <span class='ocrx_word' id='word_1_683' title='bbox 2917 1729 3051 1797; x_wconf 78' lang='grc' dir='ltr'>φησὶ</span> <span class='ocrx_word' id='word_1_684' title='bbox 3072 1727 3206 1798; x_wconf 90' lang='grc' dir='ltr'>πρὸς</span> <span class='ocrx_word' id='word_1_685' title='bbox 3244 1727 3426 1778; x_wconf 72' lang='grc' dir='ltr'>αὑτόνο</span> <span class='ocrx_word' id='word_1_686' title='bbox 3475 1726 3558 1791; x_wconf 83' lang='grc' dir='ltr'>Τῷ</span> <span class='ocrx_word' id='word_1_687' title='bbox 3606 1727 3912 1796; x_wconf 77' lang='grc' dir='ltr'>σπέρματί</span> 
     </span>
    </p>
   </div>
   <div class='ocr_carea' id='block_1_84' title="bbox 2229 1813 3910 1886">
    <p class='ocr_par' dir='ltr' id='par_1_84' title="bbox 2229 1813 3910 1886">
     <span class='ocr_line' id='line_1_84' title="bbox 2229 1813 3910 1886; baseline -0.004 -13"><span class='ocrx_word' id='word_1_688' title='bbox 2229 1836 2346 1873; x_wconf 88' lang='grc' dir='ltr'>σου</span> <span class='ocrx_word' id='word_1_689' title='bbox 2381 1819 2552 1871; x_wconf 84' lang='grc' dir='ltr'>δώσω</span> <span class='ocrx_word' id='word_1_690' title='bbox 2583 1817 2694 1884; x_wconf 76' lang='grc' dir='ltr'>τὴν</span> <span class='ocrx_word' id='word_1_691' title='bbox 2717 1816 2833 1886; x_wconf 73' lang='grc' dir='ltr'>γῆν</span> <span class='ocrx_word' id='word_1_692' title='bbox 2854 1817 3100 1884; x_wconf 81' lang='grc' dir='ltr'>ταύτην.</span> <span class='ocrx_word' id='word_1_693' title='bbox 3130 1815 3306 1884; x_wconf 86' lang='grc' dir='ltr'>Ὅπερ</span> <span class='ocrx_word' id='word_1_694' title='bbox 3341 1813 3603 1884; x_wconf 84' lang='grc' dir='ltr'>ἐπεθύμει</span> <span class='ocrx_word' id='word_1_695' title='bbox 3652 1818 3743 1868; x_wconf 81' lang='grc' dir='ltr'>καὶ</span> <span class='ocrx_word' id='word_1_696' title='bbox 3778 1817 3910 1867; x_wconf 85' lang='grc' dir='ltr'>ἐπό-</span> 
     </span>
    </p>
   </div>
   <div class='ocr_carea' id='block_1_85' title="bbox 2229 1902 3912 1974">
    <p class='ocr_par' dir='ltr' id='par_1_85' title="bbox 2229 1902 3912 1974">
     <span class='ocr_line' id='line_1_85' title="bbox 2229 1902 3912 1974; baseline -0.002 -14"><span class='ocrx_word' id='word_1_697' title='bbox 2229 1907 2332 1970; x_wconf 93' lang='grc' dir='ltr'>θει,</span> <span class='ocrx_word' id='word_1_698' title='bbox 2362 1907 2566 1960; x_wconf 86' lang='grc' dir='ltr'>παίδων</span> <span class='ocrx_word' id='word_1_699' title='bbox 2597 1905 2739 1972; x_wconf 84' lang='grc' dir='ltr'>λέγω</span> <span class='ocrx_word' id='word_1_700' title='bbox 2763 1905 2862 1974; x_wconf 83' lang='grc' dir='ltr'>τὴν</span> <span class='ocrx_word' id='word_1_701' title='bbox 2895 1903 3162 1972; x_wconf 79' lang='grc' dir='ltr'>διαδοχὴν,</span> <span class='ocrx_word' id='word_1_702' title='bbox 3198 1902 3355 1956; x_wconf 88' lang='grc' dir='ltr'>τοῦτο</span> <span class='ocrx_word' id='word_1_703' title='bbox 3380 1902 3527 1972; x_wconf 89' lang='grc' dir='ltr'>αὑτῷ</span> <span class='ocrx_word' id='word_1_704' title='bbox 3550 1903 3752 1967; x_wconf 79' lang='grc' dir='ltr'>εὐθέως</span> <span class='ocrx_word' id='word_1_705' title='bbox 3784 1905 3912 1957; x_wconf 85' lang='grc' dir='ltr'>ὑπι-</span> 
     </span>
    </p>
   </div>
   <div class='ocr_carea' id='block_1_86' title="bbox 2230 1990 3907 2066">
    <p class='ocr_par' dir='ltr' id='par_1_86' title="bbox 2230 1990 3907 2066">
     <span class='ocr_line' id='line_1_86' title="bbox 2230 1990 3907 2066; baseline -0.001 -19"><span class='ocrx_word' id='word_1_706' title='bbox 2230 1999 2486 2066; x_wconf 87' lang='grc' dir='ltr'>σχνεῖται,</span> <span class='ocrx_word' id='word_1_707' title='bbox 2532 1993 2765 2063; x_wconf 80' lang='grc' dir='ltr'>ἀμοιϐὴν</span> <span class='ocrx_word' id='word_1_708' title='bbox 2821 1991 2970 2061; x_wconf 84' lang='grc' dir='ltr'>αὑτῴ</span> <span class='ocrx_word' id='word_1_709' title='bbox 3018 1992 3127 2043; x_wconf 83' lang='grc' dir='ltr'>τῶν</span> <span class='ocrx_word' id='word_1_710' title='bbox 3182 1990 3448 2043; x_wconf 85' lang='grc' dir='ltr'>τοσούτων</span> <span class='ocrx_word' id='word_1_711' title='bbox 3490 1991 3666 2044; x_wconf 89' lang='grc' dir='ltr'>πόνων</span> <span class='ocrx_word' id='word_1_712' title='bbox 3705 1992 3907 2055; x_wconf 87' lang='grc' dir='ltr'>διδούς.</span> 
     </span>
    </p>
   </div>
   <div class='ocr_carea' id='block_1_87' title="bbox 2241 2079 3911 2153">
    <p class='ocr_par' dir='ltr' id='par_1_87' title="bbox 2241 2079 3911 2153">
     <span class='ocr_line' id='line_1_87' title="bbox 2241 2079 3911 2153; baseline -0.001 -17"><span class='ocrx_word' id='word_1_713' title='bbox 2241 2082 2457 2153; x_wconf 77' lang='grc' dir='ltr'>Ἐπειδὴ</span> <span class='ocrx_word' id='word_1_714' title='bbox 2484 2083 2591 2153; x_wconf 79' lang='grc' dir='ltr'>γὰρ</span> <span class='ocrx_word' id='word_1_715' title='bbox 2611 2084 2716 2134; x_wconf 84' lang='grc' dir='ltr'>ἀπὸ</span> <span class='ocrx_word' id='word_1_716' title='bbox 2747 2082 2842 2151; x_wconf 77' lang='grc' dir='ltr'>τῆς</span> <span class='ocrx_word' id='word_1_717' title='bbox 2872 2080 3086 2149; x_wconf 84' lang='grc' dir='ltr'>φύσεως</span> <span class='ocrx_word' id='word_1_718' title='bbox 3115 2081 3475 2150; x_wconf 85' lang='grc' dir='ltr'>ἀπεστέρητο,</span> <span class='ocrx_word' id='word_1_719' title='bbox 3523 2080 3614 2132; x_wconf 84' lang='grc' dir='ltr'>καὶ</span> <span class='ocrx_word' id='word_1_720' title='bbox 3651 2082 3685 2150; x_wconf 82' lang='grc' dir='ltr'>ἡ</span> <span class='ocrx_word' id='word_1_721' title='bbox 3719 2079 3911 2150; x_wconf 79' lang='grc' dir='ltr'>ἡλικία</span> 
     </span>
    </p>
   </div>
   <div class='ocr_carea' id='block_1_88' title="bbox 2227 2167 3910 2242">
    <p class='ocr_par' dir='ltr' id='par_1_88' title="bbox 2227 2167 3910 2242">
     <span class='ocr_line' id='line_1_88' title="bbox 2227 2167 3910 2242; baseline -0.001 -20"><span class='ocrx_word' id='word_1_722' title='bbox 2227 2171 2410 2224; x_wconf 81' lang='grc' dir='ltr'>λοιπὸν</span> <span class='ocrx_word' id='word_1_723' title='bbox 2428 2171 2789 2242; x_wconf 86' lang='grc' dir='ltr'>ἀπαγορεύειν</span> <span class='ocrx_word' id='word_1_724' title='bbox 2828 2168 3029 2230; x_wconf 74' lang='grc' dir='ltr'>ἔπειθε,</span> <span class='ocrx_word' id='word_1_725' title='bbox 3074 2171 3138 2239; x_wconf 82' lang='grc' dir='ltr'>τῇ</span> <span class='ocrx_word' id='word_1_726' title='bbox 3164 2169 3455 2238; x_wconf 84' lang='grc' dir='ltr'>ὑποσχέσει</span> <span class='ocrx_word' id='word_1_727' title='bbox 3487 2167 3792 2238; x_wconf 87' lang='grc' dir='ltr'>διανίστησι</span> <span class='ocrx_word' id='word_1_728' title='bbox 3813 2169 3910 2220; x_wconf 86' lang='grc' dir='ltr'>τὸν</span> 
     </span>
    </p>
   </div>
   <div class='ocr_carea' id='block_1_89' title="bbox 2227 2254 3910 2330">
    <p class='ocr_par' dir='ltr' id='par_1_89' title="bbox 2227 2254 3910 2330">
     <span class='ocr_line' id='line_1_89' title="bbox 2227 2254 3910 2330; baseline -0.003 -17"><span class='ocrx_word' id='word_1_729' title='bbox 2227 2259 2487 2330; x_wconf 85' lang='grc' dir='ltr'>ἀθλητὴν,</span> <span class='ocrx_word' id='word_1_730' title='bbox 2528 2261 2621 2311; x_wconf 71' lang='grc' dir='ltr'>καὶ</span> <span class='ocrx_word' id='word_1_731' title='bbox 2664 2259 3070 2330; x_wconf 87' lang='grc' dir='ltr'>προθυμότερον</span> <span class='ocrx_word' id='word_1_732' title='bbox 3118 2257 3521 2329; x_wconf 75' lang='grc' dir='ltr'>ἀπεργάζεται,</span> <span class='ocrx_word' id='word_1_733' title='bbox 3569 2257 3664 2308; x_wconf 72' lang='grc' dir='ltr'>καὶ</span> <span class='ocrx_word' id='word_1_734' title='bbox 3694 2254 3910 2318; x_wconf 77' lang='grc' dir='ltr'>νεάζειν</span> 
     </span>
    </p>
   </div>
   <div class='ocr_carea' id='block_1_90' title="bbox 2228 2343 3910 2416">
    <p class='ocr_par' dir='ltr' id='par_1_90' title="bbox 2228 2343 3910 2416">
     <span class='ocr_line' id='line_1_90' title="bbox 2228 2343 3910 2416; baseline -0.004 -14"><span class='ocrx_word' id='word_1_735' title='bbox 2228 2348 2387 2402; x_wconf 87' lang='grc' dir='ltr'>αὑτὸν</span> <span class='ocrx_word' id='word_1_736' title='bbox 2415 2348 2808 2410; x_wconf 72' lang='grc' dir='ltr'>κατασκευάζει</span> <span class='ocrx_word' id='word_1_737' title='bbox 2835 2346 2970 2416; x_wconf 87' lang='grc' dir='ltr'>πρὸς</span> <span class='ocrx_word' id='word_1_738' title='bbox 2993 2346 3118 2408; x_wconf 83' lang='grc' dir='ltr'>τοὺς</span> <span class='ocrx_word' id='word_1_739' title='bbox 3145 2345 3268 2414; x_wconf 81' lang='grc' dir='ltr'>ἐξῆς</span> <span class='ocrx_word' id='word_1_740' title='bbox 3291 2343 3529 2412; x_wconf 84' lang='grc' dir='ltr'>ἀγῶνας.</span> <span class='ocrx_word' id='word_1_741' title='bbox 3559 2345 3699 2413; x_wconf 86' lang='grc' dir='ltr'>Ὅρα</span> <span class='ocrx_word' id='word_1_742' title='bbox 3727 2344 3910 2396; x_wconf 85' lang='grc' dir='ltr'>τοίνυν</span> 
     </span>
    </p>
   </div>
   <div class='ocr_carea' id='block_1_91' title="bbox 2231 2428 3910 2506">
    <p class='ocr_par' dir='ltr' id='par_1_91' title="bbox 2231 2428 3910 2506">
     <span class='ocr_line' id='line_1_91' title="bbox 2231 2428 3910 2506; baseline -0.004 -17"><span class='ocrx_word' id='word_1_743' title='bbox 2231 2436 2368 2506; x_wconf 88' lang='grc' dir='ltr'>μετά</span> <span class='ocrx_word' id='word_1_744' title='bbox 2394 2435 2489 2506; x_wconf 85' lang='grc' dir='ltr'>τὴν</span> <span class='ocrx_word' id='word_1_745' title='bbox 2520 2435 2816 2504; x_wconf 77' lang='grc' dir='ltr'>ὑπόσχεσιν</span> <span class='ocrx_word' id='word_1_746' title='bbox 2855 2432 3080 2502; x_wconf 84' lang='grc' dir='ltr'>ταύτην,</span> <span class='ocrx_word' id='word_1_747' title='bbox 3115 2432 3308 2502; x_wconf 81' lang='grc' dir='ltr'>ἑτέραν</span> <span class='ocrx_word' id='word_1_748' title='bbox 3342 2430 3502 2482; x_wconf 89' lang='grc' dir='ltr'>πάλιν</span> <span class='ocrx_word' id='word_1_749' title='bbox 3557 2428 3652 2500; x_wconf 84' lang='grc' dir='ltr'>τὴν</span> <span class='ocrx_word' id='word_1_750' title='bbox 3679 2429 3910 2500; x_wconf 80' lang='grc' dir='ltr'>ἄθλησιν</span> 
     </span>
    </p>
   </div>
   <div class='ocr_carea' id='block_1_92' title="bbox 2227 2516 3908 2590">
    <p class='ocr_par' dir='ltr' id='par_1_92' title="bbox 2227 2516 3908 2590">
     <span class='ocr_line' id='line_1_92' title="bbox 2227 2516 3908 2590; baseline -0.004 -14"><span class='ocrx_word' id='word_1_751' title='bbox 2227 2525 2318 2576; x_wconf 83' lang='grc' dir='ltr'>τὸν</span> <span class='ocrx_word' id='word_1_752' title='bbox 2349 2523 2558 2575; x_wconf 88' lang='grc' dir='ltr'>δίκαιον</span> <span class='ocrx_word' id='word_1_753' title='bbox 2587 2522 2774 2574; x_wconf 83' lang='grc' dir='ltr'>τοῦτον</span> <span class='ocrx_word' id='word_1_754' title='bbox 2803 2521 3105 2590; x_wconf 88' lang='grc' dir='ltr'>δεχόμενον.</span> <span class='ocrx_word' id='word_1_755' title='bbox 3138 2517 3311 2587; x_wconf 89' lang='grc' dir='ltr'>Λιμοῦ</span> <span class='ocrx_word' id='word_1_756' title='bbox 3347 2519 3455 2586; x_wconf 82' lang='grc' dir='ltr'>γάρ</span> <span class='ocrx_word' id='word_1_757' title='bbox 3483 2516 3908 2580; x_wconf 83' lang='grc' dir='ltr'>καταλαϐόντος,</span> 
     </span>
    </p>
   </div>
   <div class='ocr_carea' id='block_1_93' title="bbox 2228 2604 3913 2679">
    <p class='ocr_par' dir='ltr' id='par_1_93' title="bbox 2228 2604 3913 2679">
     <span class='ocr_line' id='line_1_93' title="bbox 2228 2604 3913 2679; baseline -0.003 -17"><span class='ocrx_word' id='word_1_758' title='bbox 2228 2611 2318 2662; x_wconf 77' lang='grc' dir='ltr'>καὶ</span> <span class='ocrx_word' id='word_1_759' title='bbox 2349 2610 2546 2679; x_wconf 81' lang='grc' dir='ltr'>πολλῆς</span> <span class='ocrx_word' id='word_1_760' title='bbox 2585 2607 2747 2677; x_wconf 75' lang='grc' dir='ltr'>οὑσης</span> <span class='ocrx_word' id='word_1_761' title='bbox 2770 2609 2867 2676; x_wconf 79' lang='grc' dir='ltr'>τῆς</span> <span class='ocrx_word' id='word_1_762' title='bbox 2897 2606 3256 2676; x_wconf 87' lang='grc' dir='ltr'>στενοχωρίας</span> <span class='ocrx_word' id='word_1_763' title='bbox 3272 2607 3329 2657; x_wconf 87' lang='grc' dir='ltr'>ἐν</span> <span class='ocrx_word' id='word_1_764' title='bbox 3358 2608 3424 2675; x_wconf 78' lang='grc' dir='ltr'>τῇ</span> <span class='ocrx_word' id='word_1_765' title='bbox 3453 2604 3756 2674; x_wconf 69' lang='grc' dir='ltr'>Χαναναία,</span> <span class='ocrx_word' id='word_1_766' title='bbox 3816 2607 3913 2658; x_wconf 79' lang='grc' dir='ltr'>ἐπὶ</span> 
     </span>
    </p>
   </div>
   <div class='ocr_carea' id='block_1_94' title="bbox 2227 2691 3913 2766">
    <p class='ocr_par' dir='ltr' id='par_1_94' title="bbox 2227 2691 3913 2766">
     <span class='ocr_line' id='line_1_94' title="bbox 2227 2691 3913 2766; baseline -0.004 -18"><span class='ocrx_word' id='word_1_767' title='bbox 2227 2696 2326 2766; x_wconf 82' lang='grc' dir='ltr'>τὴν</span> <span class='ocrx_word' id='word_1_768' title='bbox 2357 2697 2632 2764; x_wconf 76' lang='grc' dir='ltr'>Αἴγυπτον</span> <span class='ocrx_word' id='word_1_769' title='bbox 2680 2696 2924 2746; x_wconf 77' lang='grc' dir='ltr'>ἔσπευδε·</span> <span class='ocrx_word' id='word_1_770' title='bbox 2963 2695 3056 2746; x_wconf 68' lang='grc' dir='ltr'>καὶ</span> <span class='ocrx_word' id='word_1_771' title='bbox 3096 2691 3252 2761; x_wconf 90' lang='grc' dir='ltr'>λιμοῦ</span> <span class='ocrx_word' id='word_1_772' title='bbox 3312 2691 3669 2761; x_wconf 87' lang='grc' dir='ltr'>παραμυθίαν</span> <span class='ocrx_word' id='word_1_773' title='bbox 3727 2692 3913 2760; x_wconf 87' lang='grc' dir='ltr'>εὑρεῖν</span> 
     </span>
    </p>
   </div>
   <div class='ocr_carea' id='block_1_95' title="bbox 2229 2777 3911 2853">
    <p class='ocr_par' dir='ltr' id='par_1_95' title="bbox 2229 2777 3911 2853">
     <span class='ocr_line' id='line_1_95' title="bbox 2229 2777 3911 2853; baseline -0.004 -17"><span class='ocrx_word' id='word_1_774' title='bbox 2229 2783 2569 2853; x_wconf 86' lang='grc' dir='ltr'>βουλόμενος,</span> <span class='ocrx_word' id='word_1_775' title='bbox 2591 2783 2800 2853; x_wconf 71' lang='grc' dir='ltr'>μείζοσι</span> <span class='ocrx_word' id='word_1_776' title='bbox 2830 2779 3148 2850; x_wconf 87' lang='grc' dir='ltr'>περιέϐαλεν</span> <span class='ocrx_word' id='word_1_777' title='bbox 3179 2777 3374 2830; x_wconf 80' lang='grc' dir='ltr'>ἑαυτὸν</span> <span class='ocrx_word' id='word_1_778' title='bbox 3387 2778 3672 2840; x_wconf 87' lang='grc' dir='ltr'>κινδύνοις.</span> <span class='ocrx_word' id='word_1_779' title='bbox 3709 2778 3772 2830; x_wconf 85' lang='grc' dir='ltr'>Ἡ</span> <span class='ocrx_word' id='word_1_780' title='bbox 3798 2777 3911 2848; x_wconf 84' lang='grc' dir='ltr'>γὰρ</span> 
     </span>
    </p>
   </div>
   <div class='ocr_carea' id='block_1_96' title="bbox 2227 2866 3914 2942">
    <p class='ocr_par' dir='ltr' id='par_1_96' title="bbox 2227 2866 3914 2942">
     <span class='ocr_line' id='line_1_96' title="bbox 2227 2866 3914 2942; baseline -0.004 -18"><span class='ocrx_word' id='word_1_781' title='bbox 2227 2873 2288 2924; x_wconf 93' lang='grc' dir='ltr'>εὑ</span> <span class='ocrx_word' id='word_1_782' title='bbox 2296 2871 2500 2942; x_wconf 89' lang='grc' dir='ltr'>μορφία</span> <span class='ocrx_word' id='word_1_783' title='bbox 2516 2871 2614 2941; x_wconf 79' lang='grc' dir='ltr'>τῆς</span> <span class='ocrx_word' id='word_1_784' title='bbox 2630 2870 2887 2938; x_wconf 85' lang='grc' dir='ltr'>γυναικὸς</span> <span class='ocrx_word' id='word_1_785' title='bbox 2903 2869 2995 2922; x_wconf 71' lang='grc' dir='ltr'>καὶ</span> <span class='ocrx_word' id='word_1_786' title='bbox 3017 2869 3077 2920; x_wconf 91' lang='grc' dir='ltr'>τὸ</span> <span class='ocrx_word' id='word_1_787' title='bbox 3098 2867 3291 2930; x_wconf 89' lang='grc' dir='ltr'>κάλλος</span> <span class='ocrx_word' id='word_1_788' title='bbox 3308 2866 3406 2936; x_wconf 85' lang='lat'><strong>1?};</strong></span> <span class='ocrx_word' id='word_1_789' title='bbox 3426 2867 3602 2936; x_wconf 88' lang='grc' dir='ltr'>Σάρας</span> <span class='ocrx_word' id='word_1_790' title='bbox 3626 2867 3914 2936; x_wconf 74' lang='grc' dir='ltr'>μονονουχὶ</span> 
     </span>
    </p>
   </div>
   <div class='ocr_carea' id='block_1_97' title="bbox 2226 2951 3916 3026">
    <p class='ocr_par' dir='ltr' id='par_1_97' title="bbox 2226 2951 3916 3026">
     <span class='ocr_line' id='line_1_97' title="bbox 2226 2951 3916 3026; baseline -0.005 -14"><span class='ocrx_word' id='word_1_791' title='bbox 2226 2959 2319 3012; x_wconf 91' lang='grc' dir='ltr'>τὸν</span> <span class='ocrx_word' id='word_1_792' title='bbox 2340 2959 2565 3012; x_wconf 88' lang='grc' dir='ltr'>θάνατον</span> <span class='ocrx_word' id='word_1_793' title='bbox 2577 2955 2722 3026; x_wconf 78' lang='grc' dir='ltr'>αὐτῷ</span> <span class='ocrx_word' id='word_1_794' title='bbox 2740 2956 2845 3025; x_wconf 89' lang='grc' dir='ltr'>πρὸ</span> <span class='ocrx_word' id='word_1_795' title='bbox 2861 2955 2966 3008; x_wconf 82' lang='grc' dir='ltr'>τῶν</span> <span class='ocrx_word' id='word_1_796' title='bbox 2989 2953 3282 3023; x_wconf 79' lang='grc' dir='ltr'>ὀφθαλμῶν</span> <span class='ocrx_word' id='word_1_797' title='bbox 3297 2951 3524 3004; x_wconf 88' lang='grc' dir='ltr'>ἐδείκνυ.</span> <span class='ocrx_word' id='word_1_798' title='bbox 3546 2951 3635 3003; x_wconf 86' lang='grc' dir='ltr'>Διὸ</span> <span class='ocrx_word' id='word_1_799' title='bbox 3663 2953 3756 3004; x_wconf 77' lang='grc' dir='ltr'>καὶ</span> <span class='ocrx_word' id='word_1_800' title='bbox 3772 2952 3916 3022; x_wconf 80' lang='grc' dir='ltr'>πλη-</span> 
     </span>
    </p>
   </div>
   <div class='ocr_carea' id='block_1_98' title="bbox 2229 3038 3913 3115">
    <p class='ocr_par' dir='ltr' id='par_1_98' title="bbox 2229 3038 3913 3115">
     <span class='ocr_line' id='line_1_98' title="bbox 2229 3038 3913 3115; baseline -0.006 -16"><span class='ocrx_word' id='word_1_801' title='bbox 2229 3046 2342 3099; x_wconf 91' lang='grc' dir='ltr'>σίον</span> <span class='ocrx_word' id='word_1_802' title='bbox 2362 3049 2650 3115; x_wconf 82' lang='grc' dir='ltr'>γενόμενος</span> <span class='ocrx_word' id='word_1_803' title='bbox 2668 3045 2766 3114; x_wconf 81' lang='grc' dir='ltr'>τῆς</span> <span class='ocrx_word' id='word_1_804' title='bbox 2780 3046 2858 3105; x_wconf 90' lang='grc' dir='ltr'>είς</span> <span class='ocrx_word' id='word_1_805' title='bbox 2872 3042 3146 3110; x_wconf 77' lang='grc' dir='ltr'>Αἴγυπτον</span> <span class='ocrx_word' id='word_1_806' title='bbox 3167 3039 3393 3102; x_wconf 75' lang='grc' dir='ltr'>εἰσόδου,</span> <span class='ocrx_word' id='word_1_807' title='bbox 3412 3038 3546 3109; x_wconf 80' lang='grc' dir='ltr'>φησί</span> <span class='ocrx_word' id='word_1_808' title='bbox 3562 3039 3695 3108; x_wconf 87' lang='grc' dir='ltr'>πρὸς</span> <span class='ocrx_word' id='word_1_809' title='bbox 3715 3038 3913 3109; x_wconf 83' lang='grc' dir='ltr'>αὑτὴν,</span> 
     </span>
    </p>
   </div>
   <div class='ocr_carea' id='block_1_99' title="bbox 2227 3125 3916 3200">
    <p class='ocr_par' dir='ltr' id='par_1_99' title="bbox 2227 3125 3916 3200">
     <span class='ocr_line' id='line_1_99' title="bbox 2227 3125 3916 3200; baseline -0.007 -12"><span class='ocrx_word' id='word_1_810' title='bbox 2227 3134 2514 3189; x_wconf 77' lang='grc' dir='ltr'>Γινώσκω</span> <span class='ocrx_word' id='word_1_811' title='bbox 2538 3134 2626 3187; x_wconf 84' lang='grc' dir='ltr'>ὅτι</span> <span class='ocrx_word' id='word_1_812' title='bbox 2645 3135 3038 3200; x_wconf 75' lang='grc' dir='ltr'>εὐπρόσωπος</span> <span class='ocrx_word' id='word_1_813' title='bbox 3057 3125 3128 3183; x_wconf 78' lang='grc' dir='ltr'>εἷ’</span> <span class='ocrx_word' id='word_1_814' title='bbox 3155 3125 3271 3181; x_wconf 78' lang='grc' dir='ltr'>οἰ.δά</span> <span class='ocrx_word' id='word_1_815' title='bbox 3297 3145 3387 3180; x_wconf 89' lang='grc' dir='ltr'>σου</span> <span class='ocrx_word' id='word_1_816' title='bbox 3409 3128 3503 3179; x_wconf 90' lang='grc' dir='ltr'>τοῦ</span> <span class='ocrx_word' id='word_1_817' title='bbox 3539 3127 3767 3190; x_wconf 87' lang='grc' dir='ltr'>κάλλους</span> <span class='ocrx_word' id='word_1_818' title='bbox 3814 3129 3916 3198; x_wconf 80' lang='grc' dir='ltr'>τὴν</span> 
     </span>
    </p>
   </div>
   <div class='ocr_carea' id='block_1_100' title="bbox 2227 3214 3917 3293">
    <p class='ocr_par' dir='ltr' id='par_1_100' title="bbox 2227 3214 3917 3293">
     <span class='ocr_line' id='line_1_100' title="bbox 2227 3214 3917 3293; baseline -0.003 -20"><span class='ocrx_word' id='word_1_819' title='bbox 2227 3221 2398 3293; x_wconf 82' lang='grc' dir='ltr'>ὥραν,</span> <span class='ocrx_word' id='word_1_820' title='bbox 2441 3222 2532 3275; x_wconf 67' lang='grc' dir='ltr'>καὶ</span> <span class='ocrx_word' id='word_1_821' title='bbox 2559 3221 2769 3274; x_wconf 87' lang='grc' dir='ltr'>δέδοικα</span> <span class='ocrx_word' id='word_1_822' title='bbox 2797 3219 2906 3272; x_wconf 82' lang='grc' dir='ltr'>τῶν</span> <span class='ocrx_word' id='word_1_823' title='bbox 2939 3216 3251 3286; x_wconf 81' lang='grc' dir='ltr'>Αἰγυπτίων</span> <span class='ocrx_word' id='word_1_824' title='bbox 3295 3214 3392 3284; x_wconf 90' lang='grc' dir='ltr'>τὴν</span> <span class='ocrx_word' id='word_1_825' title='bbox 3425 3215 3740 3268; x_wconf 85' lang='grc' dir='ltr'>ἀκολασίαν.</span> <span class='ocrx_word' id='word_1_826' title='bbox 3784 3216 3917 3268; x_wconf 76' lang='grc' dir='ltr'>Ἐάν</span> 
     </span>
    </p>
   </div>
   <div class='ocr_carea' id='block_1_101' title="bbox 2227 3305 3917 3376">
    <p class='ocr_par' dir='ltr' id='par_1_101' title="bbox 2227 3305 3917 3376">
     <span class='ocr_line' id='line_1_101' title="bbox 2227 3305 3917 3376; baseline -0.007 -11"><span class='ocrx_word' id='word_1_827' title='bbox 2227 3307 2320 3365; x_wconf 87' lang='grc' dir='ltr'>οῦν</span> <span class='ocrx_word' id='word_1_828' title='bbox 2357 3311 2505 3363; x_wconf 82' lang='grc' dir='ltr'>ίδωσί</span> <span class='ocrx_word' id='word_1_829' title='bbox 2527 3327 2608 3370; x_wconf 92' lang='grc' dir='ltr'>σε,</span> <span class='ocrx_word' id='word_1_830' title='bbox 2640 3309 2733 3361; x_wconf 80' lang='grc' dir='ltr'>καὶ</span> <span class='ocrx_word' id='word_1_831' title='bbox 2756 3306 2956 3376; x_wconf 77' lang='grc' dir='ltr'>γνῶσιν</span> <span class='ocrx_word' id='word_1_832' title='bbox 2980 3307 3060 3358; x_wconf 84' lang='grc' dir='ltr'>ὅτι</span> <span class='ocrx_word' id='word_1_833' title='bbox 3083 3305 3340 3376; x_wconf 85' lang='grc' dir='ltr'>καθάπερ</span> <span class='ocrx_word' id='word_1_834' title='bbox 3373 3307 3612 3373; x_wconf 88' lang='grc' dir='ltr'>γυναῖκα</span> <span class='ocrx_word' id='word_1_835' title='bbox 3659 3306 3917 3374; x_wconf 77' lang='grc' dir='ltr'>περιάγω</span> 
     </span>
    </p>
   </div>
   <div class='ocr_carea' id='block_1_102' title="bbox 2230 3391 3918 3469">
    <p class='ocr_par' dir='ltr' id='par_1_102' title="bbox 2230 3391 3918 3469">
     <span class='ocr_line' id='line_1_102' title="bbox 2230 3391 3918 3469; baseline -0.005 -16"><span class='ocrx_word' id='word_1_836' title='bbox 2230 3417 2311 3462; x_wconf 90' lang='grc' dir='ltr'>σε,</span> <span class='ocrx_word' id='word_1_837' title='bbox 2351 3399 2409 3452; x_wconf 87' lang='grc' dir='ltr'>σέ</span> <span class='ocrx_word' id='word_1_838' title='bbox 2435 3398 2532 3469; x_wconf 84' lang='grc' dir='ltr'>μὲν</span> <span class='ocrx_word' id='word_1_839' title='bbox 2555 3399 2682 3458; x_wconf 82' lang='grc' dir='ltr'>ἴσως</span> <span class='ocrx_word' id='word_1_840' title='bbox 2732 3395 3180 3466; x_wconf 88' lang='grc' dir='ltr'>περιποιήσονται</span> <span class='ocrx_word' id='word_1_841' title='bbox 3201 3393 3370 3458; x_wconf 81' lang='grc' dir='ltr'>,ὥστε</span> <span class='ocrx_word' id='word_1_842' title='bbox 3395 3395 3475 3456; x_wconf 88' lang='grc' dir='ltr'>εἰς</span> <span class='ocrx_word' id='word_1_843' title='bbox 3491 3391 3648 3462; x_wconf 76' lang='grc' dir='ltr'>ἔργον</span> <span class='ocrx_word' id='word_1_844' title='bbox 3682 3394 3918 3460; x_wconf 82' lang='grc' dir='ltr'>ἀγαγεῖν</span> 
     </span>
    </p>
   </div>
   <div class='ocr_carea' id='block_1_103' title="bbox 2227 3481 3919 3559">
    <p class='ocr_par' dir='ltr' id='par_1_103' title="bbox 2227 3481 3919 3559">
     <span class='ocr_line' id='line_1_103' title="bbox 2227 3481 3919 3559; baseline -0.004 -19"><span class='ocrx_word' id='word_1_845' title='bbox 2227 3489 2325 3559; x_wconf 86' lang='grc' dir='ltr'>τῆς</span> <span class='ocrx_word' id='word_1_846' title='bbox 2350 3488 2546 3558; x_wconf 91' lang='grc' dir='ltr'>μανίας</span> <span class='ocrx_word' id='word_1_847' title='bbox 2571 3486 2747 3538; x_wconf 83' lang='grc' dir='ltr'>αὑτῶν</span> <span class='ocrx_word' id='word_1_848' title='bbox 2781 3485 2871 3536; x_wconf 87' lang='grc' dir='ltr'>τὸν</span> <span class='ocrx_word' id='word_1_849' title='bbox 2893 3481 3127 3556; x_wconf 82' lang='grc' dir='ltr'>οἶστρον,</span> <span class='ocrx_word' id='word_1_850' title='bbox 3154 3483 3253 3554; x_wconf 83' lang='grc' dir='ltr'>ἐμὲ</span> <span class='ocrx_word' id='word_1_851' title='bbox 3283 3483 3339 3536; x_wconf 83' lang='grc' dir='ltr'>δέ</span> <span class='ocrx_word' id='word_1_852' title='bbox 3365 3481 3780 3544; x_wconf 89' lang='grc' dir='ltr'>ἀποκτενοῦσιν,</span> <span class='ocrx_word' id='word_1_853' title='bbox 3828 3483 3919 3534; x_wconf 81' lang='grc' dir='ltr'>ἵνα</span> 
     </span>
    </p>
   </div>
   <div class='ocr_carea' id='block_1_104' title="bbox 2147 3569 3917 3646">
    <p class='ocr_par' dir='ltr' id='par_1_104' title="bbox 2147 3569 3917 3646">
     <span class='ocr_line' id='line_1_104' title="bbox 2147 3569 3917 3646; baseline -0.004 -18"><span class='ocrx_word' id='word_1_854' title='bbox 2147 3617 2155 3628; x_wconf 93' lang='grc'>.</span> <span class='ocrx_word' id='word_1_855' title='bbox 2231 3575 2368 3646; x_wconf 90' lang='grc' dir='ltr'>μετά</span> <span class='ocrx_word' id='word_1_856' title='bbox 2411 3575 2592 3636; x_wconf 89' lang='grc' dir='ltr'>ἀδείας</span> <span class='ocrx_word' id='word_1_857' title='bbox 2646 3573 2832 3635; x_wconf 87' lang='grc' dir='ltr'>αὑτοῖς</span> <span class='ocrx_word' id='word_1_858' title='bbox 2859 3571 2953 3641; x_wconf 81' lang='grc' dir='ltr'>ἐξῇ</span> <span class='ocrx_word' id='word_1_859' title='bbox 2999 3571 3098 3641; x_wconf 87' lang='grc' dir='ltr'>τὴν</span> <span class='ocrx_word' id='word_1_860' title='bbox 3150 3569 3497 3642; x_wconf 87' lang='grc' dir='ltr'>παρανομίαν</span> <span class='ocrx_word' id='word_1_861' title='bbox 3548 3569 3917 3640; x_wconf 86' lang='grc' dir='ltr'>ἐργάσασθαι,</span> 
     </span>
    </p>
   </div>
   <div class='ocr_carea' id='block_1_105' title="bbox 2227 3657 3918 3730">
    <p class='ocr_par' dir='ltr' id='par_1_105' title="bbox 2227 3657 3918 3730">
     <span class='ocr_line' id='line_1_105' title="bbox 2227 3657 3918 3730; baseline -0.003 -14"><span class='ocrx_word' id='word_1_862' title='bbox 2227 3664 2328 3716; x_wconf 91' lang='grc' dir='ltr'>οὑκ</span> <span class='ocrx_word' id='word_1_863' title='bbox 2357 3662 2508 3724; x_wconf 79' lang='grc' dir='ltr'>ὄντος</span> <span class='ocrx_word' id='word_1_864' title='bbox 2528 3661 2620 3713; x_wconf 88' lang='grc' dir='ltr'>τοῦ</span> <span class='ocrx_word' id='word_1_865' title='bbox 2647 3660 2744 3730; x_wconf 81' lang='grc' dir='ltr'>τὴν</span> <span class='ocrx_word' id='word_1_866' title='bbox 2771 3659 3015 3730; x_wconf 86' lang='grc' dir='ltr'>μοιχείαν</span> <span class='ocrx_word' id='word_1_867' title='bbox 3061 3657 3366 3728; x_wconf 88' lang='grc' dir='ltr'>κατάδηλον</span> <span class='ocrx_word' id='word_1_868' title='bbox 3391 3660 3563 3711; x_wconf 88' lang='grc' dir='ltr'>ποιεῖν</span> <span class='ocrx_word' id='word_1_869' title='bbox 3587 3657 3918 3727; x_wconf 85' lang='grc' dir='ltr'>δυναμένου.</span> 
     </span>
    </p>
   </div>
   <div class='ocr_carea' id='block_1_106' title="bbox 2222 3745 3921 3817">
    <p class='ocr_par' dir='ltr' id='par_1_106' title="bbox 2222 3745 3921 3817">
     <span class='ocr_line' id='line_1_106' title="bbox 2222 3745 3921 3817; baseline -0.001 -14"><span class='ocrx_word' id='word_1_870' title='bbox 2222 3750 2371 3804; x_wconf 81' lang='grc' dir='ltr'>Εἰπὲ</span> <span class='ocrx_word' id='word_1_871' title='bbox 2400 3745 2513 3804; x_wconf 78' lang='grc' dir='ltr'>οὖν</span> <span class='ocrx_word' id='word_1_872' title='bbox 2541 3749 2627 3800; x_wconf 75' lang='grc' dir='ltr'>ὅτι</span> <span class='ocrx_word' id='word_1_873' title='bbox 2661 3749 2923 3816; x_wconf 59' lang='grc' dir='ltr'>ἀδελφός</span> <span class='ocrx_word' id='word_1_874' title='bbox 2943 3762 3057 3800; x_wconf 90' lang='grc' dir='ltr'>σου</span> <span class='ocrx_word' id='word_1_875' title='bbox 3083 3749 3220 3816; x_wconf 85' lang='grc' dir='ltr'>εἰμί.</span> <span class='ocrx_word' id='word_1_876' title='bbox 3241 3747 3383 3817; x_wconf 84' lang='grc' dir='ltr'>Ὅρα</span> <span class='ocrx_word' id='word_1_877' title='bbox 3413 3747 3791 3817; x_wconf 77' lang='grc' dir='ltr'>ἀδαμαντίνην</span> <span class='ocrx_word' id='word_1_878' title='bbox 3813 3746 3921 3817; x_wconf 74' lang='grc' dir='ltr'>ψυ-</span> 
     </span>
    </p>
   </div>
   <div class='ocr_carea' id='block_1_107' title="bbox 2228 3833 3923 3910">
    <p class='ocr_par' dir='ltr' id='par_1_107' title="bbox 2228 3833 3923 3910">
     <span class='ocr_line' id='line_1_107' title="bbox 2228 3833 3923 3910; baseline -0.002 -19"><span class='ocrx_word' id='word_1_879' title='bbox 2228 3839 2350 3910; x_wconf 90' lang='grc' dir='ltr'>χὴν,</span> <span class='ocrx_word' id='word_1_880' title='bbox 2381 3839 2482 3910; x_wconf 86' lang='grc' dir='ltr'>ὅρα</span> <span class='ocrx_word' id='word_1_881' title='bbox 2501 3836 2724 3906; x_wconf 88' lang='grc' dir='ltr'>γνώμην</span> <span class='ocrx_word' id='word_1_882' title='bbox 2755 3835 2972 3905; x_wconf 90' lang='grc' dir='ltr'>σιδήρου</span> <span class='ocrx_word' id='word_1_883' title='bbox 2993 3835 3378 3906; x_wconf 74' lang='grc' dir='ltr'>στερροτέραν·</span> <span class='ocrx_word' id='word_1_884' title='bbox 3396 3835 3515 3888; x_wconf 87' lang='grc' dir='ltr'>οὑδέ</span> <span class='ocrx_word' id='word_1_885' title='bbox 3541 3833 3652 3904; x_wconf 81' lang='grc' dir='ltr'>γὰρ</span> <span class='ocrx_word' id='word_1_886' title='bbox 3670 3836 3923 3905; x_wconf 84' lang='grc' dir='ltr'>παρεσά-</span> 
     </span>
    </p>
   </div>
   <div class='ocr_carea' id='block_1_108' title="bbox 2228 3921 3919 3992">
    <p class='ocr_par' dir='ltr' id='par_1_108' title="bbox 2228 3921 3919 3992">
     <span class='ocr_line' id='line_1_108' title="bbox 2228 3921 3919 3992; baseline -0.001 -15"><span class='ocrx_word' id='word_1_887' title='bbox 2228 3925 2417 3978; x_wconf 93' lang='grc' dir='ltr'>λευσεν</span> <span class='ocrx_word' id='word_1_888' title='bbox 2438 3923 2602 3976; x_wconf 84' lang='grc' dir='ltr'>αὑτοῦ</span> <span class='ocrx_word' id='word_1_889' title='bbox 2655 3923 2745 3975; x_wconf 92' lang='grc' dir='ltr'>τὸν</span> <span class='ocrx_word' id='word_1_890' title='bbox 2775 3922 3037 3992; x_wconf 88' lang='grc' dir='ltr'>λογισμὸν</span> <span class='ocrx_word' id='word_1_891' title='bbox 3070 3922 3104 3991; x_wconf 87' lang='grc' dir='ltr'>ἡ</span> <span class='ocrx_word' id='word_1_892' title='bbox 3160 3921 3583 3992; x_wconf 87' lang='grc' dir='ltr'>προσδοκωμένη</span> <span class='ocrx_word' id='word_1_893' title='bbox 3631 3921 3919 3992; x_wconf 75' lang='grc' dir='ltr'>συμφορὰ,</span> 
     </span>
    </p>
   </div>
   <div class='ocr_carea' id='block_1_109' title="bbox 2227 4005 3920 4081">
    <p class='ocr_par' dir='ltr' id='par_1_109' title="bbox 2227 4005 3920 4081">
     <span class='ocr_line' id='line_1_109' title="bbox 2227 4005 3920 4081; baseline -0.002 -16"><span class='ocrx_word' id='word_1_894' title='bbox 2227 4012 2349 4065; x_wconf 86' lang='grc' dir='ltr'>οὑδέ</span> <span class='ocrx_word' id='word_1_895' title='bbox 2382 4012 2682 4081; x_wconf 83' lang='grc' dir='ltr'>ἐνενόησεν,</span> <span class='ocrx_word' id='word_1_896' title='bbox 2737 4010 2858 4062; x_wconf 78' lang='grc' dir='ltr'>οὑδὲ</span> <span class='ocrx_word' id='word_1_897' title='bbox 2908 4005 3030 4062; x_wconf 80' lang='grc' dir='ltr'>εἷπε</span> <span class='ocrx_word' id='word_1_898' title='bbox 3079 4009 3214 4080; x_wconf 84' lang='grc' dir='ltr'>πρὸς</span> <span class='ocrx_word' id='word_1_899' title='bbox 3259 4009 3473 4062; x_wconf 78' lang='grc' dir='ltr'>ἐαυτόν⁸</span> <span class='ocrx_word' id='word_1_900' title='bbox 3507 4009 3598 4062; x_wconf 89' lang='grc' dir='ltr'>διά</span> <span class='ocrx_word' id='word_1_901' title='bbox 3627 4010 3795 4062; x_wconf 86' lang='grc' dir='ltr'>τοῦτο</span> <span class='ocrx_word' id='word_1_902' title='bbox 3821 4009 3920 4080; x_wconf 84' lang='grc' dir='ltr'>τὴν</span> 
     </span>
    </p>
   </div>
   <div class='ocr_carea' id='block_1_110' title="bbox 2229 4096 3922 4168">
    <p class='ocr_par' dir='ltr' id='par_1_110' title="bbox 2229 4096 3922 4168">
     <span class='ocr_line' id='line_1_110' title="bbox 2229 4096 3922 4168; baseline -0.002 -15"><span class='ocrx_word' id='word_1_903' title='bbox 2229 4099 2436 4153; x_wconf 89' lang='grc' dir='ltr'>οἰκείαν</span> <span class='ocrx_word' id='word_1_904' title='bbox 2465 4096 2778 4151; x_wconf 87' lang='grc' dir='ltr'>καταλιπὼν</span> <span class='ocrx_word' id='word_1_905' title='bbox 2824 4097 3085 4168; x_wconf 89' lang='grc' dir='ltr'>πατρίδα,</span> <span class='ocrx_word' id='word_1_906' title='bbox 3104 4098 3200 4150; x_wconf 83' lang='grc' dir='ltr'>καὶ</span> <span class='ocrx_word' id='word_1_907' title='bbox 3217 4097 3483 4166; x_wconf 85' lang='grc' dir='ltr'>τοσαύτην</span> <span class='ocrx_word' id='word_1_908' title='bbox 3505 4096 3922 4167; x_wconf 79' lang='grc' dir='ltr'>ἐπιδειξάμενος</span> 
     </span>
    </p>
   </div>
   <div class='ocr_carea' id='block_1_111' title="bbox 2231 4181 3923 4256">
    <p class='ocr_par' dir='ltr' id='par_1_111' title="bbox 2231 4181 3923 4256">
     <span class='ocr_line' id='line_1_111' title="bbox 2231 4181 3923 4256; baseline -0.002 -16"><span class='ocrx_word' id='word_1_909' title='bbox 2231 4186 2472 4256; x_wconf 86' lang='grc' dir='ltr'>ὑπακοὴν</span> <span class='ocrx_word' id='word_1_910' title='bbox 2501 4181 2663 4256; x_wconf 81' lang='grc' dir='ltr'>ἦλθον</span> <span class='ocrx_word' id='word_1_911' title='bbox 2687 4186 2766 4248; x_wconf 89' lang='grc' dir='ltr'>εἰς</span> <span class='ocrx_word' id='word_1_912' title='bbox 2789 4184 2885 4256; x_wconf 85' lang='grc' dir='ltr'>τὴν</span> <span class='ocrx_word' id='word_1_913' title='bbox 2916 4184 3225 4255; x_wconf 90' lang='grc' dir='ltr'>ἀλλοτρίαν,</span> <span class='ocrx_word' id='word_1_914' title='bbox 3247 4184 3333 4237; x_wconf 76' lang='grc' dir='ltr'>ἵνα</span> <span class='ocrx_word' id='word_1_915' title='bbox 3357 4183 3569 4247; x_wconf 89' lang='grc' dir='ltr'>τούτοις</span> <span class='ocrx_word' id='word_1_916' title='bbox 3596 4184 3923 4254; x_wconf 87' lang='grc' dir='ltr'>περιϐληθῶ</span> 
     </span>
    </p>
   </div>
   <div class='ocr_carea' id='block_1_112' title="bbox 2227 4271 3921 4344">
    <p class='ocr_par' dir='ltr' id='par_1_112' title="bbox 2227 4271 3921 4344">
     <span class='ocr_line' id='line_1_112' title="bbox 2227 4271 3921 4344; baseline -0.001 -16"><span class='ocrx_word' id='word_1_917' title='bbox 2227 4279 2339 4338; x_wconf 89' lang='grc' dir='ltr'>τοῖς</span> <span class='ocrx_word' id='word_1_918' title='bbox 2355 4277 2572 4338; x_wconf 88' lang='grc' dir='ltr'>κακοῖς;</span> <span class='ocrx_word' id='word_1_919' title='bbox 2601 4274 2673 4327; x_wconf 92' lang='grc' dir='ltr'>Οὑ</span> <span class='ocrx_word' id='word_1_920' title='bbox 2699 4273 2804 4344; x_wconf 92' lang='grc' dir='ltr'>πρὸ</span> <span class='ocrx_word' id='word_1_921' title='bbox 2829 4272 3030 4342; x_wconf 85' lang='grc' dir='ltr'>μικροῦ</span> <span class='ocrx_word' id='word_1_922' title='bbox 3057 4273 3325 4344; x_wconf 88' lang='grc' dir='ltr'>ὑπέσχετό</span> <span class='ocrx_word' id='word_1_923' title='bbox 3359 4290 3469 4343; x_wconf 92' lang='grc' dir='ltr'>μοι,</span> <span class='ocrx_word' id='word_1_924' title='bbox 3504 4274 3584 4326; x_wconf 83' lang='grc' dir='ltr'>ὅτι</span> <span class='ocrx_word' id='word_1_925' title='bbox 3625 4271 3712 4338; x_wconf 86' lang='grc' dir='ltr'><em>Τῷ</em></span> <span class='ocrx_word' id='word_1_926' title='bbox 3731 4275 3921 4340; x_wconf 74' lang='grc' dir='ltr'>σπέρο</span> 
     </span>
    </p>
   </div>
   <div class='ocr_carea' id='block_1_113' title="bbox 2223 4359 3921 4433">
    <p class='ocr_par' dir='ltr' id='par_1_113' title="bbox 2223 4359 3921 4433">
     <span class='ocr_line' id='line_1_113' title="bbox 2223 4359 3921 4433; baseline -0.001 -17"><span class='ocrx_word' id='word_1_927' title='bbox 2223 4363 2366 4433; x_wconf 81' lang='grc' dir='ltr'>ματι</span> <span class='ocrx_word' id='word_1_928' title='bbox 2402 4378 2519 4416; x_wconf 89' lang='grc' dir='ltr'>σου</span> <span class='ocrx_word' id='word_1_929' title='bbox 2549 4361 2723 4415; x_wconf 84' lang='grc' dir='ltr'>δώσω</span> <span class='ocrx_word' id='word_1_930' title='bbox 2769 4361 2884 4429; x_wconf 82' lang='grc' dir='ltr'>τὴν</span> <span class='ocrx_word' id='word_1_931' title='bbox 2911 4359 3029 4431; x_wconf 78' lang='grc' dir='ltr'>γῆν</span> <span class='ocrx_word' id='word_1_932' title='bbox 3054 4362 3316 4427; x_wconf 80' lang='grc' dir='ltr'>ταύτην;</span> <span class='ocrx_word' id='word_1_933' title='bbox 3362 4361 3492 4414; x_wconf 84' lang='grc' dir='ltr'>Ἰδοὺ</span> <span class='ocrx_word' id='word_1_934' title='bbox 3522 4362 3616 4414; x_wconf 82' lang='grc' dir='ltr'>καὶ</span> <span class='ocrx_word' id='word_1_935' title='bbox 3665 4361 3921 4431; x_wconf 87' lang='grc' dir='ltr'>μοιχείας</span> 
     </span>
    </p>
   </div>
   <div class='ocr_carea' id='block_1_114' title="bbox 2228 4448 3921 4520">
    <p class='ocr_par' dir='ltr' id='par_1_114' title="bbox 2228 4448 3921 4520">
     <span class='ocr_line' id='line_1_114' title="bbox 2228 4448 3921 4520; baseline -0.001 -16"><span class='ocrx_word' id='word_1_936' title='bbox 2228 4453 2324 4504; x_wconf 74' lang='grc' dir='ltr'>καὶ</span> <span class='ocrx_word' id='word_1_937' title='bbox 2350 4450 2580 4504; x_wconf 88' lang='grc' dir='ltr'>θανάτου</span> <span class='ocrx_word' id='word_1_938' title='bbox 2615 4449 2778 4519; x_wconf 89' lang='grc' dir='ltr'>φόϐος</span> <span class='ocrx_word' id='word_1_939' title='bbox 2807 4449 3088 4502; x_wconf 86' lang='grc' dir='ltr'>κατασείει</span> <span class='ocrx_word' id='word_1_940' title='bbox 3106 4448 3266 4519; x_wconf 85' lang='grc' dir='ltr'>ήμῶν</span> <span class='ocrx_word' id='word_1_941' title='bbox 3291 4449 3393 4520; x_wconf 84' lang='grc' dir='ltr'>τὴν</span> <span class='ocrx_word' id='word_1_942' title='bbox 3421 4448 3623 4519; x_wconf 79' lang='grc' dir='ltr'>ψυχήν.</span> <span class='ocrx_word' id='word_1_943' title='bbox 3663 4449 3807 4500; x_wconf 85' lang='grc' dir='ltr'>Ἀλλ’</span> <span class='ocrx_word' id='word_1_944' title='bbox 3838 4451 3921 4502; x_wconf 87' lang='grc' dir='ltr'>οὑ·</span> 
     </span>
    </p>
   </div>
   <div class='ocr_carea' id='block_1_115' title="bbox 2227 4536 3920 4609">
    <p class='ocr_par' dir='ltr' id='par_1_115' title="bbox 2227 4536 3920 4609">
     <span class='ocr_line' id='line_1_115' title="bbox 2227 4536 3920 4609; baseline -0.002 -16"><span class='ocrx_word' id='word_1_945' title='bbox 2227 4540 2316 4594; x_wconf 86' lang='grc' dir='ltr'>δὲν</span> <span class='ocrx_word' id='word_1_946' title='bbox 2340 4538 2543 4592; x_wconf 91' lang='grc' dir='ltr'>τούτων</span> <span class='ocrx_word' id='word_1_947' title='bbox 2563 4538 2684 4590; x_wconf 91' lang='grc' dir='ltr'>οὑδέ</span> <span class='ocrx_word' id='word_1_948' title='bbox 2709 4539 2766 4590; x_wconf 89' lang='grc' dir='ltr'>ἐν</span> <span class='ocrx_word' id='word_1_949' title='bbox 2797 4536 3009 4609; x_wconf 82' lang='grc' dir='ltr'>διανοίᾳ</span> <span class='ocrx_word' id='word_1_950' title='bbox 3031 4537 3216 4591; x_wconf 88' lang='grc' dir='ltr'>λαϐεῖν</span> <span class='ocrx_word' id='word_1_951' title='bbox 3246 4536 3589 4602; x_wconf 76' lang='grc' dir='ltr'>κατεδέξατο·</span> <span class='ocrx_word' id='word_1_952' title='bbox 3640 4536 3758 4588; x_wconf 85' lang='grc' dir='ltr'>ἀλλ’</span> <span class='ocrx_word' id='word_1_953' title='bbox 3801 4537 3920 4598; x_wconf 81' lang='grc' dir='ltr'>ἐνὸς</span> 
     </span>
    </p>
   </div>
   <div class='ocr_carea' id='block_1_116' title="bbox 2229 4624 3917 4698">
    <p class='ocr_par' dir='ltr' id='par_1_116' title="bbox 2229 4624 3917 4698">
     <span class='ocr_line' id='line_1_116' title="bbox 2229 4624 3917 4698; baseline -0.002 -17"><span class='ocrx_word' id='word_1_954' title='bbox 2229 4628 2436 4698; x_wconf 86' lang='grc' dir='ltr'>γίνεται</span> <span class='ocrx_word' id='word_1_955' title='bbox 2468 4627 2651 4698; x_wconf 89' lang='grc' dir='ltr'>μόνου,</span> <span class='ocrx_word' id='word_1_956' title='bbox 2672 4624 2790 4686; x_wconf 85' lang='grc' dir='ltr'>πῶς</span> <span class='ocrx_word' id='word_1_957' title='bbox 2819 4625 3017 4696; x_wconf 83' lang='grc' dir='ltr'>δυνηθῇ</span> <span class='ocrx_word' id='word_1_958' title='bbox 3040 4641 3100 4678; x_wconf 90' lang='grc' dir='ltr'>το</span> <span class='ocrx_word' id='word_1_959' title='bbox 3125 4627 3358 4696; x_wconf 90' lang='grc' dir='ltr'>πονηρὸν</span> <span class='ocrx_word' id='word_1_960' title='bbox 3387 4625 3546 4678; x_wconf 82' lang='grc' dir='ltr'>τοῦτο</span> <span class='ocrx_word' id='word_1_961' title='bbox 3575 4626 3764 4695; x_wconf 79' lang='grc' dir='ltr'>δρᾶμα</span> <span class='ocrx_word' id='word_1_962' title='bbox 3782 4627 3917 4678; x_wconf 86' lang='grc' dir='ltr'>ὑπο-</span> 
     </span>
    </p>
   </div>
   <div class='ocr_carea' id='block_1_117' title="bbox 2229 4711 3919 4787">
    <p class='ocr_par' dir='ltr' id='par_1_117' title="bbox 2229 4711 3919 4787">
     <span class='ocr_line' id='line_1_117' title="bbox 2229 4711 3919 4787; baseline -0.004 -17"><span class='ocrx_word' id='word_1_963' title='bbox 2229 4715 2576 4787; x_wconf 84' lang='grc' dir='ltr'>κρινάμενος,</span> <span class='ocrx_word' id='word_1_964' title='bbox 2607 4713 2715 4766; x_wconf 87' lang='grc' dir='ltr'>τῶν</span> <span class='ocrx_word' id='word_1_965' title='bbox 2740 4711 2834 4764; x_wconf 90' lang='grc' dir='ltr'>δύο</span> <span class='ocrx_word' id='word_1_966' title='bbox 2871 4713 3075 4766; x_wconf 91' lang='grc' dir='ltr'>τούτων</span> <span class='ocrx_word' id='word_1_967' title='bbox 3112 4713 3370 4766; x_wconf 89' lang='grc' dir='ltr'>κινδύνων</span> <span class='ocrx_word' id='word_1_968' title='bbox 3413 4713 3785 4780; x_wconf 81' lang='grc' dir='ltr'>ἐπικειμένων</span> <span class='ocrx_word' id='word_1_969' title='bbox 3830 4713 3919 4764; x_wconf 84' lang='grc' dir='ltr'>τὸν</span> 
     </span>
    </p>
   </div>
   <div class='ocr_carea' id='block_1_118' title="bbox 2229 4802 2777 4872">
    <p class='ocr_par' dir='ltr' id='par_1_118' title="bbox 2229 4802 2777 4872">
     <span class='ocr_line' id='line_1_118' title="bbox 2229 4802 2777 4872; baseline -0.011 -15"><span class='ocrx_word' id='word_1_970' title='bbox 2229 4804 2324 4856; x_wconf 78' lang='grc' dir='ltr'>ἕνα</span> <span class='ocrx_word' id='word_1_971' title='bbox 2345 4803 2476 4872; x_wconf 91' lang='grc' dir='ltr'>γοῦν</span> <span class='ocrx_word' id='word_1_972' title='bbox 2498 4802 2777 4870; x_wconf 83' lang='grc' dir='ltr'>ἐκφυγεῖν.</span> 
     </span>
    </p>
   </div>
   <div class='ocr_carea' id='block_1_119' title="bbox 2303 4882 3919 4960">
    <p class='ocr_par' dir='ltr' id='par_1_119' title="bbox 2303 4882 3919 4960">
     <span class='ocr_line' id='line_1_119' title="bbox 2303 4882 3919 4960; baseline -0.006 -16"><span class='ocrx_word' id='word_1_973' title='bbox 2303 4893 2411 4944; x_wconf 70' lang='grc' dir='ltr'>Καὶ</span> <span class='ocrx_word' id='word_1_974' title='bbox 2431 4889 2618 4960; x_wconf 86' lang='grc' dir='ltr'>ἐπειδὴ</span> <span class='ocrx_word' id='word_1_975' title='bbox 2648 4889 2741 4942; x_wconf 62' lang='grc' dir='ltr'>καί⁹</span> <span class='ocrx_word' id='word_1_976' title='bbox 2763 4887 2922 4950; x_wconf 91' lang='grc' dir='ltr'>αὑτὸς</span> <span class='ocrx_word' id='word_1_977' title='bbox 2951 4885 3019 4939; x_wconf 88' lang='grc' dir='ltr'>τά</span> <span class='ocrx_word' id='word_1_978' title='bbox 3052 4886 3181 4956; x_wconf 84' lang='grc' dir='ltr'>παρ’</span> <span class='ocrx_word' id='word_1_979' title='bbox 3208 4884 3404 4939; x_wconf 84' lang='grc' dir='ltr'>ἐαυτοῦ</span> <span class='ocrx_word' id='word_1_980' title='bbox 3446 4885 3737 4954; x_wconf 86' lang='grc' dir='ltr'>εἰσήνεγκε</span> <span class='ocrx_word' id='word_1_981' title='bbox 3779 4882 3919 4954; x_wconf 84' lang='grc' dir='ltr'>μετά</span> 
     </span>
    </p>
   </div>
   <div class='ocr_carea' id='block_1_120' title="bbox 2231 4971 3920 5050">
    <p class='ocr_par' dir='ltr' id='par_1_120' title="bbox 2231 4971 3920 5050">
     <span class='ocr_line' id='line_1_120' title="bbox 2231 4971 3920 5050; baseline -0.005 -19"><span class='ocrx_word' id='word_1_982' title='bbox 2231 4979 2478 5050; x_wconf 88' lang='grc' dir='ltr'>ἀνδρείας</span> <span class='ocrx_word' id='word_1_983' title='bbox 2505 4977 2599 5047; x_wconf 86' lang='grc' dir='ltr'>τὴν</span> <span class='ocrx_word' id='word_1_984' title='bbox 2627 4975 2936 5047; x_wconf 85' lang='grc' dir='ltr'>συμϐουλὴν</span> <span class='ocrx_word' id='word_1_985' title='bbox 2963 4971 3351 5042; x_wconf 84' lang='grc' dir='ltr'>ποιησάμενος,</span> <span class='ocrx_word' id='word_1_986' title='bbox 3377 4973 3520 5041; x_wconf 76' lang='grc' dir='ltr'>καὶὴ</span> <span class='ocrx_word' id='word_1_987' title='bbox 3553 4971 3692 5042; x_wconf 86' lang='grc' dir='ltr'>γυνὴ</span> <span class='ocrx_word' id='word_1_988' title='bbox 3715 4972 3920 5043; x_wconf 79' lang='grc' dir='ltr'>πολλὴν</span> 
     </span>
    </p>
   </div>
   <div class='ocr_carea' id='block_1_121' title="bbox 2229 5060 3924 5138">
    <p class='ocr_par' dir='ltr' id='par_1_121' title="bbox 2229 5060 3924 5138">
     <span class='ocr_line' id='line_1_121' title="bbox 2229 5060 3924 5138; baseline -0.005 -19"><span class='ocrx_word' id='word_1_989' title='bbox 2229 5066 2327 5138; x_wconf 84' lang='grc' dir='ltr'>τὴν</span> <span class='ocrx_word' id='word_1_990' title='bbox 2352 5067 2478 5138; x_wconf 70' lang='grc' dir='ltr'>περὶ</span> <span class='ocrx_word' id='word_1_991' title='bbox 2507 5066 2597 5119; x_wconf 89' lang='grc' dir='ltr'>τὸν</span> <span class='ocrx_word' id='word_1_992' title='bbox 2629 5065 2797 5136; x_wconf 82' lang='grc' dir='ltr'>ἀνδρα</span> <span class='ocrx_word' id='word_1_993' title='bbox 2847 5061 3228 5132; x_wconf 89' lang='grc' dir='ltr'>φιλοστοργίαν</span> <span class='ocrx_word' id='word_1_994' title='bbox 3272 5061 3366 5112; x_wconf 81' lang='grc' dir='ltr'>καὶ</span> <span class='ocrx_word' id='word_1_995' title='bbox 3413 5060 3662 5129; x_wconf 82' lang='grc' dir='ltr'>ὑπακοὴν</span> <span class='ocrx_word' id='word_1_996' title='bbox 3713 5061 3924 5112; x_wconf 85' lang='grc' dir='ltr'>ἐπιδει-</span> 
     </span>
    </p>
   </div>
   <div class='ocr_carea' id='block_1_122' title="bbox 2231 5149 3923 5226">
    <p class='ocr_par' dir='ltr' id='par_1_122' title="bbox 2231 5149 3923 5226">
     <span class='ocr_line' id='line_1_122' title="bbox 2231 5149 3923 5226; baseline -0.005 -17"><span class='ocrx_word' id='word_1_997' title='bbox 2231 5156 2470 5226; x_wconf 89' lang='grc' dir='ltr'>κνυμένη</span> <span class='ocrx_word' id='word_1_998' title='bbox 2494 5155 2822 5225; x_wconf 82' lang='grc' dir='ltr'>συνέπραξε,</span> <span class='ocrx_word' id='word_1_999' title='bbox 2841 5151 2936 5205; x_wconf 79' lang='grc' dir='ltr'>καὶ</span> <span class='ocrx_word' id='word_1_1000' title='bbox 2963 5153 3076 5213; x_wconf 86' lang='grc' dir='ltr'>τοῖς</span> <span class='ocrx_word' id='word_1_1001' title='bbox 3107 5149 3322 5213; x_wconf 80' lang='grc' dir='ltr'>δόξασιν</span> <span class='ocrx_word' id='word_1_1002' title='bbox 3355 5149 3764 5218; x_wconf 84' lang='grc' dir='ltr'>ὑπηρετήσατο·</span> <span class='ocrx_word' id='word_1_1003' title='bbox 3823 5149 3923 5200; x_wconf 79' lang='grc' dir='ltr'>καὶ</span> 
     </span>
    </p>
   </div>
   <div class='ocr_carea' id='block_1_123' title="bbox 2232 5237 3924 5316">
    <p class='ocr_par' dir='ltr' id='par_1_123' title="bbox 2232 5237 3924 5316">
     <span class='ocr_line' id='line_1_123' title="bbox 2232 5237 3924 5316; baseline -0.005 -19"><span class='ocrx_word' id='word_1_1004' title='bbox 2232 5243 2420 5316; x_wconf 86' lang='grc' dir='ltr'>ἐπειδὴ</span> <span class='ocrx_word' id='word_1_1005' title='bbox 2443 5243 2511 5296; x_wconf 83' lang='grc' dir='ltr'>τά</span> <span class='ocrx_word' id='word_1_1006' title='bbox 2535 5244 2664 5311; x_wconf 80' lang='grc' dir='ltr'>παρ’</span> <span class='ocrx_word' id='word_1_1007' title='bbox 2694 5242 2902 5294; x_wconf 87' lang='grc' dir='ltr'>ἐαυτῶν</span> <span class='ocrx_word' id='word_1_1008' title='bbox 2932 5240 3044 5310; x_wconf 92' lang='grc' dir='ltr'>ἀπή</span> <span class='ocrx_word' id='word_1_1009' title='bbox 3053 5255 3263 5310; x_wconf 88' lang='grc' dir='ltr'>ρτισαν,</span> <span class='ocrx_word' id='word_1_1010' title='bbox 3279 5238 3374 5290; x_wconf 70' lang='grc' dir='ltr'>καὶ</span> <span class='ocrx_word' id='word_1_1011' title='bbox 3402 5238 3525 5290; x_wconf 82' lang='grc' dir='ltr'>ὅσον</span> <span class='ocrx_word' id='word_1_1012' title='bbox 3548 5237 3691 5289; x_wconf 87' lang='grc' dir='ltr'>κατά</span> <span class='ocrx_word' id='word_1_1013' title='bbox 3711 5237 3812 5290; x_wconf 82' lang='grc' dir='ltr'>ἀνθ</span> <span class='ocrx_word' id='word_1_1014' title='bbox 3821 5255 3924 5307; x_wconf 80' lang='grc' dir='ltr'>ρω-</span> 
     </span>
    </p>
   </div>
   <div class='ocr_carea' id='block_1_124' title="bbox 2234 5325 3921 5401">
    <p class='ocr_par' dir='ltr' id='par_1_124' title="bbox 2234 5325 3921 5401">
     <span class='ocr_line' id='line_1_124' title="bbox 2234 5325 3921 5401; baseline -0.004 -18"><span class='ocrx_word' id='word_1_1015' title='bbox 2234 5332 2394 5401; x_wconf 89' lang='grc' dir='ltr'>πίνην</span> <span class='ocrx_word' id='word_1_1016' title='bbox 2423 5331 2741 5385; x_wconf 88' lang='grc' dir='ltr'>ἀκολουθίαν</span> <span class='ocrx_word' id='word_1_1017' title='bbox 2763 5329 3101 5397; x_wconf 83' lang='grc' dir='ltr'>ἀπέγνωστο,</span> <span class='ocrx_word' id='word_1_1018' title='bbox 3142 5326 3237 5381; x_wconf 71' lang='grc' dir='ltr'>καὶ</span> <span class='ocrx_word' id='word_1_1019' title='bbox 3291 5328 3370 5390; x_wconf 87' lang='grc' dir='ltr'>εἰς</span> <span class='ocrx_word' id='word_1_1020' title='bbox 3419 5325 3580 5396; x_wconf 79' lang='grc' dir='ltr'>ἔργον</span> <span class='ocrx_word' id='word_1_1021' title='bbox 3621 5326 3921 5395; x_wconf 78' lang='grc' dir='ltr'>ἐκϐεϐήκει</span> 
     </span>
    </p>
   </div>
   <div class='ocr_carea' id='block_1_125' title="bbox 2236 5413 3920 5490">
    <p class='ocr_par' dir='ltr' id='par_1_125' title="bbox 2236 5413 3920 5490">
     <span class='ocr_line' id='line_1_125' title="bbox 2236 5413 3920 5490; baseline -0.005 -18"><span class='ocrx_word' id='word_1_1022' title='bbox 2236 5422 2418 5490; x_wconf 74' lang='grc' dir='ltr'>σχεδὸν</span> <span class='ocrx_word' id='word_1_1023' title='bbox 2457 5422 2522 5472; x_wconf 79' lang='grc' dir='ltr'>τά</span> <span class='ocrx_word' id='word_1_1024' title='bbox 2555 5420 2654 5481; x_wconf 72' lang='grc' dir='ltr'>τῆς</span> <span class='ocrx_word' id='word_1_1025' title='bbox 2687 5417 3052 5488; x_wconf 89' lang='grc' dir='ltr'>παρανομίας,</span> <span class='ocrx_word' id='word_1_1026' title='bbox 3073 5416 3195 5468; x_wconf 87' lang='grc' dir='ltr'>τότε</span> <span class='ocrx_word' id='word_1_1027' title='bbox 3227 5413 3394 5484; x_wconf 88' lang='grc' dir='ltr'>πολλὴ</span> <span class='ocrx_word' id='word_1_1028' title='bbox 3425 5413 3553 5483; x_wconf 71' lang='grc' dir='ltr'>περὶ</span> <span class='ocrx_word' id='word_1_1029' title='bbox 3576 5413 3738 5465; x_wconf 83' lang='grc' dir='ltr'>αὑτὸν</span> <span class='ocrx_word' id='word_1_1030' title='bbox 3763 5416 3796 5481; x_wconf 79' lang='grc' dir='ltr'><strong>ἡ</strong></span> <span class='ocrx_word' id='word_1_1031' title='bbox 3824 5413 3920 5465; x_wconf 89' lang='grc' dir='ltr'>τοῦ</span> 
     </span>
    </p>
   </div>
   <div class='ocr_carea' id='block_1_126' title="bbox 2235 5501 3919 5576">
    <p class='ocr_par' dir='ltr' id='par_1_126' title="bbox 2235 5501 3919 5576">
     <span class='ocr_line' id='line_1_126' title="bbox 2235 5501 3919 5576; baseline -0.005 -16"><span class='ocrx_word' id='word_1_1032' title='bbox 2235 5510 2366 5560; x_wconf 74' lang='grc' dir='ltr'>Θεοῦ</span> <span class='ocrx_word' id='word_1_1033' title='bbox 2383 5507 2656 5560; x_wconf 87' lang='grc' dir='ltr'>δείκνυται</span> <span class='ocrx_word' id='word_1_1034' title='bbox 2680 5507 2922 5576; x_wconf 84' lang='grc' dir='ltr'>πρόνοια.</span> <span class='ocrx_word' id='word_1_1035' title='bbox 2949 5505 3022 5557; x_wconf 91' lang='grc' dir='ltr'>Οὑ</span> <span class='ocrx_word' id='word_1_1036' title='bbox 3048 5503 3206 5573; x_wconf 91' lang='grc' dir='ltr'>μόνον</span> <span class='ocrx_word' id='word_1_1037' title='bbox 3228 5501 3334 5572; x_wconf 77' lang='grc' dir='ltr'>γάρ</span> <span class='ocrx_word' id='word_1_1038' title='bbox 3355 5501 3452 5572; x_wconf 78' lang='grc' dir='ltr'>τὴν</span> <span class='ocrx_word' id='word_1_1039' title='bbox 3481 5503 3714 5568; x_wconf 83' lang='grc' dir='ltr'>γυναῖκα</span> <span class='ocrx_word' id='word_1_1040' title='bbox 3737 5502 3767 5552; x_wconf 85' lang='grc' dir='ltr'>ὁ</span> <span class='ocrx_word' id='word_1_1041' title='bbox 3785 5501 3919 5562; x_wconf 71' lang='grc' dir='ltr'>θεὸς</span> 
     </span>
    </p>
   </div>
   <div class='ocr_carea' id='block_1_127' title="bbox 2229 5590 3921 5666">
    <p class='ocr_par' dir='ltr' id='par_1_127' title="bbox 2229 5590 3921 5666">
     <span class='ocr_line' id='line_1_127' title="bbox 2229 5590 3921 5666; baseline -0.006 -18"><span class='ocrx_word' id='word_1_1042' title='bbox 2229 5599 2332 5666; x_wconf 79' lang='grc' dir='ltr'>τῆς</span> <span class='ocrx_word' id='word_1_1043' title='bbox 2364 5593 2576 5666; x_wconf 83' lang='grc' dir='ltr'>’ύϐρεως</span> <span class='ocrx_word' id='word_1_1044' title='bbox 2611 5594 2886 5665; x_wconf 80' lang='grc' dir='ltr'>ἐξήρπασε</span> <span class='ocrx_word' id='word_1_1045' title='bbox 2913 5591 3060 5664; x_wconf 77' lang='grc'>[565]</span> <span class='ocrx_word' id='word_1_1046' title='bbox 3103 5591 3192 5643; x_wconf 75' lang='grc' dir='ltr'>διὰ</span> <span class='ocrx_word' id='word_1_1047' title='bbox 3223 5590 3323 5660; x_wconf 82' lang='grc' dir='ltr'>τῆς</span> <span class='ocrx_word' id='word_1_1048' title='bbox 3346 5590 3803 5658; x_wconf 87' lang='grc' dir='ltr'>ἀγανακτήσεως,</span> <span class='ocrx_word' id='word_1_1049' title='bbox 3852 5591 3921 5658; x_wconf 72' lang='grc' dir='ltr'>ἦν</span> 
     </span>
    </p>
   </div>
   <div class='ocr_carea' id='block_1_128' title="bbox 2237 5680 3917 5757">
    <p class='ocr_par' dir='ltr' id='par_1_128' title="bbox 2237 5680 3917 5757">
     <span class='ocr_line' id='line_1_128' title="bbox 2237 5680 3917 5757; baseline -0.005 -16"><span class='ocrx_word' id='word_1_1050' title='bbox 2237 5686 2378 5742; x_wconf 79' lang='grc' dir='ltr'>κατά</span> <span class='ocrx_word' id='word_1_1051' title='bbox 2397 5686 2487 5738; x_wconf 91' lang='grc' dir='ltr'>τοῦ</span> <span class='ocrx_word' id='word_1_1052' title='bbox 2508 5685 2770 5757; x_wconf 78' lang='grc' dir='ltr'>βασιλέως</span> <span class='ocrx_word' id='word_1_1053' title='bbox 2793 5685 2885 5738; x_wconf 75' lang='grc' dir='ltr'>καὶ</span> <span class='ocrx_word' id='word_1_1054' title='bbox 2907 5683 3107 5745; x_wconf 86' lang='grc' dir='ltr'>παντὸς</span> <span class='ocrx_word' id='word_1_1055' title='bbox 3127 5682 3220 5734; x_wconf 84' lang='grc' dir='ltr'>τοῦ</span> <span class='ocrx_word' id='word_1_1056' title='bbox 3241 5681 3390 5734; x_wconf 80' lang='grc' dir='ltr'>οἴκου</span> <span class='ocrx_word' id='word_1_1057' title='bbox 3407 5680 3573 5733; x_wconf 90' lang='grc' dir='ltr'>αὑτοῦ</span> <span class='ocrx_word' id='word_1_1058' title='bbox 3594 5682 3917 5749; x_wconf 82' lang='grc' dir='ltr'>ἐποιήσατο,</span> 
     </span>
    </p>
   </div>
   <div class='ocr_carea' id='block_1_129' title="bbox 2238 5767 3923 5844">
    <p class='ocr_par' dir='ltr' id='par_1_129' title="bbox 2238 5767 3923 5844">
     <span class='ocr_line' id='line_1_129' title="bbox 2238 5767 3923 5844; baseline -0.004 -17"><span class='ocrx_word' id='word_1_1059' title='bbox 2238 5775 2372 5828; x_wconf 79' lang='grc' dir='ltr'>ἀλλὰ</span> <span class='ocrx_word' id='word_1_1060' title='bbox 2393 5775 2486 5827; x_wconf 75' lang='grc' dir='ltr'>καὶ</span> <span class='ocrx_word' id='word_1_1061' title='bbox 2523 5774 2613 5827; x_wconf 86' lang='grc' dir='ltr'>τὸν</span> <span class='ocrx_word' id='word_1_1062' title='bbox 2656 5773 3003 5844; x_wconf 84' lang='grc' dir='ltr'>πατριάρχην</span> <span class='ocrx_word' id='word_1_1063' title='bbox 3047 5769 3185 5840; x_wconf 92' lang='grc' dir='ltr'>μετά</span> <span class='ocrx_word' id='word_1_1064' title='bbox 3210 5768 3408 5839; x_wconf 84' lang='grc' dir='ltr'>πολλῆς</span> <span class='ocrx_word' id='word_1_1065' title='bbox 3431 5767 3530 5838; x_wconf 80' lang='grc' dir='ltr'>τῆς</span> <span class='ocrx_word' id='word_1_1066' title='bbox 3552 5769 3923 5837; x_wconf 83' lang='grc' dir='ltr'>περιφανείας</span> 
     </span>
    </p>
   </div>
   <div class='ocr_carea' id='block_1_130' title="bbox 2233 5855 3917 5928">
    <p class='ocr_par' dir='ltr' id='par_1_130' title="bbox 2233 5855 3917 5928">
     <span class='ocr_line' id='line_1_130' title="bbox 2233 5855 3917 5928; baseline -0.006 -10"><span class='ocrx_word' id='word_1_1067' title='bbox 2233 5864 2339 5918; x_wconf 87' lang='grc' dir='ltr'>ἀπὸ</span> <span class='ocrx_word' id='word_1_1068' title='bbox 2357 5865 2452 5928; x_wconf 65' lang='grc' dir='ltr'>τῆς</span> <span class='ocrx_word' id='word_1_1069' title='bbox 2477 5863 2752 5927; x_wconf 78' lang='grc' dir='ltr'>Αἰγύπτου</span> <span class='ocrx_word' id='word_1_1070' title='bbox 2802 5863 2896 5914; x_wconf 74' lang='grc' dir='ltr'>ἐπὶ</span> <span class='ocrx_word' id='word_1_1071' title='bbox 2922 5860 3021 5924; x_wconf 84' lang='grc' dir='ltr'>τὴν</span> <span class='ocrx_word' id='word_1_1072' title='bbox 3048 5858 3408 5924; x_wconf 85' lang='grc' dir='ltr'>Παλαιστίνην</span> <span class='ocrx_word' id='word_1_1073' title='bbox 3451 5855 3768 5911; x_wconf 84' lang='grc' dir='ltr'>ἐπανελθεῖν</span> <span class='ocrx_word' id='word_1_1074' title='bbox 3813 5873 3917 5910; x_wconf 80' lang='grc' dir='ltr'>πε-</span> 
     </span>
    </p>
   </div>
  </div>
