4092 6408
214 419 325 477 535

216 549 333 590 rem
368 534 585 600 habere,
608 547 785 603 operae
812 533 1044 605 pretium
1082 531 1240 588 fuerit
1263 533 1420 602 paulo
1447 533 1606 588 altius
1630 533 1807 589 brevi-

218 635 304 678 ter
334 624 484 678 vobis
509 638 598 679 res
633 623 752 694 ejus
778 639 1082 688 recensere,
1115 632 1172 677 ut
1196 625 1376 678 sciatis
1407 624 1661 679 eximiam
1687 624 1815 691 justi

214 715 402 780 tidem,
435 730 594 785 quam
629 716 768 769 circa
802 715 1182 782 promissiones
1218 715 1424 769 divinas
1461 715 1713 778 ostendit,
1762 723 1818 770 et

217 805 441 877 benigni
524 807 615 861 Dei
663 807 1041 860 retributiones
1091 807 1310 876 largiter
1360 806 1460 876 ipsi
1511 821 1814 861 concessas.

215 897 428 954 Sufﬁcit
475 900 617 953 enim
663 915 801 954 unus
848 899 934 954 ille
979 899 1176 968 justus,
1220 907 1280 952 ut
1314 913 1502 954 omnes
1531 913 1628 953 nos
1689 914 1816 954 eru-

219 989 356 1054 diat,
389 1003 496 1058 quo
545 990 793 1044 alacriter
843 989 1217 1060 aggrediamur
1245 989 1454 1042 virtutis
1499 989 1813 1054 certamina,

216 1079 552 1137 confidentes
602 1082 852 1151 supernis
891 1081 1430 1141 remunerationibus,
1489 1090 1544 1134 et
1589 1081 1818 1135 scientes

217 1172 587 1226 misericordis
629 1172 837 1226 Domini
867 1173 1034 1226 nostri
1063 1171 1455 1236 liberalitatem,
1495 1173 1674 1225 omnia
1700 1187 1818 1240 quae

217 1261 353 1318 dura
385 1273 440 1318 et
483 1263 646 1318 ardua
680 1266 730 1318 in
762 1263 862 1318 hac
890 1265 997 1318 vita
1043 1264 1311 1330 videntur,
1366 1279 1462 1333 spe
1510 1279 1820 1318 remunera-

223 1359 429 1412 tionum
455 1358 684 1413 libenter
709 1359 1079 1428 suscipiamus.
1113 1359 1384 1414 Attendite
1412 1361 1612 1428 itaque,
1663 1360 1820 1414 obse-

218 1462 336 1512 cro,
371 1449 640 1518 quomodo
665 1451 734 1504 ab
761 1452 930 1515 initio,
963 1461 1241 1522 postquam
1264 1453 1444 1508 indole
1471 1469 1562 1506 sua
1591 1462 1644 1507 et
1664 1453 1818 1506 insita

221 1552 432 1595 natura:
462 1554 660 1596 nostra:
688 1543 908 1599 scientia
939 1545 1075 1599 bene
1103 1560 1232 1599 usus
1259 1555 1360 1610 est,
1393 1546 1596 1600 nullum
1638 1555 1817 1600 exter-

222 1648 350 1686 num
381 1635 602 1688 sortitus
631 1634 929 1702 doctorem,
956 1637 1050 1691 sed
1074 1646 1129 1692 et
1157 1637 1226 1690 ab
1250 1637 1554 1692 infidelibus
1585 1639 1818 1707 parenti-

224 1727 325 1780 bus
372 1725 649 1785 educatus.
679 1727 858 1781 divina
889 1729 1224 1798 apparitione
1274 1730 1474 1798 potitus
1526 1738 1628 1784 est.
1686 1729 1817 1784 Nam

221 1817 348 1886 quia
372 1818 540 1887 prima
566 1828 723 1873 :ctate
744 1833 849 1873 non
871 1829 1124 1890 sequutus
1147 1831 1231 1874 est
1256 1835 1492 1876 errorem
1515 1831 1816 1890 paternum,

222 1907 320 1961 sed
347 1907 601 1977 pietatem
650 1923 774 1978 erga
828 1925 1025 1964 numen
1077 1909 1334 1976 exhibuit,
1370 1910 1488 1966 ideo
1532 1924 1818 1979 supernam

220 1998 585 2053 visitationem
615 2001 793 2054 statim
821 1999 1069 2066 obtinuit,
1115 2015 1235 2056 cum
1275 2001 1448 2056 adhuc
1484 2001 1536 2055 in
1571 2000 1820 2057 Chaldrea

219 2098 406 2145 esset:
438 2099 494 2145 et
522 2090 624 2145 hoc
648 2091 801 2147 nobis
823 2091 1009 2148 beatus
1034 2092 1334 2162 Stephanus
1359 2093 1593 2163 exponit
1640 2092 1818 2146 mani-

220 2183 412 2237 festius
455 2182 534 2238 sic
560 2183 786 2241 dicens:
817 2183 958 2238 Deus
996 2185 1172 2256 gloria:
1200 2185 1334 2240 visus
1361 2194 1434 2240 est
1470 2185 1603 2255 patri
1648 2193 1821 2238 nostra

223 2275 507 2341 Abraham,
531 2293 643 2330 cum
669 2278 838 2331 adhuc
877 2286 1002 2332 esset
1029 2279 1082 2332 in
1105 2278 1157 2332 Μ
1163 2279 1494 2347 εεοροιαηιὶα,
1526 2279 1821 2349 priusquam

224 2369 475 2423 habitaret
493 2371 544 2424 in
575 2370 806 2425 Charran
837 2372 975 2441 (Act.
1000 2373 1051 2424 7.
1076 2372 1155 2439 2).
1194 2371 1378 2426 Vidisti
1411 2371 1678 2440 quomodo
1696 2386 1819 2427 eum

221 2459 349 2514 inde
375 2460 512 2515 visio
554 2463 849 2517 amaverit?
898 2463 1196 2518 Verisimile
1247 2464 1387 2518 enim
1423 2470 1506 2518 est
1529 2478 1651 2518 eum
1697 2478 1818 2518 cum

221 2552 410 2608 sedula
429 2555 482 2608 in
510 2555 677 2609 Deum
706 2556 923 2624 pietate,
956 2557 1264 2626 parentibus
1299 2571 1510 2627 quoque
1569 2571 1822 2612 reveren-

224 2645 352 2698 liam
382 2647 690 2702 exhibuisse
718 2665 732 2701 :
761 2655 1014 2716 tantoque
1042 2662 1226 2703 amore
1253 2659 1462 2717 patrem
1507 2647 1606 2702 sibi
1635 2648 1820 2702 conci-

224 2735 462 2802 liavisse,
485 2745 544 2791 ut
569 2738 694 2792 inde
722 2738 788 2792 ad
820 2738 1221 2808 relinquendam
1245 2753 1426 2793 amore
1471 2738 1563 2792 filii
1595 2738 1818 2808 patriam

221 2841 402 2894 suam,
431 2839 486 2882 et
515 2829 579 2882 ad
611 2828 955 2884 habitandum
982 2831 1206 2884 alienam
1248 2839 1425 2884 motus
1448 2831 1536 2884 sit.
1585 2833 1656 2884 At
1702 2831 1821 2884 dili-

224 2930 418 2986 genter
450 2920 593 2982 vide.
617 2920 862 2988 obsecro,
885 2921 1150 2992 quomodo
1175 2930 1229 2976 et
1255 2921 1368 2975 haec
1391 2936 1509 2991 qua:
1529 2936 1558 2974 a
1587 2921 1695 2975 Deo
1724 2920 1822 2975 fuit

226 3008 300 3062 ob
329 3009 560 3077 priorem
587 3011 836 3066 virtutem
864 3015 981 3078 ejus
1023 3012 1274 3076 visitatio,
1308 3013 1497 3066 iterum
1537 3012 1819 3067 clariorem

223 3099 344 3169 ejus
367 3100 616 3155 virtutem
645 3101 954 3157 reddiderit.
986 3102 1161 3172 Elegit
1179 3104 1320 3158 enim
1347 3113 1619 3172 paternam
1646 3102 1823 3172 regio-

225 3209 352 3246 nem
401 3194 705 3264 relinquere
751 3195 1047 3250 etalieuam
1077 3194 1393 3260 inhabitare,
1418 3203 1820 3264 utpraeceptum

231 3285 328 3338 Dei
349 3285 656 3353 perficeret,
685 3296 737 3340 et
775 3299 990 3356 paratus
1016 3297 1130 3341 erat
1149 3289 1308 3341 etiam
1329 3287 1530 3356 absque
1559 3289 1816 3358 cognatis,

225 3387 288 3433 ut
329 3379 460 3433 mihi
507 3379 737 3446 videtur,
771 3383 1248 3451 peregrinationem
1279 3380 1721 3450 susciperezsed,
1765 3388 1824 3435 ut

225 3471 360 3538 divi,
393 3471 491 3526 viri
524 3473 694 3527 virtus
719 3482 773 3526 et
795 3475 1014 3544 insignis
1037 3489 1162 3543 erga
1207 3483 1454 3543 parentes
1501 3475 1693 3544 pietas,
1737 3473 1821 3528 ef-

197 3562 265 3623 ,ft
282 3564 357 3617 cit
387 3574 446 3617 ut
477 3574 634 3634 pater
654 3577 835 3618 comes
865 3567 1016 3621 fieret
1043 3567 1270 3622 itineris.

298 3655 499 3710 Iterum
545 3657 882 3712 obedientiam
946 3659 1222 3714 Abrahami
1264 3667 1522 3731 experitur
1563 3661 1719 3715 Deus.
1752 3691 1824 3700 —

227 3750 434 3805 Deinde
461 3766 583 3804 cum
612 3753 981 3824 pervenissent
1010 3755 1061 3806 in
1091 3753 1353 3817 Charrau,
1377 3754 1481 3808 illic
1505 3754 1829 3810 tabernacuo

226 3840 335 3894 lum
368 3840 620 3895 fixerunt.
651 3843 719 3897 Et
746 3853 1026 3914 postquam
1054 3855 1225 3899 morte
1255 3845 1468 3900 functus
1499 3855 1582 3899 est
1615 3844 1818 3899 Tharra

226 3935 353 4005 (hoc
378 3936 523 3990 enim
554 3937 690 4004 patri
717 3939 832 4006 ejus
861 3953 1053 3994 nomen
1073 3941 1242 4011 erat),
1275 3940 1466 3993 iterum
1497 3947 1823 4008 prazceptum

230 4038 306 4081 est
336 4029 384 4082 ei
419 4043 447 4080 a
476 4029 586 4083 Deo
623 4038 682 4082 ut
709 4030 881 4084 exiret
928 4030 1069 4085 inde.
1105 4030 1360 4102 Egredere
1394 4032 1536 4086 enim
1565 4073 1578 4095 ,
1609 4031 1779 4100 inquit
1807 4070 1824 4097 ,

227 4121 290 4173 de
302 4129 442 4174 terra
459 4130 545 4173 tua
566 4131 612 4175 et
643 4121 705 4174 de
723 4122 1019 4194 cognatione
1041 4119 1146 4188 tua,
1179 4133 1224 4175 et
1253 4124 1363 4176 veni
1387 4123 1440 4176 in
1467 4131 1652 4176 terram
1676 4139 1828 4191 quam

225 4222 574 4266 monstravero
606 4212 694 4266 tibi
724 4212 890 4284 (Gen.
916 4214 1003 4268 12.
1031 4215 1055 4268 1
1083 4211 1126 4285 ).
1157 4214 1285 4268 Nam
1317 4214 1438 4284 quia
1462 4228 1584 4268 cum
1614 4215 1829 4268 univer-

227 4323 282 4360 sa
315 4307 515 4361 familia
541 4319 596 4362 et
626 4306 786 4362 domo
814 4309 865 4362 in
886 4305 1123 4362 Charran
1143 4309 1517 4378 migraverant,
1547 4319 1826 4378 propterea

228 4398 376 4453 illinc
405 4399 676 4467 imperans
717 4400 766 4453 ei
798 4407 855 4453 ut
889 4398 1233 4468 egrederetur
1265 4441 1280 4465 ,
1311 4399 1514 4453 addidit
1542 4439 1558 4465 ,
1586 4398 1665 4451 De
1693 4409 1829 4451 terra

233 4501 320 4542 tua
352 4501 399 4544 et
434 4491 496 4544 de
523 4492 824 4561 cognatione
856 4501 944 4544 tua
976 4530 993 4558 ,
1035 4491 1316 4546 declarans
1337 4506 1394 4545 se
1418 4490 1555 4544 velle
1577 4530 1593 4553 ,
1649 4491 1822 4558 ipsum

230 4583 407 4635 SUIUIII
457 4583 944 4652 peregrinationem
994 4583 1268 4652 suscipere
1295 4623 1311 4644 ,
1355 4598 1527 4651 neque
1566 4583 1782 4636 fratrem
1807 4621 1824 4644 ,

227 4673 448 4728 Nachor
472 4675 594 4728 dico
612 4716 626 4738 ,
654 4691 828 4744 neque
853 4676 1016 4729 alimn
1041 4691 1358 4746 quemquam
1381 4690 1564 4729 secum
1592 4675 1825 4730 trahere.

228 4764 306 4819 De
336 4775 476 4819 terra
498 4775 586 4818 tua
608 4765 822 4820 dicebat
843 4807 859 4830 ,
889 4769 1008 4836 quia
1039 4782 1143 4821 non
1167 4783 1331 4836 parvo
1361 4775 1602 4836 tempore
1627 4766 1696 4819 ibi
1730 4765 1824 4819 ha-

226 4861 509 4923 bitarant,
535 4869 590 4914 et
631 4861 779 4930 quasi
821 4861 873 4915 in
916 4862 1126 4931 propria
1189 4862 1357 4930 patria
1401 4861 1508 4915 illic
1563 4860 1830 4915 habebant

225 4948 582 5006 domicilium.
609 4951 761 5007 Licet
788 4952 839 5006 iu
867 4953 1108 5022 lugendis
1145 4952 1450 5022 parentibus
1481 4952 1656 5010 adhuc
1682 4960 1826 5006 esset

225 5053 526 5112 occupatus
549 5085 566 5110 ,
589 5055 876 5114 essentque
903 5045 1242 5101 difficultates
1267 5045 1475 5102 itineris
1504 5047 1684 5100 mulae
1705 5088 1718 5108 ,
1744 5055 1825 5098 ta-

227 5151 354 5190 men
391 5145 721 5206 prmceptum
763 5136 971 5190 Domini
1014 5152 1202 5208 magna
1243 5137 1466 5207 perfecit
1506 5137 1780 5191 alacritate
1807 5179 1824 5202 ,

228 5228 392 5300 idque
439 5229 694 5298 ignorans
746 5230 961 5284 ubinam
1006 5230 1211 5284 futurus
1261 5229 1476 5283 errandi
1521 5229 1658 5283 finis.
1704 5228 1828 5282 Veni

227 5321 374 5374 enim
411 5362 428 5386 ,
460 5322 670 5391 inquit,
704 5337 809 5376 non
836 5321 888 5375 in
921 5321 1057 5375 hanc
1095 5321 1178 5375 vel
1220 5321 1362 5379 illam
1392 5330 1587 5375 terram
1612 5363 1627 5387 ,
1653 5319 1747 5374 sed
1775 5321 1827 5374 in

226 5429 343 5466 eam
367 5430 520 5483 quam
542 5425 886 5468 monstravero
913 5413 1019 5468 tibi.
1055 5413 1410 5467 Nihilominus
1433 5455 1448 5475 ,
1482 5413 1607 5467 licet
1636 5411 1827 5466 indefi-

226 5506 403 5560 nitum
432 5513 577 5560 esset
598 5506 904 5560 mandatum
928 5507 1123 5560 omissa
1147 5505 1438 5560 curiosiore
1471 5505 1827 5574 percontatio-

220 5618 288 5657 ne
314 5597 644 5666 imperatum
673 5596 939 5662 faciebat;
976 5597 1152 5650 fratris
1177 5608 1354 5650 autem
1388 5597 1497 5649 filio
1527 5605 1822 5664 assumpto,

220 5707 375 5747 suam
408 5691 536 5744 hinc
562 5690 948 5745 demonstravit
970 5691 1238 5743 virtutem.
1259 5689 1392 5754 Quia
1414 5690 1555 5743 enim
1573 5688 1822 5758 juvenem

219 5787 370 5838 illum
414 5792 740 5854 acceperat,
785 5783 1144 5854 paulatimque
1197 5797 1307 5836 sua:
1342 5780 1550 5834 virtutis
1598 5780 1829 5835 imitate.

222 5895 335 5934 rem
370 5878 660 5946 eﬂ'ecerat,
691 5893 813 5934 eun:
842 5878 1144 5947 relinquere
1173 5875 1359 5942 noluit,
1391 5873 1482 5930 sed
1516 5872 1822 5944 peregrina-

1249 417 1314 473 ΙΝ
1352 417 1504 474 CAP.
1540 417 1656 474 XV.
1685 417 1926 476 GENES.
1968 417 2196 474 HOMiL.
2231 416 2471 474 XXXVI.

3405 413 3506 470 331

1924 534 2083 589 tionis
2112 533 2316 590 socium
2342 533 2566 605 accepit.
2600 533 2765 602 Quasi
2801 531 3044 589 diceret:
3084 530 3142 588 Si
3179 538 3330 602 pater
3359 573 3376 597 ,
3421 533 3511 601 qui

1925 625 2153 680 infidelis
2183 626 2312 689 fuit,
2342 625 2413 680 ob
2437 641 2591 680 suum
2619 626 2672 679 in
2701 640 2790 680 me
2809 639 3046 679 amorem
3077 622 3295 678 domum
3329 633 3510 692 pater-

1924 733 2047 772 nam
2064 759 2080 784 ,
2106 719 2158 772 in
2188 733 2292 788 qua
2313 718 2420 772 nati
2449 731 2636 772 sumus
2657 727 2708 772 et
2729 716 3059 771 adolevimus
3085 755 3100 778 .
3126 714 3429 782 relinquere
3459 723 3514 767 et

1922 825 2010 866 me
2025 811 2269 866 comitari
2292 810 2475 875 voluit,
2490 810 2702 879 vitaque
2729 809 2780 862 in
2811 807 2982 862 aliena
3007 815 3144 861 terra
3174 804 3386 860 functus
3407 813 3508 859 est:

1924 905 2092 958 multo
2142 903 2310 972 magis
2351 918 2450 972 ego
2488 902 2666 957 fratris
2701 901 2865 978 filium
2895 941 2911 966 ,
2934 898 3186 970 juvenem
3219 897 3396 952 indole
3417 911 3513 951 sua

1925 995 2264 1065 pollicentem
2293 1010 2352 1050 se
2378 994 2630 1064 paulatim
2663 993 2716 1048 in
2749 993 2942 1047 virtute
2968 990 3328 1062 profecturum
3357 1030 3371 1056 ,
3405 1003 3525 1049 non.

1927 1087 2262 1156 permiserim
2290 1085 2378 1140 hic
2404 1085 2652 1155 relinqui.

1847 1239 1863 1252 ,
1887 1230 1897 1245 ε
1993 1181 2051 1236 2.
2077 1179 2208 1248 Quia
2237 1179 2393 1247 igitur
2418 1178 2589 1232 modis
2613 1176 2860 1232 omnibus
2885 1191 3036 1232 suam
3061 1173 3352 1231 ostendens
3381 1172 3515 1228 reli-

1923 1275 2159 1345 gionem,
2190 1274 2348 1328 etiam
2380 1273 2536 1327 istam
2565 1271 3047 1342 peregrinationem
3071 1269 3343 1337 suscepit,
3369 1274 3518 1337 post-

1923 1381 2084 1437 quam
2113 1365 2166 1420 in
2192 1365 2527 1419 Palaestinam
2555 1363 2698 1418 venit
2721 1372 2776 1418 et
2811 1361 3234 1417 Chananzeorum
3264 1359 3399 1414 fines
3428 1357 3514 1411 in-

1925 1458 2082 1512 travit
2117 1499 2132 1523 ,
2180 1456 2426 1526 apparuit
2465 1456 2516 1511 ei
2557 1455 2698 1510 Deus
2725 1495 2743 1520 ,
2786 1454 2972 1509 volens
3019 1451 3137 1522 ejus
3179 1451 3510 1506 alacritatem

1926 1548 2246 1604 confirmare
2269 1556 2324 1602 et
2347 1546 2446 1618 ipsi
2473 1561 2690 1600 manum
2718 1545 2994 1615 porrigere
3011 1585 3025 1607 ,
3050 1542 3181 1596 dicit
3202 1542 3251 1596 ei
3277 1558 3291 1594 :
3316 1539 3512 1594 Semini

1927 1651 2012 1696 tuo
2035 1641 2165 1695 dabo
2195 1649 2381 1695 terram
2403 1640 2532 1692 hanc
2555 1635 2707 1706 (Gen.
2735 1636 2822 1690 12.
2851 1637 2930 1703 7).
2959 1634 3015 1689 Id
3042 1633 3182 1705 quod
3214 1634 3303 1688 ille
3329 1632 3516 1687 admo-

1925 1735 2056 1790 dum
2100 1733 2353 1804 optabat,
2395 1747 2458 1787 ac
2495 1729 2830 1787 desiderabat
2853 1770 2868 1795 ,
2911 1729 3139 1782 filiorum
3171 1740 3365 1797 nempe
3391 1740 3515 1779 suc-

1925 1827 2223 1882 cessionem
2249 1866 2265 1890 ,
2299 1824 2438 1878 istud
2465 1824 2624 1878 etiam
2656 1821 2756 1891 ipsi
2799 1821 2981 1876 statim
3011 1819 3275 1888 promittit
3304 1859 3320 1884 ,
3350 1819 3512 1872 retri-

1927 1919 2099 1975 buens
2129 1917 2289 1972 tantis
2331 1916 2604 1970 laboribus
2631 1912 2954 1969 mercedem.
2984 1911 3247 1978 Quoniam
3277 1909 3422 1964 enim
3448 1923 3518 1964 ex

1925 2020 2111 2065 natura
2144 2008 2308 2080 prolis
2336 2021 2529 2076 expers
2552 2015 2670 2061 erat
2694 2047 2710 2070 ,
2735 2013 2792 2059 et
2816 2011 2946 2058 tetas
2972 2018 3186 2072 quoque
3208 1999 3515 2072 provectior

1925 2117 1995 2157 ne
2040 2101 2140 2156 sibi
2183 2099 2311 2170 quid
2355 2097 2593 2168 polliceri
2649 2105 2830 2166 posset
2878 2091 3517 2162 vetabat,-promissione

1926 2194 2068 2249 Deus
2095 2193 2291 2248 excitat
2320 2199 2374 2246 et
2401 2189 2558 2260 erigit
2597 2188 2853 2243 athletam
2878 2228 2893 2252 ,
2921 2196 3082 2256 atque
3106 2185 3337 2238 alacrem
3359 2187 3518 2252 juve-

1925 2285 2197 2354 nilemque
2215 2291 2365 2353 parat
2383 2281 2641 2336 adversus
2654 2280 2930 2350 sequentia
2947 2278 3260 2332 certamina.
3281 2274 3514 2331 Proinde

1925 2377 2048 2433 vide
2091 2375 2360 2448 quomodo
2399 2383 2519 2444 post
2563 2372 2698 2426 hanc
2723 2369 3134 2442 promissionem
3173 2367 3348 2437 justus
3375 2364 3518 2420 aliud

1925 2482 2199 2528 certamen
2242 2467 2568 2539 aggreditur.
2633 2463 2998 2519 lnvalescente
3057 2461 3200 2515 enim
3249 2457 3392 2513 fame
3421 2465 3520 2522 ,et

1926 2564 2228 2618 Chananzca
2257 2558 2540 2615 sterilitate
2566 2565 2622 2611 et
2649 2554 2909 2625 angustiis
2932 2566 3186 2622 oppressa
3210 2591 3226 2616 ,
3267 2551 3319 2604 in
3345 2548 3518 2620 Egy-

1927 2664 2074 2725 ptum
2110 2651 2424 2715 contendit;
2467 2649 2574 2704 illic
2607 2647 2762 2702 famis
2798 2645 3184 2716 mitigationem
3225 2657 3472 2712 quzcrens
3501 2681 3517 2706 ,

1926 2745 2220 2815 majoribus
2249 2757 2369 2797 sese
2395 2739 2646 2810 periculis
2685 2737 2927 2792 involvit.
2958 2735 3154 2792 Uxoris
3173 2735 3315 2789 enim
3344 2749 3516 2789 venu-

1926 2849 2038 2892 stas
2071 2846 2125 2891 et
2150 2832 2488 2904 pulchritudo
2511 2831 2658 2886 Saree
2687 2838 2914 2883 mortem
2936 2827 2983 2882 ei
3007 2827 3157 2898 quasi
3185 2836 3309 2880 ante
3331 2825 3518 2880 oculos

1928 2931 2100 3002 ponit.
2147 2925 2272 2982 Ideo
2298 2939 2418 2980 cum
2444 2923 2553 2994 jam
2591 2922 2644 2976 in
2678 2920 2925 2976 confiniis
2955 2927 3097 2973 esset
3137 2917 3352 2988 Egypti
3387 2959 3402 2982 ,
3430 2917 3518 2970 in-

1926 3033 2210 3094 gressurus
2252 3019 2306 3072 in
2335 3031 2454 3070 eam
2489 3013 2624 3070 dixit
2648 3011 2801 3068 uxori
2836 3029 2849 3066 :
2884 3011 3006 3066 Scio
3031 3009 3166 3080 quod
3193 3014 3414 3079 formosa
3451 3009 3520 3061 sis

1927 3112 2082 3184 (Gen.
2112 3111 2200 3166 12.
2232 3109 2320 3163 11.
2342 3106 2475 3177 sqq.)
2497 3123 2512 3170 ;
2536 3103 2648 3159 scio
2676 3112 2782 3157 tum
2809 3099 3224 3172 pulchritudinis
3245 3113 3477 3168 spectem
3503 3139 3517 3160 ,

1927 3217 1983 3262 et
2005 3207 2168 3260 timeo
2193 3200 2564 3272 Egyptiorum
2599 3192 3088 3264 intemperantiam.
3116 3191 3171 3246 Si
3199 3205 3326 3260 ergo
3356 3199 3408 3244 te
3438 3190 3517 3243 vi-

1927 3298 2124 3362 derint,
2147 3303 2202 3352 et
2221 3291 2567 3364 cognoverint
2593 3287 2736 3360 quod
2761 3288 2837 3342 uti
2858 3299 3080 3341 uxorem
3111 3293 3163 3339 te
3193 3298 3402 3337 mecum
3425 3280 3525 3336 du-

1929 3405 2046 3444 cam
2081 3405 2095 3442 :
2127 3396 2180 3441 te
2222 3383 2438 3456 quidem
2478 3381 2532 3436 in
2574 3380 2682 3433 vita
2732 3377 3060 3441 servabunt,
3087 3382 3148 3429 ut
3193 3373 3277 3428 sui
3326 3371 3524 3427 furoris

1933 3482 2193 3549 impetum
2219 3490 2384 3546 apere
2406 3472 2749 3543 compleant;
2776 3483 2862 3524 me
2889 3476 3071 3522 autem
3103 3465 3387 3530 occident,
3416 3479 3524 3533 quo

1931 3573 2090 3627 liceat
2117 3570 2198 3626 eis
2221 3571 2338 3624 sine
2365 3566 2517 3621 obice
2541 3578 2693 3618 suam
2714 3561 2988 3616 libidinem
3006 3559 3246 3628 explere,
3277 3567 3338 3612 ut
3364 3571 3524 3612 nemo

1931 3666 2000 3718 sit
2028 3661 2118 3732 qui
2144 3659 2465 3714 adulterium
2510 3668 2696 3710 eorum
2736 3651 2948 3724 prodat.
2998 3649 3095 3704 Dic
3122 3649 3278 3718 igitur
3302 3664 3381 3701 me
3408 3651 3524 3720 fra-

1932 3765 2057 3808 trem
2095 3763 2236 3806 tuum
2283 3765 2406 3804 me.
2452 3747 2589 3801 Vide
2637 3743 3034 3800 adamantinam
3081 3742 3316 3794 animam
3344 3779 3359 3803 ,
3401 3738 3525 3793 vide

1932 3853 2167 3900 mentem
2198 3841 2344 3896 ferro
2371 3838 2715 3894 solidiorem:
2746 3849 2852 3889 non
2891 3832 3122 3887 turbavit
3146 3831 3264 3900 ejus
3289 3839 3526 3886 mentem

1933 3935 2210 3991 calamitas
2238 3975 2253 3998 ,
2283 3945 2444 4003 quam
2493 3925 2874 3998 exepectabat;
2907 3939 3012 3978 non
3044 3923 3312 3994 cogitabat
3352 3935 3528 3991 neque

1933 4027 2146 4084 dicebat
2166 4027 2302 4079 intra
2330 4022 2677 4090 semetipsum
2705 4035 2719 4072 :
2749 4016 2946 4072 ldeone
2972 4015 3182 4085 propria
3224 4012 3406 4068 relicta
3435 4027 3529 4081 pa-

1936 4119 2034 4172 tria
2059 4125 2257 4170 tantam
2280 4129 2389 4184 pra:
2421 4127 2506 4166 me
2537 4110 2627 4164 tuli
2655 4105 3018 4162 obedientiam
3054 4147 3069 4168 ,
3102 4105 3264 4174 inque
3290 4104 3524 4158 alienam

1933 4211 2054 4267 veni
2077 4220 2271 4266 terram
2304 4250 2320 4275 ,
2351 4216 2407 4261 ut
2435 4205 2583 4260 hisce
2603 4202 2759 4257 malis
2793 4199 3096 4268 implicarcr
3122 4197 3145 4251 Ἰ
3172 4196 3360 4251 Nonne
3392 4211 3525 4265 pau-

1936 4306 1988 4360 lo
2014 4312 2167 4358 antea
2195 4298 2442 4372 promisit
2466 4296 2592 4350 tnihi
2619 4313 2632 4350 :
2664 4293 2860 4348 Semini
2890 4302 2976 4344 tuo
3003 4289 3134 4342 dabo
3152 4299 3338 4341 terram
3359 4287 3528 4341 hanc?

1935 4400 2016 4454 En
2045 4407 2100 4452 et
2128 4393 2372 4450 adulterii
2394 4401 2447 4446 et
2475 4390 2661 4444 mortis
2687 4388 2845 4441 timor
2874 4394 3109 4439 mentem
3141 4393 3378 4436 nostram
3397 4396 3528 4434 cou-

1935 4491 2088 4547 cutit.
2111 4487 2216 4544 Sed
2246 4486 2376 4541 nihil
2404 4485 2595 4538 horum
2626 4481 2710 4535 vel
2733 4481 2783 4533 in
2807 4489 3038 4534 mentem
3068 4475 3314 4544 accipere
3340 4473 3528 4544 dignae

1937 4592 2022 4638 tus
2063 4591 2145 4636 est
2179 4597 2192 4633 :
2227 4592 2386 4632 unum
2430 4575 2478 4629 ei
2521 4573 2800 4627 dumtaxat
2849 4585 2993 4624 cura:
3051 4575 3166 4622 erat
3201 4607 3216 4629 ,
3256 4563 3527 4634 quomodo

1937 4674 2189 4728 miseram
2218 4665 2358 4723 hanc
2392 4665 2624 4719 fabulam
2662 4663 2734 4716 ita
2759 4669 2943 4731 ageret
2971 4701 2986 4724 ,
3019 4657 3228 4712 duobus
3255 4655 3376 4707 hinc
3405 4653 3526 4706 inde

1937 4765 2188 4837 periculis
2226 4758 2539 4831 urgentibus
2564 4797 2581 4822 ,
2611 4765 2669 4811 ut
2713 4754 2796 4808 vel
2843 4767 3009 4808 unum
3059 4749 3248 4804 saltem
3287 4745 3524 4815 effugere

1935 4865 2138 4928 posset.

2010 4946 2262 5002 Mirabilis
2288 4945 2386 4999 Dei
2412 4941 2726 5013 providentia
2748 4939 2885 4993 circa
2917 4935 3281 4990 Abraltamum.
3311 4930 3388 4985 0b
3415 4947 3521 4984 mo-

1935 5041 2147 5096 destiam
2157 5037 2407 5106 beneﬁciis
2420 5014 2628 5105 aﬁicitui'
2652 5027 3230 5096 (“mirantum—Igitur
3245 5032 3524 5093 postquam

1936 5135 2052 5203 ipse
2095 5145 2215 5201 qua:
2239 5144 2335 5184 sua
2362 5136 2517 5182 erant
2541 5123 2716 5178 attulit
2755 5163 2772 5189 ,
2819 5119 3042 5175 consilio
3079 5117 3329 5171 videlicet
3365 5126 3526 5170 utens

1934 5235 1988 5280 et
2015 5223 2178 5279 animi
2209 5219 2518 5276 fortitudine
2543 5235 2556 5272 :
2585 5215 2778 5270 mulier
2805 5227 3016 5283 quoque
3045 5210 3369 5280 singularem
3397 5223 3524 5278 erga

1935 5319 2109 5372 virum
2139 5313 2474 5373 affectionem
2509 5317 2565 5364 et
2607 5305 2967 5361 obedientiam
2998 5302 3276 5358 declarans
3317 5315 3520 5370 coope-

1935 5421 2047 5465 rata
2079 5415 2160 5463 est
2183 5447 2198 5469 .
2237 5413 2293 5460 et
2319 5405 2383 5460 iis
2406 5417 2525 5473 quae
2557 5400 2772 5455 decreta
2814 5397 3024 5452 fuerant
3049 5395 3402 5449 ministravit:
3435 5395 3520 5446 ubi

1933 5503 2092 5572 igitur
2117 5497 2259 5568 quod
2285 5511 2438 5551 suum
2467 5501 2584 5548 erat
2611 5491 2950 5562 perfecerunt
2981 5530 2996 5554 ,
3025 5503 3256 5556 cumque
3295 5487 3404 5554 jam
3437 5501 3523 5538 se-

1933 5591 2166 5647 cundum
2229 5588 2516 5642 humanum
2573 5598 2776 5639 morem
2841 5583 3216 5649 desperaretur
3262 5621 3277 5641 ,
3316 5585 3370 5632 et
3407 5575 3520 5630 fere

1932 5699 2096 5755 opere
2139 5682 2401 5752 completa
2460 5677 2648 5732 fuisset
2695 5673 3064 5745 Egyptiorum
3110 5670 3342 5732 malitia,
3393 5675 3518 5720 tunc

1932 5793 2123 5848 magna
2151 5773 2247 5829 Dei
2271 5771 2324 5827 in
2349 5787 2472 5826 eum
2519 5767 2852 5840 providentia
2899 5763 3169 5819 declarata
3199 5768 3301 5814 est.
3333 5757 3518 5811 Mulie-

1933 5885 2047 5926 rem
2074 5867 2216 5925 enim
2247 5865 2387 5921 Deus
2427 5878 2533 5918 non
2577 5861 2749 5916 solum
2779 5875 2806 5913 a
2835 5854 3155 5913 contumelia
3182 5851 3397 5922 eripuit,
3426 5851 3476 5903 in
3495 5875 3511 5892 ο
