4092 6408
525 481 633 542 535

528 596 835 667 dignatione
859 606 951 649 sua
986 593 1037 647 in
1070 608 1249 663 regem
1275 601 1328 646 et
1358 591 1412 646 in
1438 592 1653 645 domum
1678 590 1793 659 ejus
1824 586 2059 641 immissa
2092 626 2106 647 ,

530 694 621 749 sed
646 703 699 748 et
724 691 1076 763 patriarcham
1119 705 1239 745 cum
1281 704 1469 757 magna
1501 688 1664 757 gloria
1691 687 1743 739 in
1775 682 2112 739 Palmstinam

529 802 592 840 ex
616 785 847 856 Egypto
875 783 1051 838 redire
1077 782 1300 835 curavit.
1328 778 1619 833 Considera
1664 772 1934 847 quomodo
1966 771 2115 825 beni-

530 895 667 949 gnus
691 879 947 931 Dominus
971 877 1021 929 in
1055 874 1247 929 mediis
1273 872 1525 926 auxilium
1557 868 1786 923 afferens
1810 862 2119 920 tentationi-

535 972 633 1025 bus
655 1012 669 1033 ,
698 969 951 1024 athletam
982 982 1133 1021 suum
1162 966 1227 1019 ad
1260 964 1475 1019 ferenda
1507 961 1786 1032 sequentia
1826 957 2119 1014 certamina

537 1061 814 1115 fortiorem
842 1058 1045 1114 reddit:
1080 1071 1177 1111 nec
1198 1070 1447 1124 umquam
1480 1068 1600 1107 eum
1623 1066 1720 1107 suo
1757 1048 1998 1105 destituit
2026 1045 2120 1099 ad-

535 1153 779 1222 iumento
799 1193 814 1216 ,
844 1151 940 1206 sed
971 1152 1023 1204 in
1055 1149 1302 1203 omnibus
1329 1164 1438 1201 rem
1468 1149 1536 1200 ita
1561 1151 1860 1213 temperat,
1890 1149 1945 1195 ut
1971 1139 2127 1209 plane

539 1245 719 1299 videat
747 1244 860 1311 ille,
892 1260 949 1297 se
976 1258 1134 1312 parva
1167 1238 1482 1311 proferendo
1505 1280 1519 1302 ,
1547 1236 1752 1305 magnis
1772 1243 1826 1289 et
1855 1233 2047 1287 mirum
2075 1232 2128 1284 in

541 1336 759 1390 modum
789 1335 1014 1403 magnis,
1046 1334 1439 1401 humanamque
1472 1338 1713 1383 naturam
1748 1324 2131 1379 transcenden-

546 1430 686 1482 tibus
709 1426 1060 1480 remunerari.
1099 1423 1287 1477 Vidisti
1316 1423 1442 1489 justi
1471 1418 1819 1489 patientiam?
1847 1414 1977 1470 Vide
2006 1414 2132 1466 item

548 1529 667 1589 post
694 1518 922 1573 reditum
954 1532 1018 1570 ex
1050 1514 1283 1585 Egypto
1312 1512 1623 1567 humilitatis
1645 1506 2061 1579 magnitudinem
2082 1513 2137 1558 et

551 1611 816 1679 insignem
865 1606 1351 1662 mansuetudinem.
1406 1603 1538 1657 Nam
1600 1616 1723 1656 cum
1780 1598 2029 1653 rediisset
2073 1598 2141 1650 ab

554 1699 789 1769 Egypto
819 1740 835 1760 ,
883 1698 1211 1766 multamque
1252 1695 1551 1765 possideret
1589 1690 1941 1746 substantiam
1988 1689 2008 1757 (
2042 1702 2141 1741 nec

554 1791 670 1860 ipse
698 1790 845 1844 solus
870 1830 884 1855 ,
930 1788 1024 1844 sed
1054 1789 1228 1842 fratris
1259 1788 1398 1841 filius
1423 1784 1806 1856 sequebatur),
1836 1781 1956 1835 Non
1978 1780 2145 1850 capie-

555 1882 658 1944 bat,
683 1882 871 1950 inquit,
900 1897 984 1934 eos
1011 1890 1143 1933 terra
1168 1888 1221 1932 ut
1252 1876 1533 1931 habitarent
1556 1875 1706 1927 simul
1734 1872 1886 1944 (Gen.
1917 1872 2008 1926 l5.
2036 1870 2094 1940 6)
2128 1910 2142 1934 ,

556 1973 677 2042 quia
717 1972 911 2025 multas
957 1970 1232 2023 facultates
1273 1966 1540 2021 habebant
1571 1983 1584 2018 :
1617 1964 1757 2019 unde
1800 1974 1854 2018 et
1882 1962 1993 2016 rixa
2031 1970 2147 2016 orta

562 2076 645 2121 est
674 2067 811 2119 inter
834 2074 1075 2133 pastores
1104 2062 1203 2116 Lot
1244 2070 1299 2116 et
1328 2060 1548 2115 Abram.
1578 2058 1729 2111 Tunc
1750 2056 1927 2125 justus
1956 2054 2148 2107 animm

562 2174 674 2212 sua:
706 2155 1169 2210 mansuetudinem
1208 2163 1263 2207 et
1308 2152 1618 2222 praeclaram
1652 2147 1958 2218 patientiam
1992 2160 2149 2199 mon-

563 2257 759 2311 strans,
789 2254 977 2300 vocato
1002 2245 1103 2299 Lot
1125 2244 1258 2297 dixit
1296 2261 1309 2297 :
1362 2239 1445 2294 Ne
1470 2241 1532 2294 sit
1558 2240 1672 2292 rixa
1696 2239 1829 2291 inter
1854 2253 1933 2290 me
1969 2246 2017 2290 et
2056 2244 2105 2289 te
2136 2275 2151 2298 ,

564 2350 609 2392 et
638 2340 765 2391 inter
796 2348 1020 2407 pastores
1051 2352 1186 2389 meos
1230 2344 1278 2388 et
1324 2343 1549 2403 pastores
1589 2342 1700 2385 tuos
1731 2371 1748 2397 ,
1777 2330 1896 2400 quia
1928 2328 2156 2381 homines

567 2434 752 2499 fratres
787 2444 961 2481 sumus
992 2443 1083 2479 nos
1119 2426 1137 2498 (
1165 2424 1299 2477 Ibid.
1331 2442 1377 2477 υ.
1403 2424 1435 2478 8
1467 2424 1523 2486 >;
1552 2423 1707 2491 quasi
1734 2420 1937 2475 diceret
1969 2436 1982 2472 :
2015 2416 2157 2471 Nihil

562 2538 701 2592 pace
753 2521 1089 2591 prmstantius
1122 2535 1137 2584 ;
1171 2518 1302 2571 nihil
1352 2514 1695 2571 contentione
1744 2513 2054 2567 damnosius
2105 2520 2161 2566 et

558 2612 803 2683 gravius.
856 2611 921 2668 Ut
963 2611 1121 2681 igitur
1165 2625 1195 2663 e
1227 2608 1405 2663 medio
1428 2608 1682 2661 tollamus
1711 2620 1926 2660 omnem
1952 2602 2160 2658 rixandi

572 2708 872 2771 materiam,
894 2705 1030 2774 elige
1058 2719 1213 2773 quam
1245 2701 1479 2756 volueris
1508 2700 1803 2769 regionem,
1823 2708 1876 2752 et
1901 2696 2161 2765 reliquam

572 2794 699 2852 niihi
732 2797 1003 2865 relinque,
1055 2804 1113 2849 ut
1142 2809 1170 2847 a
1200 2795 1367 2846 litium
1397 2800 1450 2846 et
1476 2790 1878 2846 contentionum
1922 2786 2164 2841 molestia

577 2891 743 2942 simus
773 2888 952 2942 alieni.
990 2886 1173 2942 Vidisti
1201 2885 1299 2939 viri
1336 2883 1625 2939 virtutem?
1652 2882 1823 2937 CeSsit
1846 2879 2047 2950 juniori
2069 2894 2167 2950 po-

575 2981 772 3034 tiorum
805 2978 1105 3043 electione,
1136 2976 1251 3045 ipse
1295 2983 1580 3028 cootentus
1624 2972 1811 3025 viliore
1860 2980 2023 3024 terra.
2062 2968 2168 3023 Sed

576 3072 697 3127 vide
730 3071 815 3125 hic
842 3072 1001 3124 etiam
1029 3077 1281 3139 quantam
1312 3065 1613 3122 mercedem
1643 3073 1829 3118 nactus
1859 3064 1928 3117 sit
1970 3076 2067 3132 pro
2106 3062 2169 3117 iis

579 3164 691 3217 suis
718 3162 926 3216 officiis.
962 3160 1151 3215 Statim
1184 3160 1325 3213 enim
1351 3158 1688 3226 separatione
1715 3171 1743 3207 a
1775 3154 1875 3209 Lot
1899 3155 2032 3208 facta
2054 3195 2068 3220 ,
2096 3155 2172 3209 ait

582 3255 656 3309 illi
706 3255 876 3309 Deus:
914 3253 1136 3307 Elevatis
1184 3252 1345 3305 oculis
1374 3252 1472 3303 tuis
1510 3250 1623 3302 vide
1661 3264 1856 3301 omnem
1899 3257 2084 3299 terram
2111 3246 2175 3299 ab

584 3349 721 3402 omni
745 3357 887 3417 parte
909 3363 927 3399 :
952 3346 1070 3416 quia
1110 3361 1309 3399 omnem
1338 3354 1522 3397 terram
1548 3383 1564 3408 ,
1597 3359 1750 3409 quant
1780 3352 1833 3394 tu
1862 3340 1999 3393 uides
2032 3380 2047 3406 ,
2088 3338 2177 3392 tibi

585 3438 717 3491 dabo
748 3447 791 3491 et
818 3436 1000 3491 semini
1040 3444 1125 3489 tuo
1172 3450 1331 3503 usque
1368 3434 1421 3487 in
1458 3432 1697 3487 sa‘culum
1742 3430 1761 3502 (
1791 3428 1930 3483 Ibid.
1963 3447 2012 3485 v.
2046 3429 2111 3483 14
2136 3431 2175 3498 ).

586 3530 877 3583 Considera
916 3529 1130 3598 quantis
1162 3523 1436 3580 beneﬁciis
1467 3523 1662 3578 merito
1693 3520 1927 3576 afficitur
1960 3520 2028 3575 ob
2057 3534 2178 3574 mo—

586 3620 811 3676 destiam
842 3661 857 3683 ,
884 3634 1047 3688 quam
1071 3632 1196 3687 erga
1223 3616 1401 3670 fratris
1426 3615 1592 3668 filium
1614 3613 1909 3668 declaravit
1939 3628 1952 3664 :
1981 3621 2037 3666 et
2066 3612 2181 3681 ipse

588 3710 803 3780 quidem
834 3720 891 3763 ut
916 3708 1090 3779 parvis
1131 3707 1291 3762 cessit
1320 3746 1335 3772 ,
1364 3704 1533 3758 multo
1575 3704 1777 3772 majora
1818 3711 2182 3771 consequutus

590 3813 676 3857 est
710 3820 722 3855 :
758 3803 845 3856 ille
871 3809 1047 3855 autem
1081 3800 1168 3870 qui
1201 3798 1460 3868 potiorem
1495 3804 1698 3865 partem
1725 3795 2041 3865 delegerat,
2075 3807 2182 3847 non

594 3897 766 3950 multo
811 3905 932 3965 post
969 3895 1020 3947 in
1068 3892 1303 3963 pericula
1348 3890 1566 3944 incidit:
1596 3900 1645 3944 et
1694 3904 1799 3943 non
1847 3888 2020 3943 solum
2051 3885 2183 3941 nihil

595 3989 861 4043 commodi
893 3988 959 4041 ab
988 3988 1253 4041 electione
1274 3985 1510 4053 accepit,
1542 3982 1637 4039 sed
1660 3992 1713 4038 ct
1741 3983 1983 4052 captivus
2004 3989 2059 4036 et
2084 3980 2183 4035 do—

598 4097 687 4135 mo
717 4091 875 4149 atque
902 4079 1019 4133 foco
1050 4086 1271 4148 repente
1298 4076 1455 4131 simul
1503 4075 1742 4146 privatus
1763 4082 1846 4129 est
1877 4090 1891 4138 ;
1920 4074 2188 4143 rebusque

600 4173 727 4242 ipsis
757 4171 940 4226 didicit
972 4186 1129 4242 quam
1160 4170 1350 4223 eximia
1375 4168 1543 4223 virtus
1572 4166 1718 4235 justi,
1751 4174 1805 4221 et
1837 4166 1948 4234 ipse
1970 4164 2190 4219 edoctus

598 4274 683 4319 est
726 4282 793 4319 ne
840 4273 1020 4333 postea
1066 4262 1193 4333 quid
1240 4275 1487 4331 umquam
1536 4261 1640 4313 tale
1697 4267 2003 4312 attentarct.
2057 4255 2189 4311 Nam

605 4365 883 4425 postquam
908 4354 1154 4410 Sodomis
1195 4354 1437 4409 habitare
1467 4353 1628 4421 erepit
1658 4394 1671 4418 ,
1697 4351 1874 4408 statim
1903 4350 2192 4405 excitatum

603 4455 686 4503 est
710 4463 871 4517 grave
902 4447 1100 4502 bcllmn
1131 4486 1145 4510 ,
1170 4456 1225 4501 et
1249 4447 1545 4500 vicinarum
1567 4444 1803 4514 gentium
1836 4458 1989 4511 reges
2021 4444 2193 4497 insur-

606 4547 859 4595 rexerunt
883 4547 936 4593 et
958 4554 1172 4593 omnem
1201 4538 1476 4608 regionem
1506 4536 1661 4589 simul
1693 4534 2000 4604 depopulati
2032 4544 2189 4598 sunt;

604 4631 1008 4703 gigantibusque
1036 4629 1227 4683 occisis
1261 4670 1276 4695 ,
1303 4637 1357 4681 et
1396 4626 1703 4681 Amalecitis
1727 4626 1964 4695 expulsis
1983 4667 1998 4691 ,
2034 4623 2196 4679 etiam

606 4724 964 4780 Sodomorum
994 4737 1171 4789 regem
1194 4730 1249 4775 et
1268 4720 1581 4777 Gomorrhze
1607 4718 1657 4772 in
1682 4717 1858 4787 fugam
1890 4724 2198 4780 verterunt,

613 4814 883 4869 montanis
911 4812 1160 4867 omnibus
1186 4811 1480 4879 occupatis,
1512 4817 1567 4863 et
1594 4809 1831 4878 equitatu
1856 4808 1996 4877 regis
2023 4805 2200 4861 Sodo-

611 4920 818 4959 morum
851 4912 1038 4957 avecto
1063 4917 1165 4956 una
1198 4916 1316 4955 cum
1349 4898 1695 4969 Lotcaptivo,
1720 4898 2055 4962 mulieribus,
2089 4911 2205 4952 om-

614 4997 878 5065 nibusquc
906 4996 1151 5056 sarcinis,
1176 4993 1441 5048 abierunt.

686 5090 739 5145 5.
772 5088 878 5145 Sed
930 5088 1049 5143 vide
1098 5088 1289 5142 iterum
1344 5086 1611 5155 ingentem
1657 5082 1747 5138 Dei
1793 5082 2203 5152 providentiam.

617 5182 817 5238 Volens
843 5181 984 5235 enim
1012 5180 1169 5235 simul
1196 5189 1250 5233 et
1281 5178 1380 5232 Lot
1415 5192 1445 5231 a
1475 5174 1783 5245 captivitate
1823 5173 2048 5228 liberum
2081 5171 2207 5226 red—

617 5281 749 5336 dere
773 5320 789 5344 ,
817 5286 871 5333 et
897 5274 1213 5346 patriarcha:
1237 5274 1456 5344 gloriam
1487 5270 1653 5341 magis
1680 5269 1968 5332 illustrare,
2012 5264 2211 5320 excitat

616 5375 818 5443 justum
847 5380 904 5425 ut
935 5368 1111 5423 fratris
1138 5367 1248 5420 filio
1277 5372 1573 5419 succurrat.
1619 5360 1751 5416 Nam
1784 5369 1843 5412 ut
1879 5357 2063 5411 didicit
2092 5370 2212 5425 qua:

622 5465 761 5519 facta
780 5470 956 5525 erant,
978 5475 1097 5516 cum
1127 5457 1426 5513 vernaculis
1452 5455 1564 5510 suis
1595 5453 1795 5521 impetu
1818 5450 1959 5505 facto
1986 5448 2038 5505 in
2059 5460 2214 5517 reges

625 5555 749 5610 illos
771 5595 787 5621 ,
816 5553 935 5608 illos
964 5550 1118 5606 facile
1147 5548 1479 5618 proﬂigavit,
1511 5553 1564 5600 et
1602 5544 1705 5599 Lot
1737 5552 1897 5611 atque
1939 5540 2212 5602 mulieres,

627 5655 683 5702 et
708 5661 923 5701 omnem
962 5643 1255 5714 equitatum
1287 5641 1426 5710 regis
1457 5637 1666 5693 reduxit
1695 5653 1709 5691 :
1749 5633 1939 5704 quibus
1971 5640 2075 5686 tam
2106 5630 2218 5685 cla-

631 5740 707 5793 ris
731 5736 1036 5807 triumphis,
1067 5734 1314 5788 omnibus
1345 5729 1603 5801 patefacta
1634 5738 1716 5784 est
1746 5726 1934 5796 ingens
1964 5724 2059 5779 Dei
2090 5737 2217 5791 erga

636 5829 786 5883 illum
808 5825 1180 5883 benevolentia
1200 5866 1216 5891 ,
1243 5833 1297 5877 et
1321 5822 1494 5891 ipsum
1524 5835 1630 5874 non
1674 5832 1769 5873 sua
1795 5817 1992 5871 virtute
2017 5821 2218 5868 tantam

639 5928 868 5989 stragem
910 5917 1134 5984 fecisse,
1186 5913 1281 5971 sed
1324 5926 1553 5981 superna
1583 5911 1775 5975 virtute
1817 5907 2100 5965 munitum.
2157 5902 2222 5957 Et

1247 481 1301 535 S.
1344 478 1621 534 JOANNIS
1659 470 2136 532 CllRYSOSTOMl
2176 467 2491 525 ARCllIEP.
2532 455 3063 519 CONSTANTINOP.

2222 583 2335 651 ipse
2363 592 2573 649 quoque
2599 572 2895 644 patriarcha
2920 569 3048 637 ipsis
3073 563 3228 619 rebus
3253 558 3551 614 enitebatur
3576 598 3589 619 ,
3620 566 3679 608 ut
3705 558 3805 609 δυο

2220 672 2435 727 domitis
2464 668 2711 721 omnibus
2738 665 2927 717 doctor
2962 658 3123 713 divini
3153 654 3328 708 cultus
3361 654 3512 704 fieret
3535 688 3550 709 ,
3595 661 3805 700 necnon

2226 762 2408 818 verbis
2434 761 2539 816 illis
2558 758 2708 829 queis
2734 770 2911 825 regem
2938 748 3326 818 alloquebatur.
3378 742 3509 796 Nam
3537 753 3658 809 quia
3682 750 3807 789 cum

2225 855 2547 908 occurrisset
2590 864 2687 904 rex
2707 889 2724 913 ,
2764 854 2819 901 et
2856 859 2952 914 pro
2981 840 3138 897 rebus
3165 836 3329 909 gestis
3363 832 3560 903 gratias
3587 829 3808 899 egisset.

2228 961 2291 1001 ac
2315 958 2529 998 omnem
2550 940 2843 1011 equitatum
2869 935 2918 990 ei
2945 950 3002 990 se
3027 933 3343 988 donaturum
3369 926 3610 988 diceret,
3640 918 3814 974 homi-

2230 1050 2431 1103 nesque
2457 1032 2729 1087 dumtaxat
2754 1036 3092 1097 accepturum
3123 1041 3137 1077 :
3169 1021 3289 1075 vide
3318 1020 3510 1073 iterum
3532 1015 3662 1084 justi
3688 1026 3811 1065 ma-

2230 1102 2631 1197 gnanimitatem
2655 1163 2671 1188 ,
2708 1117 2975 1190 quomodo
3018 1111 3368 1184 philosophiae
3406 1123 3517 1162 sua).
3543 1102 3815 1174 specimen

2235 1222 2451 1275 exhibet
2474 1258 2490 1282 ,
2534 1214 2823 1271 ostendens
2860 1225 2920 1265 se
2957 1208 3118 1263 donis
3145 1202 3447 1273 hujusmodi
3484 1198 3817 1268 superiorem

2238 1329 2394 1377 esse,
2442 1323 2671 1379 eumque
2711 1305 2776 1359 ad
2807 1318 2947 1357 verae
2996 1297 3266 1368 religionis
3311 1294 3552 1348 notitiam
3594 1287 3814 1344 inducit.

2240 1407 2356 1462 Non
2408 1404 2551 1460 enim
2596 1398 2907 1469 simpliciter
2948 1392 3078 1449 dicit
3110 1409 3123 1444 :
3154 1390 3267 1444 Non
3306 1386 3478 1457 patiar
3519 1392 3577 1437 ut
3624 1378 3825 1449 aliquid

3696 443 3801 497 336

2242 1508 2451 1552 tuorum
2479 1505 2756 1548 munerum
2778 1487 2844 1541 ad
2863 1500 2948 1540 me
2968 1482 3167 1547 redeat,
3196 1496 3299 1533 non
3331 1474 3560 1530 mihitali
3578 1470 3830 1526 mercede

2244 1606 2378 1660 opus
2397 1598 2477 1643 est
2506 1604 2521 1640 :
2549 1584 2643 1640 sed
2663 1580 2832 1652 quid?
2861 1575 3145 1632 Extendam
3165 1587 3372 1625 manum
3397 1582 3559 1620 meum
3578 1565 3643 1617 ad
3662 1561 3830 1615 Deum

2247 1680 2584 1742 altissimum,
2615 1673 2766 1745 quasi
2796 1671 2995 1726 docens
3020 1680 3141 1721 eum
3171 1682 3185 1718 :
3210 1662 3325 1717 Non
3355 1666 3481 1715 sunt
3505 1656 3580 1710 dii
3603 1654 3693 1725 qui
3718 1669 3749 1705 a
3780 1662 3833 1705 te

2248 1774 2497 1827 coluntur
2518 1808 2534 1834 ,
2583 1743 2677 1821 sed
2728 1765 2865 1833 ligna
2906 1770 2959 1814 et
3002 1755 3206 1826 lapides
3237 1770 3252 1805 :
3282 1750 3377 1805 sed
3416 1762 3553 1802 unus
3579 1755 3663 1800 est
3694 1743 3838 1796 Deus

2250 1876 2411 1932 super
2443 1859 2651 1921 omnia,
2692 1853 2789 1919 Qui
2822 1850 3006 1905 creavit
3031 1846 3207 1901 caelum
3238 1852 3283 1896 et
3322 1853 3507 1894 terram
3533 1852 3551 1889 :
3576 1834 3711 1905 quod
3733 1847 3841 1885 non

2253 1931 2499 2021 accipiam
2522 1966 2555 2001 a
2585 1957 2631 2001 te
2672 1945 2735 1999 de
2776 1940 3003 2013 funiculo
3041 1952 3197 2007 usque
3240 1933 3307 1986 ad
3348 1931 3703 2001 sphwroterem
3730 1939 3751 1977 :
3782 1931 3843 1975 ut

2256 2063 2323 2101 ne
2353 2043 2625 2100 existimes
2670 2053 2757 2092 me
2802 2036 3013 2089 illorum
3052 2030 3216 2101 gratia
3243 2026 3498 2079 ultionem
3525 2017 3840 2087 sumpsisse,

2257 2150 2311 2195 et
2338 2155 2405 2193 ne
2431 2138 2607 2191 dicere
2635 2131 2806 2203 possis
2833 2139 2884 2183 te
2912 2125 3041 2180 mihi
3084 2119 3419 2176 abundantia:
3449 2114 3615 2168 fuisse
3654 2118 3843 2163 aucto-

2260 2250 2394 2289 rem.
2422 2230 2552 2286 Nam
2576 2228 2663 2298 qui
2688 2240 2771 2278 me
2791 2218 3115 2289 triumphare
3141 2224 3195 2269 et
3214 2215 3427 2267 vincere
3448 2205 3669 2267 curavit,
3702 2201 3845 2256 idem

2261 2335 2316 2381 et
2344 2323 2554 2379 divitias
2593 2292 2810 2373 abunde
2855 2311 2985 2366 mihi
3034 2306 3354 2377 suppeditat.
3392 2299 3523 2354 Vide
3551 2292 3849 2366 quomodo,

2263 2420 2306 2471 si
2357 2413 2570 2486 quidem
2626 2408 2830 2463 lucrum
2878 2402 3053 2457 facere
3095 2398 3351 2451 voluisset
3392 2406 3524 2455 rex,
3572 2394 3850 2440 auctorem

2265 2520 2554 2579 agnoscere
2592 2500 2830 2557 victoriae
2874 2513 2941 2552 ex
2983 2490 3299 2565 patriarclue
3347 2485 3524 2539 verbis
3568 2479 3851 2550 potuisset.

2268 2576 2568 2654 Ducebatur
2612 2594 2755 2649 enim
2805 2590 3026 2660 posthac
3053 2599 3157 2638 non
3188 2578 3456 2635 fidcndum
3482 2576 3715 2645 propria:
3743 2582 3857 2621 sua:

2271 2691 2470 2754 virtuti,
2486 2687 2576 2741 sed
2594 2681 2984 2755 agnoscendum
3006 2684 3278 2729 auctorem
3301 2666 3561 2731 omnium,
3581 2658 3861 2717 ridendos-

2268 2797 2373 2853 que
2401 2754 2734 2835 manufactos
2759 2773 2922 2833 deos,
2953 2778 3007 2823 et
3031 2764 3313 2821 colendum
3345 2761 3508 2813 Deum
3534 2754 3624 2825 qui
3653 2761 3737 2806 est
3764 2765 3860 2803 su-

2274 2840 2369 2936 per
2413 2861 2633 2925 omnia,
2686 2859 2774 2929 qui
2822 2855 2998 2910 omnia
3043 2848 3316 2911 condidit,
3372 2842 3461 2913 qui
3500 2850 3556 2895 et
3598 2840 3861 2892 bonorum

2273 2957 2509 3013 onmiurn
2543 2954 2663 3008 fons
2692 2960 2795 3005 est.
2846 2947 2915 3002 Et
2949 2947 2999 2999 in
3031 2955 3239 2997 summa
3262 2936 3499 2992 discebat
3525 2947 3591 2985 ex
3613 2928 3866 2983 omnibus

2275 3047 2593 3120 patriarcha:
2618 3044 2890 3097 virtutem.
2941 3036 3072 3091 Nam
3110 3048 3178 3087 ne
3210 3029 3541 3085 existimaret
3568 3034 3736 3089 ipsum
3772 3032 3869 3086 per

2276 3138 2635 3206 arrogantiam
2666 3144 2720 3189 et
2758 3133 2947 3187 fastum
2976 3128 3098 3182 data
3129 3131 3471 3179 contemnere
3494 3156 3509 3181 ,
3556 3113 3753 3167 idcirco
3782 3109 3869 3162 di-

2279 3234 2352 3286 cit
2384 3205 2542 3300 :Ego
2586 3225 2797 3296 quidem
2848 3220 2980 3276 nihil
3024 3230 3231 3272 sumam
3268 3230 3283 3267 :
3316 3223 3489 3278 neque
3536 3205 3680 3261 enim
3729 3215 3870 3270 Opus

2283 3323 2487 3386 habeo,
2532 3331 2705 3385 neque
2749 3313 2961 3382 indigeo
3004 3319 3063 3362 ut
3092 3321 3225 3360 mea:
3254 3301 3532 3357 facultates
3578 3303 3875 3363 augeantur

2283 3415 2350 3469 ab
2374 3413 2490 3467 aliis
2520 3428 2532 3462 :
2565 3410 2645 3464 eis
2685 3417 2860 3460 autem
2888 3402 2975 3471 qui
3003 3397 3359 3469 periculorum
3388 3402 3624 3443 meorum
3655 3383 3877 3437 fuerunt

2284 3508 2435 3567 socii,
2467 3503 2768 3574 permittam
2798 3507 2855 3550 ut
2883 3510 3006 3548 suas
3030 3490 3299 3561 portiones
3317 3482 3598 3552 accipiant,
3622 3492 3729 3547 quo
3753 3490 3880 3544 par-

2289 3614 2404 3651 vam
2458 3596 2689 3665 aliquam
2735 3589 2979 3644 laborum
3025 3579 3445 3637 consolationem
3487 3570 3737 3625 habeant.
3803 3566 3879 3619 lta

2287 3690 2641 3746 Sodomorum
2674 3682 2783 3751 regi
2817 3673 3306 3746 responditjustus.

2362 3779 2686 3847 Sacriﬁcium
2724 3769 3056 3828 Melclrisedec
3088 3768 3259 3836 refert,
3293 3772 3338 3816 et
3368 3768 3420 3813 ut
3446 3768 3621 3829 typum
3665 3751 3882 3807 Eucha-

2290 3874 2445 3928 ristia:
2475 3868 2732 3941 proponit.
2760 3895 2829 3904 —
2877 3863 3162 3929 Postquam
3194 3867 3372 3908 autem
3412 3859 3467 3904 et
3503 3842 3885 3905 Melchisedec,

2294 3982 2386 4021 rex
2413 3934 2589 4019 Salem
2615 4002 2630 4026 ,
2681 3970 2843 4028 panes
2872 3964 2925 4009 et
2953 3953 3135 4005 vinum
3175 3946 3441 4006 adferens,
3472 3956 3533 3994 ea
3566 3938 3663 4007 ipsi
3693 3934 3890 3989 obtulit

2296 4055 2462 4129 (Erat
2501 4024 2632 4107 enim
2660 4024 2893 4104 sacerdos
2912 4085 2925 4107 ,
2975 4041 3143 4110 inquit
3170 4080 3183 4103 ,
3216 4036 3309 4089 Dei
3343 4030 3577 4086 altissimi
3604 4024 3759 4099 [Gem
3796 4024 3885 4076 tl».

2298 4118 2466 4220 l8]),
2514 4145 2581 4199 ab
2617 4144 2705 4197 illo
2752 4138 2959 4208 accepit
3002 4134 3197 4189 oblata.
3247 4126 3445 4183 Deinde
3474 4132 3531 4176 ut
3572 4118 3894 4191 rependeret

2300 4211 2728 4295 benedictionem
2754 4274 2768 4299 ,
2810 4244 2967 4300 quam
2993 4226 3060 4280 ab
3085 4239 3149 4279 eo
3189 4226 3504 4288 acceperat,
3537 4223 3591 4267 et
3618 4211 3894 4280 glorifica-

2301 4331 2499 4385 tionem
2523 4327 2575 4381 in
2604 4326 2768 4379 Deum
2800 4322 3038 4390 (dixerat
3065 4314 3229 4378 enim,
3249 4307 3546 4363 Benedictus
3573 4302 3765 4354 Abram
3788 4298 3895 4350 Deo

2302 4423 2550 4478 altissimo
2570 4462 2585 4487 ,
2628 4428 2673 4473 et
2703 4414 2987 4470 benedictus
3016 4408 3151 4462 Deus
3180 4399 3497 4474 quidradidit
3523 4395 3760 4449 inimicos
3786 4401 3898 4444 tuos

2303 4521 2356 4574 in
2381 4531 2561 4571 manus
2592 4508 2726 4578 tuas)
2750 4549 2764 4573 ,
2809 4506 3044 4561 decimas
3069 4500 3115 4553 ei
3148 4496 3295 4552 dedit
3321 4492 3389 4547 de
3428 4487 3683 4545 omnibus
3710 4482 3898 4552 spoliis

2305 4626 2425 4682 qua:
2447 4575 2718 4662 attulerat.
2737 4598 2926 4655 Vidisti
2952 4600 3203 4665 quantam
3226 4588 3474 4657 pietatem
3503 4589 3557 4633 et
3584 4575 3902 4645 religionem

2310 4669 2361 4758 in
2394 4699 2641 4757 omnibus
2686 4708 2797 4764 pra:
2826 4706 2884 4744 se
2916 4687 3046 4742 ferat
3078 4685 3285 4754 justus,
3335 4685 3392 4732 et
3418 4669 3691 4745 quomodo
3720 4683 3750 4719 a
3779 4680 3903 4734 rege

2308 4794 2663 4852 Sodomorum
2691 4802 2721 4840 a
2766 4780 3001 4838 funiculo
3032 4790 3200 4846 usque
3240 4771 3307 4824 ad
3347 4766 3732 4837 sphzerolerem
3762 4758 3905 4810 acci-

2315 4901 2441 4957 pere
2471 4882 2598 4938 nihil
2621 4878 2804 4942 voluit,
2827 4870 3032 4940 accepit
3060 4876 3234 4921 autem
3265 4877 3327 4917 ea
3347 4874 3466 4929 quae
3495 4873 3524 4909 a
3550 4848 3907 4907 Melchisedcc

2314 4989 2437 5034 sunt
2474 4976 2648 5031 oblata
2669 5014 2685 5038 ,
2713 4968 3015 5025 retribuens
3042 4970 3095 5016 et
3122 4975 3215 5015 sua
3238 4957 3261 5010 ?
3308 4953 3502 5024 quibus
3526 4946 3782 5002 nimirum
3814 4955 3910 4996 nos

2315 5070 2533 5133 docuit,
2564 5062 2862 5119 habendum
2889 5059 3118 5126 aliquem
3150 5050 3415 5106 delectum
3442 5086 3457 5110 ,
3489 5052 3544 5096 et
3574 5033 3682 5093 non
3708 5037 3910 5107 passim

2317 5158 2386 5213 ab
2409 5154 2658 5211 omnibus
2678 5150 2817 5205 dona
2844 5141 3173 5214 accipienda.
3205 5137 3338 5192 Nam
3365 5129 3608 5203 quamvis
3630 5123 3909 5181 Sodomita

2320 5251 2411 5304 ille
2440 5247 2618 5301 oblato
2651 5244 2794 5297 dono
2831 5236 2964 5309 grati
2992 5233 3152 5289 animi
3195 5231 3340 5298 signa
3369 5225 3555 5288 daret,
3586 5230 3705 5275 erat
3733 5229 3917 5270 tamen

2319 5340 2553 5412 alioquin
2590 5333 2893 5392 incredulus
2919 5372 2933 5394 ,
2966 5338 3021 5384 et
3049 5325 3381 5407 institutione
3401 5314 3564 5373 multa
3595 5310 3873 5381 indigebat
3900 5324 3913 5360 :

2324 5433 2545 5508 proinde
2592 5426 2893 5501 patriarcha
2936 5422 3074 5477 dona
3120 5405 3331 5487 quidem
3373 5405 3653 5477 despexit,
3695 5414 3916 5457 omnem

2324 5538 2500 5582 autem
2531 5536 2713 5579 curam
2742 5517 3015 5581 adhibuit,
3045 5523 3219 5579 etgper
3248 5521 3310 5560 ea
3338 5518 3456 5573 qua:
3484 5499 3731 5567 accipere
3759 5507 3921 5547 recu-

2325 5619 2480 5684 savit,
2522 5623 2577 5671 et
2625 5628 2718 5684 per
2761 5625 2822 5665 ea
2852 5623 2971 5678 qua:
3006 5602 3167 5667 dixit,
3201 5607 3259 5652 ut
3280 5597 3423 5651 illum
3452 5592 3519 5647 ad
3552 5592 3807 5659 pietatem
3839 5585 3923 5638 iu-

2326 5682 2565 5766 dttceret.
2615 5682 3063 5760 A.Mclcliisedcc
3105 5703 3283 5748 autem
3319 5688 3439 5759 jure
3481 5700 3545 5738 ac
3592 5682 3790 5736 merito
3837 5691 3925 5730 hc-

2328 5803 2468 5873 cepit
2501 5820 2515 5857 :
2549 5799 2645 5854 viri
2686 5797 2827 5852 enim
2855 5793 3104 5846 virtutem
3137 5785 3313 5839 divina
3341 5779 3612 5847 Scriptura
3644 5769 3922 5832 indicavit,

2332 5898 2552 5960 dicens;
2598 5892 2726 5947 Erat
2786 5897 2952 5941 autem
3017 5878 3248 5937 sacerdos
3307 5875 3399 5928 Dei
3460 5867 3718 5925 altissimi.
3778 5862 3927 5920 Alias
