4092 6408
253 309 367 364 335

258 426 480 491 ποίηκε.
518 426 715 480 Σκόπει
770 430 886 492 πῶς
925 431 1126 500 μεταξύ
1170 435 1278 488 τῶν
1322 439 1642 509 πειρασμῶν
1666 440 1764 510 τὴν
1803 443 1931 512 παρ’

258 513 430 606 αὐτοῦ
461 515 637 606 ῥοπὴν
665 517 934 606 εἰσφέρων
957 523 984 573 6
1015 523 1393 594 φιλάνθρωπος
1437 528 1714 597 Δεσπότης
1747 529 1931 600 ἀκμά-
1980 575 2015 606 η

256 600 424 664 ζοντα
443 603 535 656 τὸν
556 603 794 675 ἀθλητήν
819 606 954 677 πρὸς
965 610 1091 672 τοὺς
1107 609 1231 681 ἐξῆς
1257 613 1412 666 πάλιν
1445 614 1662 682 ἀγῶνας
1683 616 1928 686 ἀπεργά-

257 688 435 754 ζεται,
453 691 554 744 οὐκ
576 693 755 759 ἀφιεὶς
789 693 1112 766 ἐρημονιτῆς
1142 699 1331 752 ἐαυτοῦ
1368 701 1643 771 βοηθείας,
1681 704 1816 756 ἀλλὰ
1844 704 1932 757 διὰ

259 776 482 829 πάντων
510 779 760 850 φανερῶς
789 783 1089 854 οἰκονομῶν
1120 785 1266 856 αὐτῷ
1297 788 1627 847 δείκνυσθαι.
1653 791 1733 843 ὅτι
1762 792 1933 860 μικρά

259 865 532 936 εἰσφέρων
569 866 750 930 αὐτὸς,
811 871 1060 938 μεγάλων
1096 873 1187 926 καὶ
1235 875 1436 946 σφόδρα
1477 876 1726 945 μεγάλων
1751 879 1932 943 ἀξιοῦ-

258 969 350 1004 ται
371 954 464 1005 καὶ
493 954 764 1008 νικώντων
792 957 890 1028 τὴν
940 959 1283 1031 ἀνθρωπίνην
1336 963 1514 1030 φύσιν.
1571 963 1721 1028 Εἶδες
1757 966 1934 1019 τοίνυν

257 1039 354 1092 τοῦ
389 1040 596 1094 δικαίου
617 1041 713 1113 τὴν
738 1043 1044 1115 ὐπομονήν;
1071 1048 1214 1119 Ὅρα
1238 1049 1400 1104 πάλιν
1427 1052 1564 1122 μετὰ
1600 1053 1700 1124 τὴν
1723 1053 1932 1106 ἐκεῖθεν

257 1127 520 1180 ἐπάνοδον
542 1131 637 1199 τῆς
665 1134 1161 1205 ταπεινοφροσύνης
1190 1136 1353 1190 αὐτοῦ
1372 1139 1432 1190 :6
1467 1139 1691 1209 μέγεθος
1715 1141 1808 1194 καὶ
1834 1141 1934 1210 τὴν

258 1215 554 1268 ἐπιείκειαν
618 1217 714 1288 τὴν
765 1219 982 1289 πολλήν.
1049 1223 1263 1295 Ἐπειδὴ
1319 1226 1426 1298 γάρ
1473 1228 1771 1297 ἐπανῆλθεν
1827 1228 1935 1281 ἀπὸ

258 1302 360 1371 τῆς
427 1302 702 1370 Αἰγύπτου
778 1307 1041 1376 εὐπορίαν
1109 1310 1307 1383 πολλὴν
1387 1315 1726 1385 κτησάμενος
1793 1316 1933 1378 (οὐκ

258 1388 422 1450 αὐτὸς
475 1389 530 1441 δὲ
587 1391 765 1460 μόνος,
817 1393 950 1445 ἀλλά
1006 1396 1098 1448 καὶ
1159 1398 1188 1449 6
1254 1399 1563 1467 ἀδελφιδοῦς
1608 1401 1930 1470 ἠκολούθει),

253 1477 378 1528 Οὐκ
464 1476 711 1545 ἐχώρει,
791 1482 955 1549 φησὶν
989 1520 1004 1543 ,
1089 1484 1302 1550 αὐτοὺς
1385 1488 1420 1553 ἠ
1491 1486 1566 1556 τῆ
1635 1489 1934 1542 κατοικεῖν

260 1561 415 1627 ἅμα,
484 1563 573 1616 ὅτι
637 1561 717 1635 ἦν
782 1569 852 1618 τὰ
896 1567 1258 1638 ὑπάρχοντα·
1303 1572 1498 1626 αὐτῶν
1542 1575 1762 1628 πολλά·
1813 1576 1932 1628 ὅθεν

259 1649 357 1699 καὶ
411 1649 559 1720 μάχη
606 1653 802 1722 συνέϐη
838 1655 1090 1721 γενέσθαι
1138 1659 1340 1727 μεταξὺ
1381 1661 1488 1713 τῶν
1535 1663 1804 1731 ποιμένων
1837 1665 1931 1716 τοῦ

260 1735 387 1789 Λὼτ
416 1739 508 1790 καί
541 1739 634 1792 τοῦ
668 1740 908 1813 Ἀϐραμ·
960 1746 1098 1798 Ἀλλ’
1125 1749 1152 1799 6
1181 1748 1390 1813 δίκαιος
1417 1744 1570 1815 οὗτος
1593 1753 1806 1816 δεικνὺς
1837 1756 1932 1808 αὐ-

258 1823 442 1914 τοῦτὸ
471 1825 678 1914 ήμερον
709 1828 809 1898 τῆς
831 1830 1008 1900 ψυχῆς
1037 1834 1130 1886 καὶ
1152 1836 1251 1905 τῆς
1278 1837 1593 1907 φιλοσοφίας
1634 1841 1733 1911 τὴν
1764 1843 1932 1914 ὐπερ-

259 1911 445 1982 ϐολήν,
477 1913 712 1976 καλέσας
744 1916 834 1968 τὸν
861 1917 1013 1982 Λὼτ,
1064 1921 1198 1989 φησὶ
1246 1923 1382 1992 πρὸς
1416 1925 1579 1978 αὐτόν
1605 1942 1618 1954 ·
1653 1927 1749 1995 Μὴ
1779 1911 1933 1981 ἔστω

254 1999 422 2067 μάχη
447 2000 566 2053 ἀνὰ
595 2001 792 2069 μέσον
817 2005 964 2072 ἐμοῦ
1012 2009 1109 2060 καὶ
1166 2008 1303 2073 σοῦ,
1354 2012 1451 2064 καὶ
1488 2011 1606 2065 τῶν
1635 2013 1933 2083 ποιμένων

255 2099 376 2150 μου
406 2084 502 2136 καὶ
535 2084 655 2138 τῶν
699 2088 1002 2156 ποιμένων
1037 2107 1176 2154 σου,
1209 2092 1298 2146 ὅτι
1343 2093 1641 2162 ἅνθρωποι
1685 2097 1932 2166 ἀδελφοί

259 2169 435 2238 ἡμεῖς
461 2171 670 2240 ἐσμεν
709 2177 995 2245 μονονουχὶ
1020 2175 1192 2244 λέγων
1223 2179 1358 2250 1:96;
1391 2182 1572 2234 αὐτόν·
1609 2183 1757 2236 οὐδὲν
1783 2186 1932 2256 εἰρήο

261 2273 362 2326 νης
391 2259 522 2311 ἴσον·
570 2261 722 2314 οὐδὲν
757 2262 1088 2330 φιλονεικίας
1121 2264 1440 2337 βαρύτερον.
1499 2270 1596 2321 Ἰν*
1631 2266 1724 2324 οῦν
1754 2274 1934 2325 πᾶσαν

263 2344 443 2414 μάχης
461 2345 716 2400 ὑπόθεσιν
743 2348 986 2402 ἐκποδὼν
1015 2351 1389 2422 ποιησώμεθα,
1416 2354 1536 2408 ἐλοῦ
1565 2357 1631 2427 ἣν
1658 2356 1723 2409 ἂν
1745 2358 1935 2427 βουλη-

260 2431 364 2503 θῇς
393 2433 596 2503 χώραν’
628 2435 892 2489 κατάλιπε
921 2436 978 2490 δέ
1019 2455 1108 2508 μοι
1143 2438 1239 2510 τήν
1279 2439 1626 2513 λειπομένην,
1672 2445 1811 2516 ὑπὲρ
1839 2447 1932 2499 τοῦ

259 2523 444 2592 πάσης
464 2525 608 2594 ἡμᾶς
642 2524 814 2594 ἔριδος
839 2527 931 2578 καὶ
959 2527 1286 2596 φιλονεικίας
1317 2529 1472 2593 ἐκτὸς
1492 2532 1764 2598 γενέσθαι.
1784 2531 1933 2599 Εἶδες

259 2608 452 2680 ἀνδρὸς
479 2611 710 2682 ἀρετήν;
742 2613 1110 2684 Παρεχώρησε
1135 2613 1215 2684 τῷ
1251 2615 1356 2686 νέῳ
1375 2617 1483 2671 τῶν
1513 2619 1792 2690 πρωτείων
1836 2623 1934 2692 τὴν

261 2697 511 2767 ἐκλιιιὴν,
547 2698 637 2750 καὶ
665 2697 884 2770 ἔστερξε
929 2700 1028 2770 τὴν
1067 2702 1406 2773 φαυλοτάτην
1424 2703 1628 2776 χώραν.
1662 2707 1800 2759 Ἀλλ’
1833 2709 1933 2778 ὅρα

259 2785 424 2840 πάλιν
444 2786 627 2856 ἐπειδὴ
657 2786 724 2838 τὰ
757 2788 885 2858 παρ’
907 2787 1098 2841 ἑαυτοῦ
1128 2791 1456 2856 ἐπεδείξατο,
1476 2793 1648 2865 πόσης
1675 2796 1934 2850 ἀπολαύει

260 2875 359 2944 τῆς
382 2874 632 2945 ἀμοιϐῆς.
668 2873 882 2938 Εὐθέως
913 2877 1020 2948 γάρ
1036 2877 1130 2930 τοῦ
1164 2880 1443 2950 χωρισμοῦ
1471 2883 1935 2954 γενομένου,φησὶ

261 2961 396 3030 πρὸς
416 2961 576 3014 αὐτὸν
595 2963 623 3014 6
642 2961 771 3025 Θεὸς
801 2963 938 3032 μετὰ
961 2964 1021 3016 τὸ
1043 2964 1461 3037 διαχωρισθῆναι
1481 2968 1572 3020 τὸν
1597 2968 1740 3022 Λώτ·
1777 2972 1934 3024 Ἀναο

260 3049 494 3116 ϐλέψας
540 3049 658 3114 τοῖς
690 3050 1015 3119 ὀφθαλμοῖς
1047 3067 1164 3106 σου
1207 3053 1296 3106 ἴδε
1333 3053 1540 3108 πᾶσαν
1581 3056 1697 3125 τὴν
1721 3057 1840 3127 γῆν
1866 3057 1934 3123 ἐξ

259 3133 542 3202 ἑκατέρου
569 3133 672 3188 τοῦ
692 3135 934 3204 μέρους,
970 3137 1056 3190 ὅτι
1109 3137 1333 3200 πᾶσαν.
1364 3139 1444 3208 ἢν
1473 3141 1556 3196 σὺ
1607 3143 1751 3210 ὁρᾷς
1775 3185 1789 3209 ,
1834 3147 1930 3199 σοὶ

259 3220 433 3274 δώσω
457 3222 650 3289 αὐτὴν
695 3222 792 3275 καί
822 3221 903 3287 τῷ
932 3224 1228 3294 σπέρματί
1253 3242 1368 3281 σου
1401 3227 1503 3295 ἕως
1534 3229 1764 3296 αἰῶνος.
1803 3233 1935 3285 Σκό-

261 3325 355 3362 πει
387 3310 558 3380 πόσης
588 3309 833 3373 ἀξιοῦται
859 3311 961 3380 τῆς
987 3311 1296 3383 φιλοτιμίας
1337 3314 1424 3367 διά
1453 3317 1557 3390 τὴν
1579 3335 1935 3390 ταπεινοφρο⁴

261 3394 452 3466 σύνην,
479 3396 544 3468 ήν
572 3396 878 3462 ἐπεδείξατο
904 3397 1039 3469 πρὸς
1057 3398 1146 3451 τὸν
1175 3399 1506 3468 ἀδελφιδοῦν·
1543 3387 1636 3456 καὶ
1659 3387 1821 3468 αὐτὸς
1837 3387 1934 3475 μὲν

263 3482 479 3554 μικρῶν
513 3486 940 3556 παραχωρήσας,
1014 3485 1149 3539 πολὺ
1185 3486 1446 3553 μειζόνων
1482 3487 1707 3558 ἠξιώθη,
1732 3491 1936 3554 ἐκεῖνος

259 3571 317 3623 δὲ
348 3573 460 3634 τοῖς
476 3572 761 3641 πρωτείοις
792 3573 1152 3644 ἐπιπηδήσας,
1174 3575 1288 3644 μετ’
1307 3575 1368 3626 οὐ
1393 3575 1524 3628 πολύ
1552 3580 1630 3639 εἰς
1660 3577 1935 3642 κινδύνους

260 3657 541 3711 ἐνέπιπτεο
575 3659 667 3712 καὶ
694 3659 754 3712 οὐ
787 3660 948 3730 μόνον
974 3661 1125 3714 οὐδὲν
1145 3660 1399 3715 ἀπώνατο
1413 3662 1506 3733 τῆς
1531 3664 1780 3733 ἐκλογῆς,
1799 3665 1934 3719 ἀλλά

262 3747 358 3800 καὶ
390 3747 733 3818 αἰχμάλωτος
767 3750 858 3802 καὶ
892 3749 1077 3813 ἄοικος
1109 3753 1200 3804 καὶ
1217 3751 1458 3816 ἀνέστιος
1480 3753 1673 3824 ἁθρόον
1703 3756 1930 3821 ἐγίνετο,

261 3837 359 3890 καὶ
387 3837 455 3890 δι’
485 3837 662 3890 αὐτῶν
688 3837 792 3890 τῶν
805 3839 1146 3908 πραγμάτων
1171 3839 1480 3893 ἐδιδάσκετο
1500 3842 1696 3894 καὶτοῦ
1726 3842 1933 3896 δικαίου

260 3923 362 3994 τὴν
390 3923 831 3994 ὑπερϐάλλουσαν
860 3924 1082 3996 ἀρετὴν,
1111 3926 1206 3978 καὶ
1237 3927 1398 3990 αὐτὸς
1421 3927 1734 3981 ἐπαιδεύετο
1751 3929 1936 3981 λοιπὸν

264 4011 431 4082 μηδὲν
469 4009 707 4064 τοιοῦτόν
737 4027 866 4064 ποτε
892 4012 1339 4082 διαπράττεσθαι.
1377 4014 1594 4084 Ἐπειδὴ
1619 4015 1727 4086 γάρ
1755 4017 1854 4086 τὴν
1879 4018 1937 4069 ἐν

265 4100 519 4169 Σοδόμοις
547 4101 759 4169 οἴκησιν
792 4102 1084 4172 ἐποιήσατο
1105 4099 1288 4165 ὁΛὼτ,
1313 4101 1514 4165 εὐθέως
1530 4103 1761 4173 πόλεμος
1777 4105 1937 4174 ἀνερ-

265 4186 490 4257 ριπίσθη
527 4187 781 4257 χαλεπὸς,
821 4189 914 4240 καὶ⁴
946 4190 993 4240 οί
1031 4187 1139 4239 τῶν
1175 4188 1606 4259 προσοικούντων
1638 4189 1808 4244 ἐθνῶν
1840 4191 1938 4260 βα-

264 4273 433 4335 σιλεῖς
461 4276 779 4336 ἐπιστάντες
813 4274 949 4344 μετὰ
993 4275 1192 4344 πολλῆς
1213 4274 1315 4344 τῆς
1337 4275 1616 4346 δυνάμεως
1640 4279 1820 4331 πᾶσαν
1841 4277 1939 4350 τὴν

263 4360 448 4432 χώραν
481 4361 650 4432 ἄρδην
679 4360 988 4424 ἀπώλεσαν,
1035 4364 1162 4426 τοὺς
1205 4362 1468 4432 γίγαντας
1517 4365 1810 4430 ἀνελόντες,
1845 4367 1939 4420 καὶ

261 4450 389 4512 τοὺς
424 4447 796 4518 Ἀμαληκίτας
848 4449 1222 4520 ἀπωσάμενοι,
1279 4451 1494 4504 καὶτὸν
1553 4451 1661 4504 τῶν
1691 4451 1938 4523 Σοδόμων

265 4535 490 4599 βασιλέα
505 4536 599 4588 καὶ
622 4537 660 4587 Γ
663 4537 902 4607 ομόρρας
926 4537 1002 4599 είς
1021 4536 1194 4607 φυγὴν
1209 4538 1480 4608 τραπῆναι
1497 4539 1936 4610 παρεσκεύασαν,

262 4627 358 4677 καὶ
380 4626 559 4676 πᾶσαν
584 4623 843 4693 κατέσχον
871 4623 966 4692 τὴν
995 4622 1226 4693 ὀρεινὴν,
1254 4625 1349 4677 καὶ
1389 4627 1487 4696 τὴν
1525 4627 1689 4678 ἵππον
1720 4627 1815 4678 τοῦ
1841 4625 1932 4696 βα-

264 4713 458 4776 σιλέως
498 4713 743 4782 Σοδόμων
766 4713 1141 4775 ἀναλαϐόντες,
1173 4713 1267 4765 καὶ
1292 4713 1383 4764 τὸν
1408 4709 1525 4764 Λὼτ
1565 4715 1938 4785 αἰχμαλωτεύ-

266 4817 459 4864 σαντες
509 4802 601 4852 καὶ
632 4801 729 4863 τὰς
754 4803 1012 4868 γυναῖκας
1056 4801 1192 4871 μετὰ
1225 4801 1403 4870 πάσης
1447 4799 1548 4869 τῆς
1602 4803 1936 4874 ἀποσκευῆς,

263 4888 440 4950 οὕτως
481 4885 806 4956 ἐπανῄεσαν.

335 4975 567 5046 γ’.[566]
604 4975 742 5028 Ἀλλ’
757 4977 858 5045 ὅρα
875 4975 1034 5028 πάλιν
1050 4973 1184 5029 Θεοῦ
1200 4976 1520 5047 κηδεμονίαν
1535 4976 1754 5048 πολλήν.
1771 4977 1938 5048 Ὁμοῦ

263 5065 360 5117 καὶ
387 5065 478 5116 τὸν
507 5062 628 5116 Λὼτ
657 5063 754 5132 τῆς
781 5063 1158 5133 αἰχμαλωσίας
1181 5063 1540 5135 ἐλευθερῶσαι
1594 5065 1934 5135 βουλόμενος,

266 5152 361 5204 καὶ
386 5151 476 5204 τὸν
500 5150 842 5223 πατριάρχην
875 5151 1326 5222 περιφανέστερον
1351 5153 1705 5221 ἐργάσασθαι,
1742 5153 1937 5222 διεγεί-

265 5256 349 5309 ρει
377 5238 468 5290 τὸν
495 5239 702 5290 δίκαιον
721 5237 856 5308 πρὸς
875 5237 1159 5308 ἀντίληψιν
1176 5237 1269 5292 τοῦ
1303 5239 1604 5309 ἀδελφιδοῦ.
1629 5240 1938 5311 Πυθόμενος

264 5327 372 5392 γὰρ
399 5326 460 5377 :6
508 5325 753 5393 γεγονὸς,
797 5324 934 5395 μετά
963 5325 1070 5378 τῶν
1099 5325 1386 5393 οἰκογενῶν
1412 5329 1659 5398 ὁρμήσας
1685 5329 1778 5381 ἐπὶ
1806 5330 1936 5392 τοὺς

265 5413 508 5482 βασιλεῖς
533 5412 792 5475 ἐκείνους,
826 5412 1022 5474 αὐτούς
1046 5430 1105 5465 τε
1132 5413 1268 5483 μετά
1295 5413 1490 5484 πολλῆς
1516 5414 1763 5478 εὐκολίας
1800 5417 1936 5468 ἐπά-

263 5502 415 5566 ταξε,
442 5502 536 5554 καὶ
554 5502 646 5554 τὸν
677 5501 821 5564 Λὼτ,
854 5503 946 5553 καὶ
976 5502 1072 5565 τὰς
1098 5505 1378 5570 γυναῖκας,
1409 5503 1503 5556 καὶ
1533 5503 1628 5574 τὴν
1654 5504 1816 5557 ἵππον
1835 5505 1910 5557 πά

266 5610 366 5644 σαν
388 5590 479 5643 τοῦ
507 5591 771 5662 βασιλέως
792 5592 1133 5660 ἐπανήγαγε,
1161 5591 1388 5660 λαμπρὰ
1417 5592 1486 5643 τά
1500 5593 1734 5662 τρόπαια
1774 5595 1936 5663 ἐργα-

266 5681 518 5741 σάμενος,
557 5680 652 5730 καὶ
681 5679 813 5730 πᾶσι
851 5678 1149 5747 κατάδηλον
1181 5679 1345 5730 ποιῶν
1373 5679 1471 5748 τὴν
1493 5680 1619 5750 περὶ
1647 5679 1807 5732 αὐτὸν
1840 5679 1934 5732 τοῦ

264 5765 401 5816 Θεοῦ
432 5765 654 5826 εὔνοιαν,
684 5765 778 5817 καὶ
812 5765 893 5816 ὅτι
931 5765 1030 5815 οὐκ
1083 5764 1257 5833 οἰκείᾳ
1290 5764 1516 5836 δυνάμει
1543 5766 1639 5836 τὴν
1667 5768 1933 5836 τοσαύτην

267 5852 561 5924 εἰργάσατο
585 5852 822 5924 τροπὴν,
855 5851 990 5904 ἀλλά
1017 5854 1081 5923 τῇ
1122 5851 1325 5906 ἀνωθεν
1361 5853 1578 5925 βοηθείᾳ
1622 5857 1927 5926 τειχιζόμε-

270 5956 378 6005 νος.
403 5939 512 5993 Καὶ
530 5937 712 5992 λοιπὸν
738 5937 960 5991 ἔσπευδε
989 5939 1053 5992 δι’
1079 5939 1256 5993 αὐτῶν
1293 5939 1398 5993 τῶν
1422 5940 1760 6012 πραγμάτων
1785 5941 1929 6001 διδά-

1413 321 1480 377 IN
1508 323 1659 379 CAP.
1702 323 1792 379 XV
1828 326 2074 383 GENES.
2107 327 2336 384 HOMIL.
2369 329 2606 387 XXXVI.

3602 341 3707 396 53G

2043 444 2239 507 σκαλος
2285 444 2593 510 θεοσεϐείας
2644 447 2896 516 γενέσθαι
2936 451 3069 504 πᾶσι
3102 452 3217 516 τοῖς
3239 452 3298 506 ἐν
3333 451 3587 522 Σοδόμοις
3623 455 3707 508 διὰ

2039 529 2138 598 τῆς
2173 531 2309 599 πρὸς
2341 531 2432 584 τὸν
2459 533 2680 600 βασιλέα
2707 534 3012 601 διαλέξεως.
3054 537 3271 610 Ἐπειδὴ
3302 538 3412 609 γὰρ
3451 541 3712 608 συναντή-

2041 634 2142 680 σας
2168 619 2197 671 6
2241 617 2492 688 βασιλεὺς
2516 661 2531 684 ,
2582 622 2675 673 καὶ
2738 623 2968 694 χάριτας
3003 624 3144 697 ὺπέρ
3179 625 3290 680 τῶν
3331 626 3714 696 γεγενημένων

2039 704 2376 774 ὁμολογήσας
2410 706 2507 776 τὴν
2535 707 2633 777 μὲν
2661 708 2824 761 ἵππον
2863 715 3292 782 παραχωρήσειν
3333 714 3514 765 πᾶσαν
3537 712 3709 781 ἔλεγε,

2040 793 2165 855 τοὺς
2186 792 2244 845 δέ
2275 793 2593 862 ἀνθρώπους
2630 795 2912 865 λήψεσθαι·
2937 800 3037 870 69a
3057 799 3218 854 πάλιν
3240 801 3334 853 τοῦ
3367 800 3578 853 δικαίου
3615 800 3713 870 τὴν

2043 876 2465 948 μεγαλοψυχίαν,
2500 880 2618 943 πῶς
2653 880 2788 950 ὁμοῦ
2826 881 2922 935 καὶ
2945 881 3044 952 τὴν
3071 882 3276 935 οἰκείαν
3303 881 3618 952 φιλοσοφίαν
3638 882 3714 935 δι-

2039 961 2245 1030 δάσκει,
2265 965 2341 1029 ὡς
2359 967 2618 1038 κρείττων
2644 969 2759 1021 ἐστὶ
2791 969 2899 1022 τῶν
2937 971 3068 1040 παρ’
3102 970 3268 1022 αὐτοῦ
3291 969 3597 1040 διδομένων,
3620 971 3714 1023 καὶ

2039 1051 2120 1114 εἰς
2140 1052 2237 1123 τὴν
2257 1052 2357 1122 τῆς
2378 1053 2685 1114 θεοσεϐείας
2720 1055 2920 1124 γνῶσιν
2959 1058 3120 1110 αὐτὸν
3170 1057 3376 1125 ἐνάγει.
3426 1057 3560 1112 Οὐδὲ
3606 1058 3714 1128 γὰρ

2042 1138 2227 1202 ἁπλῶς
2251 1135 2404 1193 εἶπεν
2432 1141 2599 1212 αὐτῷ,
2618 1143 2698 1196 ὃτι
2732 1144 2830 1196 οὐκ
2850 1143 3105 1214 ἀνέξομαι
3132 1144 3315 1198 λαϐεῖν
3348 1162 3400 1198 τι
3421 1144 3571 1215 παρὰ
3595 1145 3712 1210 σοῦ,

2039 1227 2160 1280 οὐδὲ
2175 1228 2255 1280 ὅτι
2277 1228 2486 1292 οὐδενὸς
2507 1229 2693 1299 δέομαι
2712 1230 2950 1283 τοιούτου
2977 1231 3190 1301 μισθοῦ,
3205 1231 3341 1284 ἀλλά
3357 1231 3442 1299 τί;
3470 1232 3714 1285 Ἐκτενῶ

2041 1313 2159 1382 τὴν
2181 1313 2347 1383 χεῖρά
2360 1332 2480 1384 μου
2509 1316 2656 1384 πρὸς
2683 1317 2790 1369 τὸν
2803 1317 2952 1371 Θεόν
2978 1317 3084 1370 τὸν
3118 1317 3403 1386 ὕψιστον,
3434 1320 3714 1388 μονονουχί

2040 1400 2303 1454 διδάσκων
2339 1402 2522 1465 αὐτὸν,
2542 1402 2737 1456 ὅτιούκ
2762 1403 2866 1456 εἰσί
2897 1403 3074 1457 θεολοί
3099 1403 3201 1457 ὐπὸ
3219 1405 3311 1458 σοῦ
3340 1404 3712 1475 θεραπευόμε-

2041 1504 2142 1551 νοι,
2163 1487 2297 1541 ἀλλὰ
2331 1487 2466 1542 λίθοι
2488 1490 2579 1542 καὶ
2599 1489 2749 1554 ξύλαο
2774 1485 2854 1554 εἷς
2881 1490 2990 1562 γάρ
3006 1492 3151 1544 ἐστιν
3168 1493 3195 1544 6
3213 1491 3306 1544 ἐπὶ
3327 1491 3544 1544 πάντων
3559 1493 3709 1555 Θεὸς.

2055 1577 2158 1640 Ὃς
2190 1576 2392 1629 ἔκτισε
2424 1578 2528 1630 τὸν
2550 1578 2812 1645 οὐρανὸν
2853 1579 2949 1631 καὶ
2966 1578 3081 1646 τὴν
3095 1578 3230 1648 τῆν’
3253 1580 3427 1634 ὅτιού
3445 1579 3713 1648 λήψομαι

2041 1659 2200 1726 παρὰ
2230 1658 2346 1714 σοῦ
2378 1661 2496 1715 ἀπὸ
2518 1663 2814 1729 σπαρτὶου
2838 1661 2949 1726 ἕως
2975 1661 3411 1730 σφαιρωτῆρος,
3451 1662 3538 1715 ἵνα
3559 1663 3713 1730 νομί-

2043 1762 2160 1816 σῃς,
2185 1748 2266 1800 ὅτι
2286 1748 2488 1802 τούτων
2517 1749 2700 1801 ἐνεκεν
2722 1749 2819 1820 τὴν
2847 1749 3124 1820 ἐκδίκησιν
3143 1750 3506 1820 ἐποιησάμην,
3532 1749 3619 1802 ἵνα
3641 1750 3714 1820 μὴ

2041 1834 2218 1902 λέγειν
2237 1835 2386 1907 ἔχῃς,
2415 1836 2496 1889 ὅτι
2515 1836 2675 1899 αὐτός
2700 1854 2789 1907 μοι
2809 1837 2907 1908 τῆς
2939 1837 3254 1907 περιουσίας
3274 1838 3444 1899 αίτιος
3464 1837 3711 1904 γέγονας.

2053 1921 2110 1975 '0
2130 1921 2238 1992 γὰρ
2269 1923 2366 1993 τήν
2386 1921 2541 1993 νίκην
2574 1922 2870 1993 παρασχὼν
2918 1925 3013 1976 καὶ
3043 1923 3105 1975 τὸ
3151 1923 3411 1993 τρόπαιον
3438 1922 3555 1993 μετ’
3581 1922 3714 1993 ἐμοῦ

2042 2011 2264 2078 στήσας,
2295 2009 2458 2071 αὐτός
2477 2013 2624 2064 ἐστιν
2651 2011 2680 2062 6
2705 2011 2800 2064 καὶ
2821 2010 3050 2064 πλούτου
3073 2011 3171 2081 τὴν
3211 2011 3473 2081 χορηγίαν
3497 2029 3586 2080 μοι
3613 2027 3716 2064 πα-

2046 2115 2108 2168 ρα
2118 2098 2392 2168 σχόμενος.
2413 2099 2552 2171 Ὅρα
2571 2099 2708 2163 πῶς,
2736 2099 2850 2169 εῐγε
2880 2099 3153 2164 ἐϐούλετο,
3176 2101 3478 2171 κερδαίνειν
3494 2101 3719 2154 ἐδύνατο

2041 2187 2069 2238 6
2087 2186 2336 2254 βασιλεὺς
2355 2188 2419 2240 ἐκ
2440 2187 2547 2241 τῶν
2563 2187 2657 2241 τοῦ
2677 2187 3012 2259 πατριάρχου
3033 2187 3359 2256 λεγομένων.
3378 2187 3717 2240 Ἐδιδάσκετο

2040 2272 2148 2343 γὰρ
2176 2272 2250 2343 μή
2285 2275 2350 2343 τῇ
2373 2273 2550 2344 οἰκείᾳ
2591 2273 2819 2343 δυνάμει
2847 2273 3032 2326 λοιπὸν
3063 2273 3312 2343 θαρρεῖν,
3356 2272 3470 2346 ἀλλ’
3516 2273 3720 2326 εἰδέναι.

2041 2359 2131 2410 τὸν
2178 2360 2394 2413 πάντων
2447 2360 2642 2424 αἴτιον,
2690 2361 2786 2414 καί⁵
2819 2360 3129 2430 καταγελᾷν
3166 2359 3276 2413 τῶν
3321 2362 3715 2432 χειροποιήτων

2043 2443 2180 2498 θεῶν
2211 2447 2302 2498 καὶ
2334 2445 2614 2517 λατρεύειν
2644 2445 2722 2517 τῷ
2747 2447 2840 2500 ἐπὶ
2882 2446 3100 2500 πάντων
3138 2445 3280 2516 Θεῷ,
3325 2447 3403 2518 τῷ
3442 2446 3549 2499 τῶν
3579 2447 3720 2499 ὅλων

2040 2529 2376 2603 δημιουργῷ,
2427 2536 2492 2604 τῇ
2530 2536 2682 2605 πηγῇ
2741 2532 2850 2586 τῶν
2875 2532 3119 2602 ἀγαθῶν.
3149 2535 3258 2586 Καὶ
3310 2535 3418 2604 γάρ
3446 2535 3715 2604 ἐμάνθανε

2039 2618 2130 2671 διά
2167 2619 2382 2672 πάντων
2412 2619 2508 2672 τοῦ
2565 2620 2906 2692 πατριάρχου
2933 2619 3031 2691 τήν
3061 2622 3285 2692 ἀρετήν.
3320 2621 3436 2676 Ἵνα
3485 2621 3594 2693 γὰρ
3640 2623 3715 2694 μὴ

2042 2705 2238 2778 νομίσῃ
2273 2705 2339 2758 δι’
2369 2707 2630 2760 ἀπόνοιαν
2679 2708 2841 2760 αὐτὸν
2887 2706 2982 2760 καὶ
3028 2706 3505 2778 μεγαλοφροσύνην
3544 2709 3716 2780 ὐπερ-

2042 2796 2343 2864 εωρακέναι
2375 2794 2484 2847 τῶν
2521 2795 2650 2864 παρ’
2691 2794 2857 2848 αὐτοῦ
2898 2794 3214 2865 διδομένων,
3266 2794 3356 2848 διὰ
3390 2795 3545 2849 τοῦτό
3583 2812 3714 2865 φησι

2044 2880 2179 2950 πρὸς
2216 2882 2393 2936 αὐτόν’
2421 2880 2531 2949 ἐγὼ
2573 2883 2672 2952 μὲν
2707 2882 2858 2934 οὐδὲν
2890 2881 3153 2950 λήψομαιο
3181 2881 3304 2935 οὐδὲ
3341 2882 3450 2954 γάρ
3495 2882 3710 2953 δέομαι,

2041 2963 2161 3016 οὐδὲ
2187 2965 2374 3035 χρῄζω
2411 2968 2542 3038 παρ’
2585 2968 2772 3038 ἐτέρου
2811 2984 2902 3037 μοι
2943 2965 3202 3031 αῦξεσθαι
3231 2967 3328 3038 τήν
3377 2968 3710 3039 περιουσίαν

2042 3052 2167 3114 τοὺς
2193 3051 2249 3104 δὲ
2283 3051 2391 3104 τῶν
2421 3052 2679 3107 κινδύνων
2738 3071 2827 3124 μοι
2888 3053 3326 3124 κοινωνήσαντας
3378 3055 3715 3126 συγχωρήσω

2041 3143 2225 3198 λαϐεῖν
2267 3144 2508 3216 μερίδας.
2551 3147 2639 3200 ἵνα
2695 3145 2897 3217 μικράν
2947 3163 3070 3200 τινα
3126 3145 3240 3199 τῶν
3298 3145 3477 3198 πόνων
3531 3163 3711 3217 παρα-

2002 3242 2011 3254 ’
2047 3231 2238 3302 μυθίαν
2260 3232 2399 3302 ἔχειν
2412 3232 2607 3285 δοκῶσι
2631 3244 2680 3286 ι.
2705 3233 2812 3286 Καὶ
2833 3233 2969 3303 1:96;
2997 3233 3095 3302 μὲν
3113 3231 3206 3286 τὸν
3233 3231 3340 3285 τῶν
3356 3231 3602 3303 Σοδόμων
3619 3232 3715 3303 βαο

2045 3314 2195 3367 σιλέα
2224 3315 2396 3368 ταῦτα
2424 3315 2671 3378 ὁδίκαιος
2706 3315 3082 3387 ἀποκρίνεται.

2126 3399 2343 3468 Ἐπειδὴ
2365 3399 2421 3451 δέ
2462 3399 2554 3452 καί
2591 3399 2947 3470 Μελχισεδὲκ,
2988 3402 3018 3454 6
3057 3400 3312 3471 βασιλεὺς
3349 3399 3558 3472 Σαλήμ,
3614 3400 3714 3470 ἄρ-

2043 3503 2166 3548 τους
2203 3486 2298 3538 καὶ
2336 3482 2476 3538 οἶνον
2515 3485 2665 3556 αὐτῷ
2714 3486 3001 3555 ἐξενέγκας
3041 3488 3374 3560 προσέφερεν
3413 3483 3553 3558 (τΗν
3602 3488 3711 3556 γὰρ

2042 3573 2254 3641 ἱερεὺς,
2294 3574 2449 3644 φησί,
2494 3573 2601 3628 τοῦ
2648 3574 2795 3628 Θεοῦ
2819 3575 2925 3628 τοῦ
2956 3577 3280 3646 ὑψίστου),
3336 3576 3466 3647 παρ’
3503 3575 3710 3629 ἐκείνου

2042 3660 2253 3730 δέχεται
2300 3660 2370 3712 τὰ
2408 3660 2854 3730 προσενεχθέντα,
2892 3662 2986 3715 καὶ
3024 3662 3122 3733 τὴν
3159 3662 3409 3729 εὐλογίαν
3446 3661 3545 3732 τὴν
3583 3662 3710 3731 παρ’

2043 3745 2209 3800 αὐτοῦ
2247 3745 2503 3810 εἱςαύτὸν
2541 3747 2918 3818 γεγενημένην
2956 3748 3337 3818 ἀμειϐόμενος,
3363 3749 3457 3802 καὶ
3491 3748 3590 3818 τὴν
3633 3752 3714 3810 εἰς

2042 3836 2134 3889 τὸν
2185 3835 2316 3888 Θεὸν
2352 3834 2657 3904 δοξολογίαν
2696 3831 2838 3906 (εἶπε
2878 3836 3008 3907 γὰρ,
3076 3838 3260 3908 φησὶν,
3297 3839 3712 3906 Εὐλογημένος

2046 3922 2194 3995 [367]
2239 3925 2462 3992 Ἀϐραμ
2510 3923 2592 3989 τῷ
2649 3922 2770 3989 Θεῷ
2814 3923 2894 3990 τῷ
2925 3925 3187 3993 ὑψίστῳ,
3227 3925 3326 3981 καὶ
3387 3926 3714 3994 εὐλογητὸς

2045 4015 2078 4065 ό
2109 4011 2273 4077 Θεὸς,
2308 4011 2376 4076 ὃς
2412 4011 2716 4079 παρέδωκε
2744 4011 2885 4078 τοὺς
2899 4012 3153 4080 ἐχθρούς
3180 4027 3298 4066 σου
3331 4013 3714 4082 ὑποχειρίους

2045 4102 2234 4169 σοι),
2269 4098 2499 4169 δεκάτην
2537 4097 2686 4168 αὐτῷ
2723 4097 2903 4151 δίδωσι
2949 4099 3057 4151 ἀπὸ
3119 4100 3337 4153 πάντων
3391 4094 3466 4153 ὦν
3517 4100 3714 4152 ἐπεκο-

2049 4185 2237 4256 μίζετο
2280 4184 2557 4256 λαφύρων.
2609 4181 2766 4248 Εἶδες
2810 4184 2906 4238 τοῦ
2958 4185 3168 4240 δικαίου
3218 4186 3279 4239 τὸ
3326 4185 3569 4255 φιλόθεον
3625 4184 3715 4238 διὰ

2049 4272 2264 4326 πάντων
2305 4271 2653 4342 δεικνύμενον
2683 4273 2776 4325 καὶ
2820 4272 2939 4336 πῶς
2995 4274 3146 4343 παρὰ
3192 4273 3290 4343 μὲν
3317 4272 3410 4325 τοῦ
3453 4271 3714 4342 βασιλέως

2045 4360 2298 4430 Σοδόμων
2345 4359 2452 4413 ἀπὸ
2500 4359 2764 4430 σπαρτίου
2801 4359 2907 4422 ἕως
2963 4361 3346 4431 σφαιρωτῆρος
3393 4359 3576 4414 λαϐεῖν
3614 4361 3715 4412 οὐκ

2045 4448 2322 4518 ἠνέσχετο,
2351 4447 2419 4499 τὰ
2452 4447 2509 4499 δὲ
2557 4446 2652 4499 τοῦ
2681 4447 3015 4517 Μελχισεδὲκ
3048 4447 3477 4518 προσενεχθέντα
3501 4447 3711 4510 ἐλαϐεν,

2045 4535 2340 4598 ἀντιδιδοὺς
2378 4535 2474 4588 καὶ
2501 4535 2570 4588 τά
2594 4536 2724 4606 παρ’
2754 4534 2972 4598 ἐαυτοῦ,
3013 4535 3278 4589 διδάσκων
3323 4538 3472 4607 ἡμᾶς
3516 4535 3714 4606 πολλὴν
3810 4555 3812 4562 ι

2045 4624 2146 4692 τὴν
2177 4623 2448 4693 διάκρισιν
2478 4621 2884 4676 ἐπιδείκνυσθαι
2907 4662 2921 4686 ,
2957 4624 3052 4675 καὶ
3091 4623 3166 4695 μὴ
3192 4623 3381 4686 ἁπλῶς
3421 4624 3514 4677 καὶ
3544 4623 3715 4688 ἀδεῶς

2047 4709 2200 4781 παρά
2229 4709 2446 4763 πάντων
2483 4709 2771 4780 δέχεσθαι;
2809 4711 3028 4781 Ἐπειδὴ
3061 4710 3171 4780 γὰρ
3203 4711 3412 4773 ἐκεῖνος
3443 4710 3572 4780 περί
3613 4712 3714 4781 μὲν

2045 4795 2144 4866 τὴν
2175 4795 2321 4849 δόσιν
2354 4793 2651 4866 εὐγνώμων
2683 4795 2930 4864 γέγονεν,
2964 4797 3021 4848 ἐν
3047 4796 3105 4848 δὲ
3141 4797 3255 4858 τοῖς
3281 4795 3460 4858 ἄλλοις
3489 4797 3713 4858 ἄπιστος

2046 4883 2331 4953 ἐτύγχανε,
2384 4883 2476 4936 καὶ
2517 4883 2720 4953 πολλῆς
2775 4884 2944 4936 ἐδεῖτο
2993 4881 3368 4946 διδασκαλίας⁸
3416 4882 3504 4936 διὰ
3557 4883 3714 4936 τοῦτο

2047 4970 2269 5024 ἐκείνων
2291 4970 2390 5041 μὲν
2417 4971 2689 5042 ὑπερεῖδε,
2715 4972 2896 5024 πᾶσαν
2922 4971 2980 5023 δέ
3007 4969 3244 5040 σπουδὴν
3274 4971 3584 5040 ἐποιήσατο,
3618 4971 3714 5023 καὶ

2045 5057 2110 5110 δι’
2142 5049 2216 5110 ὧν
2244 5057 2426 5110 λαϐεῖν
2472 5057 2849 5128 παρῃτήσατο,
2895 5057 2989 5109 καί
3035 5057 3100 5108 δι’
3131 5050 3206 5110 ὧν
3245 5056 3522 5127 διελέχθη,
3577 5057 3713 5126 πρὸς

2047 5143 2354 5212 θεοσέϐειαν
2383 5145 2545 5197 αὐτὸν
2579 5143 3006 5215 χειραγωγῆσαι.
3041 5144 3202 5214 Παρά
3226 5145 3284 5198 δέ
3319 5144 3415 5197 τοῦ
3443 5144 3711 5214 Μελχισε-

2044 5233 2138 5286 δέκ
2179 5235 2401 5295 εἰκότως
2446 5231 2748 5304 λαμϐάνει·
2784 5232 2871 5286 διὰ
2906 5233 3016 5303 γάρ
3068 5233 3224 5285 τοῦτο
3256 5234 3639 5304 ἐπεσημήνατο
3675 5233 3707 5301 ή

2047 5320 2164 5374 θεία
2219 5322 2256 5372 Γ
2264 5321 2408 5391 ραφὴ
2458 5319 2551 5373 τοῦ
2597 5319 2791 5391 ἀνδρὸς
2817 5319 2916 5390 τὴν
2949 5319 3150 5389 ἀρετὴν
3194 5320 3454 5387 λέγουσα·
3490 5317 3600 5373 ἿΙν
3643 5319 3712 5371 δὲ

2045 5408 2235 5476 ἱερεὺς
2267 5409 2372 5462 τοῦ
2401 5409 2548 5462 Θεοῦ
2579 5408 2686 5462 τοῦ
2711 5408 3218 5476 ὑψίστου.”Αλλως
3250 5409 3306 5462 δὲ
3333 5410 3427 5461 καὶ
3449 5408 3616 5471 τύπος
3641 5404 3710 5479 ἦν

2105 5643 2131 5672 ⁸
2161 5643 2268 5692 Ἵνα
2295 5643 2462 5712 μικράν
2481 5659 2585 5712 τινα
2609 5644 2704 5690 τῶν
2725 5644 2881 5691 πόνων
2905 5643 3197 5712 παραμυθίαν
3216 5645 3343 5712 ,ἔχειν
3369 5645 3566 5709 δοκῶσι.
3609 5643 3715 5700 Quo

2041 5718 2244 5769 parvum
2272 5701 2492 5769 ciliqimm
2510 5701 3118 5769 lqbprunz_consolaliozimz
3145 5701 3360 5752 hahéhul.
3393 5708 3534 5765 ἐστιν
3561 5709 3711 5754 anim-

2042 5766 2343 5816 advertimus
2370 5767 2494 5826 apud
2520 5766 2832 5814 Athanasium
2867 5774 3170 5826 caelerosquc
3187 5770 3469 5827 scripturas
3498 5770 3710 5827 Urwcmi,

2041 5842 2210 5877 vocem
2233 5829 2384 5875 δοκεῖν
2409 5841 2504 5875 non
2523 5828 2747 5890 mingere
2771 5828 3155 5890 aﬂilimutionem.
3181 5826 3243 5874 L'L
3265 5831 3412 5875 «aliam
3438 5831 3563 5890 apud
3579 5831 3710 5876 Lati-

2041 5904 2130 5939 nos
2161 5890 2311 5937 medii
2352 5903 2441 5938 am
2473 5902 2566 5936 vox
2598 5885 2786 5938 videtur
2829 5888 3194 5936 aﬂirmalionem
3238 5904 3332 5936 non
3361 5885 3550 5938 minim.
3586 5891 3708 5938 Vide

2045 5949 2386 6004 Onomasticon
2443 5956 2662 6001 nostrum
2705 5950 2766 6002 ad
2806 5950 2969 6012 Opera
2987 5950 3258 6014 Athanasii,
3297 5953 3347 6001 iu
3377 5964 3495 6001 voce
3531 5951 3704 6016 δοκεῖν.
