4092 6408
284 411 390 468 337

289 529 452 582 etiam
495 540 614 595 qua:
661 524 858 578 fiebant
889 521 1084 576 Christi
1124 533 1278 592 typus
1321 531 1495 587 erant,
1525 529 1579 575 et
1623 523 1732 588 ipsa
1777 519 1872 574 ob-

285 620 390 673 lata
429 617 739 688 mysterium
775 615 1040 684 quoddam
1076 614 1460 684 praisignabant
1483 631 1494 665 :
1517 613 1737 682 ideoque
1769 627 1876 666 non

287 709 486 770 renuit,
515 719 672 776 atque
692 707 992 776 utaccepit,
1024 707 1256 761 vicissim
1285 706 1431 758 illum
1465 703 1875 770 remimerando,

287 800 516 854 docebat
561 799 770 852 virtutis
808 815 918 852 suae
961 797 1394 866 magnitudinem.
1451 795 1692 848 Deeimas
1732 796 1874 846 enim

287 890 336 943 ei
368 887 558 954 dedit,
601 889 764 942 etiam
810 888 910 942 hac
948 890 1152 942 ratione
1182 887 1322 957 piam
1352 901 1502 940 suam
1539 895 1767 939 utentem
1797 885 1873 938 si-

287 981 572 1050 gnificans.
621 979 871 1036 Fortasse
913 979 1119 1048 longius
1159 978 1395 1033 excurrit
1433 978 1605 1031 oratio
1649 985 1870 1042 nostra;

290 1071 436 1138 atqui
469 1086 574 1124 non
596 1070 712 1124 sine
741 1085 901 1124 causa
927 1085 1099 1139 neque
1129 1069 1343 1124 frustra.
1397 1068 1584 1122 Paucis
1614 1069 1754 1122 enim
1789 1068 1872 1122 di-

287 1161 518 1214 dicimus
544 1160 612 1214 ab
641 1160 788 1214 initio
805 1175 972 1228 usque
999 1159 1064 1213 ad
1091 1159 1399 1214 hodiernam
1424 1159 1727 1224 lectionem,
1760 1175 1877 1226 quae

288 1248 450 1304 fuerit
473 1249 606 1318 justi
635 1250 790 1319 hujus
821 1249 1108 1314 fortitudo,
1140 1249 1574 1318 magnanimitas,
1610 1249 1878 1302 excellens

293 1343 446 1409 fides,
486 1359 639 1398 mens
666 1342 882 1412 optimis
913 1341 1146 1395 moribus
1179 1341 1418 1410 praedita,
1451 1339 1668 1409 insignis
1692 1341 1878 1394 mode-

288 1435 412 1496 stia,
441 1433 770 1487 admirabilis
797 1433 1103 1486 divitiarum
1131 1441 1468 1499 contemptus
1493 1471 1506 1492 ,
1533 1429 1725 1484 divina:
1755 1445 1877 1499 erga

291 1539 416 1579 eum
439 1523 828 1579 benevolentia:
855 1531 1110 1592 perpetua
1136 1523 1496 1592 providentia;
1525 1531 1580 1574 et
1600 1536 1704 1590 quo
1729 1531 1881 1590 pacto

289 1615 532 1668 divinum
583 1613 683 1680 ipsi
731 1613 955 1683 singulis
1009 1613 1334 1681 temporibus
1383 1614 1657 1681 praebitum
1697 1622 1881 1680 patro-

291 1707 524 1772 cinium,
572 1704 810 1774 quotidie
836 1704 1115 1759 clariorem
1151 1719 1272 1757 eum
1301 1713 1354 1758 et
1393 1704 1734 1758 illustriorem
1763 1704 1884 1758 red-

289 1799 444 1853 didit.
493 1798 648 1852 Nunc
675 1805 850 1850 autem
878 1797 922 1850 si
949 1797 1220 1850 volueritis
1240 1837 1254 1858 ,
1284 1805 1337 1849 et
1363 1812 1467 1849 non
1497 1795 1878 1866 defatigeuâ€˜iini,

292 1892 358 1946 ad
385 1907 448 1944 ea
479 1906 598 1960 qua:
629 1904 815 1944 recens
853 1890 985 1944 lecta
1025 1898 1148 1942 sunt
1189 1888 1504 1942 accedamus
1537 1929 1552 1952 ,
1603 1899 1658 1940 ct
1700 1888 1882 1957 paucis

293 1983 613 2052 quibusdam
643 1981 956 2050 propositis,
985 1980 1325 2034 absolvamus
1353 1993 1688 2041 sermonem;
1719 1987 1776 2032 ut
1801 1977 1883 2031 di-

292 2073 455 2126 seatis
483 2080 680 2140 quanta
714 2071 892 2124 denuo
917 2070 964 2124 ei
993 2068 1314 2138 rependatur
1344 2084 1552 2124 merces
1576 2109 1590 2132 ,
1633 2084 1700 2124 eo
1742 2068 1882 2138 quod

294 2163 680 2230 contempserit
720 2161 860 2215 dona
911 2160 1012 2214 sibi
1055 2175 1086 2213 a
1122 2159 1476 2214 Sodomorum
1521 2175 1646 2229 rege
1685 2160 1883 2215 oblata.

294 2252 432 2320 Qtiid
479 2251 624 2306 enim
671 2249 886 2320 inquit?
941 2251 990 2304 1.
1025 2248 1150 2304 Post
1188 2250 1294 2303 lues
1322 2259 1492 2302 autem
1517 2249 1664 2302 verba
1693 2253 1887 2322 factum

295 2355 368 2400 est
393 2345 597 2400 verbum
624 2344 830 2397 Domini
856 2343 923 2396 ad
954 2343 1142 2396 Abram
1177 2341 1318 2414 (cap.
1345 2339 1456 2416 15).
1508 2341 1681 2410 Quare
1703 2343 1780 2396 sic
1804 2343 1887 2396 in-

293 2439 445 2508 cipit,
479 2437 604 2490 Post
635 2437 742 2490 licet:
766 2444 934 2489 autem
960 2433 1146 2488 verba?
1167 2449 1284 2502 qua:
1306 2433 1487 2500 verba,
1507 2432 1732 2502 quaeso?
1759 2447 1887 2486 num

297 2531 500 2584 iudicat
541 2529 705 2583 verba
749 2543 868 2598 qua:
917 2541 1040 2581 cum
1087 2525 1442 2580 Sodomorum
1483 2540 1608 2596 rege
1658 2524 1886 2578 habuit?

296 2623 427 2676 Post
472 2631 838 2690 contemptum
881 2619 1063 2683 illum,
1107 2618 1304 2688 inquit,
1348 2625 1625 2686 postquam
1663 2631 1726 2670 ea
1769 2631 1888 2685 quae

296 2714 368 2767 ab
401 2713 492 2768 illo
533 2712 708 2764 oblata
752 2719 875 2763 sunt
921 2709 1151 2778 repulit,
1210 2716 1330 2776 post
1371 2707 1672 2760 doctrinam
1717 2705 1885 2774 illam,

297 2818 464 2872 quam
499 2802 712 2870 rejectis
742 2801 894 2854 donis
921 2799 1317 2870 pronuntiavit,
1353 2810 1407 2852 ut
1438 2799 1615 2867 pietati
1645 2809 1698 2852 et
1735 2799 1886 2868 agni-

300 2895 436 2948 tioni
478 2893 782 2948 Conditoris
824 2893 1062 2946 omnium
1103 2892 1252 2946 illum
1290 2892 1561 2958 initiaret,
1614 2891 1736 2946 Post
1782 2893 1890 2944 haec

297 2995 469 3038 autem
495 2984 645 3036 verba
665 3025 678 3048 ,
723 2993 1006 3053 postquam
1037 2983 1272 3037 decimas
1298 2981 1652 3037 Melchisedec
1678 2981 1888 3048 obtulit,

299 3076 514 3146 quando
539 3117 554 3142 ,
601 3075 809 3144 inquit,
851 3074 1028 3128 omnia
1074 3090 1192 3143 quae
1235 3089 1300 3128 ex
1331 3088 1390 3128 se
1432 3083 1587 3127 erant
1630 3074 1888 3144 implevit,

302 3177 430 3221 tunc
477 3165 607 3219 Post
651 3165 758 3217 Iia'c
806 3167 952 3217 verba
981 3163 1172 3232 factum
1215 3169 1288 3217 est
1331 3162 1532 3216 verbum
1575 3161 1782 3215 Domini
1825 3163 1892 3216 ad

299 3259 494 3311 Abram
520 3257 570 3308 in
598 3257 784 3308 visione
810 3255 968 3308 noctis
997 3253 1092 3326 (a),
1121 3253 1288 3306 dicens
1317 3269 1336 3305 .'
1366 3253 1446 3306 Ne
1467 3253 1662 3320 timeas,
1681 3252 1887 3322 Abram,

301 3369 396 3421 ego
423 3359 630 3420 protego
659 3358 746 3413 te;
781 3363 965 3401 merces
985 3357 1074 3399 tua
1102 3345 1261 3399 multa
1280 3345 1424 3399 valde
1453 3346 1566 3398 erit.

379 3443 429 3496 4.
467 3440 599 3494 Vide
641 3439 1022 3508 benignitatem
1051 3437 1298 3502 Domini,
1330 3437 1597 3505 quomodo
1625 3436 1804 3490 statim
1841 3445 1897 3490 et

303 3549 336 3586 e
363 3532 586 3600 vestigio
629 3543 860 3598 sequens
881 3569 896 3591 ,
945 3527 1218 3582 beneficiis
1245 3542 1402 3582 suum
1433 3526 1688 3581 athletam
1717 3543 1894 3582 remu-

306 3634 528 3678 neratur
552 3663 565 3685 ,
594 3629 649 3675 et
675 3621 740 3674 ad
774 3620 1023 3674 ulteriora
1058 3619 1351 3674 certamina
1381 3619 1574 3674 iterum
1600 3620 1890 3683 instruens,

309 3716 500 3784 vigore
542 3731 680 3768 novo
721 3713 957 3768 roborat.
1011 3711 1228 3766 Factum
1260 3722 1330 3766 est
1368 3712 1570 3766 verbum
1595 3711 1804 3766 Domini
1843 3713 1895 3764 in

309 3807 500 3860 visione
529 3806 706 3858 noctis.
735 3805 910 3871 Quare
941 3803 992 3856 in
1021 3805 1219 3858 nocte?
1247 3803 1317 3858 Ut
1337 3804 1391 3856 in
1420 3802 1630 3857 silentio
1650 3810 1704 3856 et
1723 3802 1898 3870 quiete

309 3899 504 3953 melius
529 3913 648 3966 qua:
677 3896 926 3949 dicuntur
949 3895 1192 3963 accipiat.
1226 3895 1293 3948 Et
1319 3894 1446 3948 dicit
1467 3895 1515 3947 ei
1549 3911 1562 3946 :
1588 3892 1672 3947 Ne
1699 3896 1896 3960 timeas,

312 3990 524 4042 Abram.
569 3987 799 4040 Attende
841 3986 1159 4040 immensam
1189 3984 1280 4038 Dei
1309 3999 1511 4038 curam.
1542 3984 1716 4052 Quare
1743 3985 1898 4050 dixit,

315 4077 400 4131 Ne
428 4077 641 4130 timeas?
663 4077 796 4143 Quia
828 4085 1002 4129 tantas
1022 4089 1151 4143 opes
1171 4083 1585 4143 contempserat,
1621 4089 1722 4128 non
1749 4089 1904 4128 cura-

315 4172 384 4224 tis
407 4169 568 4239 rcgiis
593 4167 750 4222 donis
776 4183 794 4222 :
817 4167 920 4221 hoc
945 4175 1046 4232 est,
1077 4165 1156 4220 Ne
1185 4166 1392 4228 timeas,
1425 4163 1566 4234 quod
1595 4164 1903 4233 despexeris

315 4275 464 4319 tanta
490 4263 629 4317 dona
654 4301 670 4326 ,
715 4275 888 4330 neque
912 4259 1101 4314 anxius
1121 4259 1194 4313 sis
1220 4258 1370 4328 quasi
1399 4258 1635 4311 minores
1662 4256 1782 4311 inde
1812 4257 1904 4310 tibi

315 4357 426 4410 sint
463 4353 766 4408 facultates.
797 4349 880 4404 Ne
906 4352 1102 4404 timeas.
1151 4348 1354 4403 Deinde
1382 4357 1438 4402 ut
1473 4347 1708 4401 animum
1737 4349 1906 4416 magis

317 4446 539 4509 excitet,
567 4441 763 4511 adjecit
781 4440 950 4496 verbo
973 4448 1029 4494 et
1055 4439 1482 4510 appellationem,
1509 4448 1562 4491 et
1584 4437 1753 4507 inquit
1784 4455 1796 4490 :
1825 4437 1909 4492 Ne

318 4541 523 4603 timeas,
549 4533 758 4588 Abram.
788 4531 902 4586 Non
928 4532 1069 4585 enim
1093 4545 1275 4598 parum
1295 4528 1360 4582 ad
1379 4527 1907 4598 expcrgefaciendum

317 4626 448 4681 facit
473 4667 487 4690 ,
518 4639 642 4679 cum
666 4623 970 4694 quempiam
1007 4622 1223 4690 proprio
1251 4621 1463 4672 nomine
1489 4617 1866 4686 compellamus
1892 4637 1905 4673 :

318 4717 518 4773 deinde
548 4717 661 4782 ait,
715 4714 824 4783 Ego
852 4722 1110 4784 protegant
1141 4721 1204 4764 te.
1259 4709 1474 4763 Multam
1521 4709 1688 4764 habet
1726 4718 1780 4763 et
1809 4711 1910 4763 hoc

319 4809 550 4863 verbum
589 4805 906 4874 emphasim.
962 4803 1073 4872 Ego
1115 4802 1256 4870 quia
1287 4800 1553 4854 Chaldaeis
1590 4811 1640 4854 tc
1670 4801 1907 4864 evocavi,

327 4917 431 4969 ego
458 4900 547 4968 qui
591 4907 642 4952 te
669 4897 771 4950 huc
800 4895 963 4958 duxi,
1010 4909 1109 4962 ego
1140 4893 1226 4962 qui
1268 4904 1317 4946 lc
1348 4908 1375 4944 3
1421 4891 1664 4960 Î¡Î¿Ï„á½·ÎµÏ…Î¹á½·Î´
1694 4890 1912 4962 á½·Î•á½²Î³Î¹Î¹Î¹á½·

321 4989 550 5046 liberavi
575 5029 590 5054 ,
619 5003 719 5058 ego
743 4987 834 5057 qui
862 4984 1029 5040 semel
1056 4995 1214 5053 atque
1247 4985 1438 5037 iterum
1470 4982 1684 5050 promisi
1719 4983 1807 5035 tibi
1835 4992 1913 5035 at-

321 5099 428 5151 que
451 5079 644 5136 semini
674 5087 765 5132 tuo
789 5077 1038 5131 daturum
1069 5091 1153 5128 me
1181 5085 1374 5127 terram
1407 5074 1560 5138 hanc,
1585 5089 1685 5142 ego
1711 5083 1762 5127 te
1789 5088 1912 5142 pro-

325 5186 450 5244 tego
491 5189 634 5243 :ego
673 5169 766 5242 qui
805 5171 856 5224 in
901 5168 1014 5223 dies
1060 5168 1226 5236 magis
1272 5176 1326 5220 et
1366 5170 1532 5236 magis
1576 5167 1823 5220 omnibus
1865 5177 1918 5220 te

323 5267 531 5320 clatum
551 5262 803 5324 ostendo,
848 5275 947 5328 ego
977 5271 1198 5328 pratego
1230 5267 1278 5312 te
1312 5275 1324 5311 :
1356 5257 1455 5310 hoc
1493 5267 1575 5311 est
1598 5299 1612 5322 ,
1655 5273 1754 5326 ego
1781 5259 1916 5311 scuti

329 5361 448 5416 vice
471 5359 564 5412 tibi
594 5373 733 5422 sum,
765 5369 863 5425 ego
889 5368 984 5423 pro
1006 5363 1055 5406 te
1081 5361 1248 5414 certo,
1273 5365 1371 5420 ego
1400 5360 1756 5419 propugnator
1775 5365 1914 5415 sum,

325 5470 432 5526 ego
455 5466 642 5508 curam
661 5464 810 5522 gero,
841 5463 941 5518 ego
965 5447 1140 5502 omnia
1161 5443 1398 5500 difï¬cilia
1418 5441 1585 5498 facilia
1610 5443 1700 5498 tibi
1727 5441 1916 5509 reddo,

404 5678 478 5742 (a)
514 5680 566 5726 In
587 5677 720 5742 Edit.
743 5674 1060 5742 septuaginta
1081 5665 1622 5742 Interpretnmâ€˜legitur
1649 5673 1854 5742 tantunlr
1870 5671 1918 5716 á¼Î½

335 5730 576 5805 á½Ïá¾¶Î¼á¾·Î±Ï„Î¹.
617 5741 670 5805 in
709 5730 1050 5805 visionefvo'x
1074 5730 1272 5805 ÎÏ…ÎºÏ„á½¹Ï‚,
1315 5730 1688 5805 Î·Î¿Ï‚Î¹Î¾Î´Î·Î¹Î¹ÏÎµÎ¹Î¾Îµ.
1730 5731 1779 5805 In
1817 5730 1917 5777 lle-

337 5790 511 5854 bâ€˜raico
536 5790 723 5861 pariter
747 5790 968 5858 atquein
993 5794 1202 5854 Vulgata
1245 5790 1342 5861 non
1373 5790 1596 5861 habetur.
1639 5791 1722 5841 Sic
1751 5798 1918 5841 tamen

339 5851 472 5930 legit
491 5851 888 5924 Ciirysostomus,
913 5865 968 5908 ut
993 5870 1055 5906 ex
1079 5851 1132 5906 se
1145 5851 1404 5920 luentibus
1426 5851 1602 5914 liquet.

1320 405 1383 460 Î™Î
1424 405 1574 460 CAP.
1610 403 1725 460 XV.
1768 401 2008 460 GENES.
2041 402 2267 458 HOMIL.
2305 403 2541 462 XXXVI.

3455 416 3561 473 558

1990 533 2090 590 ego
2121 531 2338 592 protego
2361 532 2431 577 te.
2485 522 2679 577 Merces
2707 533 2791 578 tua
2821 526 2978 579 muita
3007 527 3099 580 erit
3126 527 3286 582 valde.
3343 529 3564 586 Noluisti

1989 614 2292 669 mercedem
2329 617 2573 684 accipere
2621 633 2716 686 pro
2763 617 3030 674 laboribus
3071 636 3204 689 quos
3246 624 3562 679 sustimnsti.

1989 703 2150 756 tantis
2181 705 2428 772 periculis
2455 707 2679 775 teipsum
2709 708 3010 776 objiciendo
3033 751 3048 774 ,
3077 711 3168 764 sed
3198 715 3564 782 contempsisti

1985 803 2040 847 et
2067 809 2246 864 regem
2276 805 2328 849 et
2358 811 2575 850 munera
2617 797 2754 866 ejus.
2805 797 2916 868 Ego
2953 799 3044 854 tibi
3074 801 3376 856 mercedem
3401 803 3561 868 dabo,

1984 900 2090 937 non
2115 893 2315 938 tantam
2345 897 2600 956 quantam
2624 898 2939 958 accepturus
2959 905 3076 945 eras
3098 931 3112 956 ,
3144 892 3238 946 sed
3261 892 3484 947 multam
3511 903 3566 948 et

1983 975 2136 1030 valde
2159 976 2378 1030 multam
2407 994 2422 1030 :
2456 977 2650 1032 Merces
2674 980 2816 1033 enim
2848 979 2970 1043 tua,
3021 981 3227 1049 inquit,
3275 984 3436 1036 multa
3471 985 3564 1037 erit

1983 1065 2148 1120 valde.
2178 1066 2366 1122 Vidisti
2397 1069 2764 1123 liberalitatem
2799 1070 3048 1125 Domini?
3071 1073 3250 1126 vidisti
3277 1074 3562 1128 verborum

1984 1157 2232 1225 pondus?
2277 1157 2454 1213 vidisti
2494 1159 2762 1228 quomodo
2789 1160 3103 1214 excitaverit
3143 1161 3352 1231 pietatis
3393 1163 3563 1216 athle-

1985 1250 2131 1303 tam?
2179 1249 2359 1304 vidisti
2401 1251 2672 1320 quomodo
2700 1252 2934 1306 animam
2975 1253 3089 1332 ejus
3134 1254 3564 1310 conï¬rmaverit?

1987 1341 2102 1412 Ipse
2124 1344 2266 1397 enim
2291 1344 2379 1412 qui
2409 1357 2600 1398 arcana
2621 1344 2862 1399 cordium
2893 1347 3059 1412 novit,
3090 1346 3290 1400 sciebat
3313 1347 3459 1416 justo
3485 1345 3564 1400 illi

1986 1448 2119 1500 opus
2159 1449 2278 1488 esse
2323 1434 2623 1503 hujusmodi
2669 1435 2954 1490 verborum
3003 1438 3405 1492 consolatione:
3443 1453 3566 1491 nam

1987 1523 2106 1578 vide
2133 1525 2258 1594 quid
2285 1540 2350 1578 ex
2395 1525 2476 1578 his
2505 1525 2680 1580 verbis
2723 1536 2980 1595 concepta
3029 1527 3217 1583 ï¬ducia
3268 1528 3562 1596 patriarcha

1987 1613 2130 1670 dicit.
2179 1615 2234 1669 2.
2261 1614 2406 1670 Dixit
2431 1625 2595 1670 autem
2621 1617 2808 1670 Abram
2836 1633 2857 1672 :
2885 1617 3102 1672 Domine
3120 1661 3134 1682 ,
3157 1620 3298 1688 .quid
3325 1620 3446 1671 mihi
3469 1620 3569 1670 dit-

1988 1705 2098 1758 bis?
2122 1721 2212 1777 ego
2231 1717 2396 1760 autem
2433 1708 2539 1760 sine
2566 1707 2733 1761 liberis
2761 1709 3006 1761 dimittor.
3040 1709 3324 1778 Postquam
3359 1725 3565 1763 merces

1989 1797 2087 1864 ipsi
2112 1797 2263 1851 valde
2291 1797 2502 1867 copiosa
2532 1799 2790 1866 promissa
2819 1808 2934 1865 est,
2975 1802 3194 1870 exponit
3231 1801 3424 1853 anima:
3461 1815 3570 1852 su-i:

1988 1888 2226 1942 dolorem
2265 1899 2318 1943 et
2362 1889 2628 1944 triStitiam
2675 1899 2890 1960 propter
2929 1893 3095 1962 prolis
3143 1891 3410 1961 inopiam,
3464 1907 3564 1958 qua

1989 1979 2236 2033 diuturno
2291 1989 2526 2049 tempore
2578 1983 2906 2050 angebatur,
2965 1981 3196 2050 dicitque
3247 2000 3259 2034 :
3309 1981 3565 2042 Domine,

1988 2070 2114 2140 quid
2141 2071 2244 2126 talc
2267 2069 2393 2124 mihi
2418 2071 2610 2124 dabis?
2642 2072 2778 2126 Ecce
2807 2072 2947 2126 enim
2977 2087 3078 2139 ego
3103 2087 3269 2140 usque
3291 2071 3356 2125 ad
3387 2082 3566 2124 extre-

1991 2175 2130 2213 mam
2157 2169 2425 2215 senectam
2447 2161 2682 2230 perveni,
2713 2169 2766 2215 et
2787 2161 2936 2230 prole
2960 2176 3150 2214 carens
3177 2161 3436 2214 dimittor.

2067 2250 2198 2306 Vide
2221 2253 2486 2321 quomodo
2511 2252 2698 2321 priscis
2728 2252 2830 2306 illis
2850 2251 3060 2306 seculis
3079 2251 3253 2320 justus
3282 2250 3368 2304 ille
3398 2249 3570 2319 philo-

1991 2344 2313 2414 sophabatur
2333 2387 2346 2408 ,
2377 2344 2740 2398 dimissionem
2767 2357 2965 2397 vocans
2991 2357 3058 2398 ex
3097 2343 3199 2396 hoc
3237 2341 3435 2396 mundo
3458 2340 3569 2394 disâ€”

1991 2454 2224 2493 cessum.
2253 2438 2385 2491 Nam
2416 2438 2505 2506 qui
2538 2438 2701 2492 vitam
2733 2436 2956 2492 honeste
2985 2445 3038 2490 et
3069 2436 3122 2491 in
3146 2435 3428 2489 virtutibus
3450 2449 3573 2502 cge-

1995 2539 2139 2592 runt,
2168 2529 2378 2598 quando
2404 2546 2470 2583 ex
2501 2529 2598 2584 hac
2639 2529 2745 2582 vita
2775 2529 3058 2598 emigrant,
3091 2542 3214 2580 vere
3246 2527 3535 2580 liberantur
3556 2564 3569 2587 ,

1993 2632 2048 2674 et
2075 2622 2222 2689 quasi
2268 2621 2552 2674 solvuntur
2588 2635 2617 2674 a
2660 2620 3038 2674 certaminibus
3061 2627 3116 2673 et
3143 2634 3170 2669 a
3203 2617 3444 2671 vinculis.
3481 2615 3575 2670 Est

1993 2713 2135 2766 enim
2169 2727 2314 2766 mors
2343 2712 2405 2765 iis
2431 2712 2520 2782 qui
2553 2711 2685 2765 bene
2711 2711 2931 2775 vivunt,
2976 2709 3248 2764 translatio
3271 2709 3512 2777 quaidam
3542 2721 3573 2761 a

1997 2803 2264 2872 peioribus
2284 2801 2350 2855 ad
2374 2801 2615 2866 meliora,
2633 2814 2665 2855 a
2687 2809 3026 2869 temporanea
3051 2799 3158 2851 vita
3179 2799 3243 2850 ad
3267 2806 3572 2866 perpetuam

1993 2903 2048 2948 et
2075 2894 2426 2947 immortalem
2472 2893 2736 2961 ï¬nemque
2781 2907 2887 2945 non
2931 2890 3232 2945 habentem.
3265 2889 3378 2960 Ego
3407 2899 3576 2941 autem

1997 2985 2241 3050 dimittor,
2273 2985 2472 3054 inquit,
2504 2983 2611 3038 sine
2641 2982 2828 3036 liberis.
2859 2981 2928 3035 Et
2953 2991 3010 3035 ut
3037 2980 3435 3035 misericordem
3468 2980 3572 3032 Do-

1997 3080 2198 3133 minum
2225 3077 2322 3132 sibi
2349 3076 2679 3139 conciliaret,
2709 3090 2814 3128 non
2849 3074 2912 3128 iis
2937 3081 3217 3128 contentus
3247 3073 3340 3127 fuit
3366 3073 3575 3136 verbis;

1998 3169 2092 3226 sed
2134 3170 2258 3240 quid
2289 3169 2452 3223 dicit?
2490 3167 2537 3221 F
2541 3167 2660 3221 ilius
2687 3177 2854 3220 autem
2899 3165 3073 3219 Masec
3116 3181 3281 3219 verum
3320 3179 3470 3229 mete,
3521 3163 3576 3216 5.

1997 3263 2232 3333 quoniam
2269 3279 2370 3314 non
2395 3259 2577 3314 dedisti
2597 3259 2718 3312 mihi
2746 3275 2912 3312 semen
2938 3300 2953 3326 ,
2999 3258 3085 3312 ille
3115 3258 3256 3312 heres
3292 3273 3432 3310 meus
3466 3257 3578 3308 crit.

2000 3354 2270 3422 Ingentem
2299 3353 2538 3406 dolorem
2568 3351 2760 3404 anima:
2784 3349 2898 3420 ejus
2934 3349 3210 3404 declarant
3238 3348 3353 3401 haec
3383 3347 3542 3401 verba
3564 3387 3578 3410 ,

1999 3443 2151 3512 quasi
2199 3441 2400 3498 diceret
2447 3442 2554 3495 Deo
2583 3457 2597 3493 :
2626 3439 2808 3509 Neque
2847 3453 2911 3494 ea
2950 3453 3066 3493 sum
3110 3447 3426 3507 assequutus
3463 3451 3583 3504 qua:

2001 3549 2187 3588 servus
2217 3549 2367 3588 meus
2393 3532 2710 3587 vernaculus
2731 3573 2746 3596 ,
2777 3531 2872 3586 sed
2910 3545 3012 3602 ego
3039 3531 3251 3600 quidem
3285 3529 3444 3582 abibo
3469 3529 3586 3582 sine

2005 3623 2256 3679 filiozhic
2297 3631 2472 3679 autem
2517 3621 2837 3677 vernaculus
2879 3637 3028 3676 meus
3067 3620 3412 3675 hereditatem
3441 3619 3584 3672 acci-

2004 3719 2148 3788 piet,
2183 3733 2302 3787 quae
2339 3731 2370 3770 a
2413 3726 2465 3770 te
2513 3715 2642 3769 mihi
2677 3714 2818 3778 data,
2863 3713 3022 3782 idque
3063 3727 3184 3766 cum
3219 3712 3388 3766 semel
3429 3719 3588 3778 atque

2006 3810 2201 3864 iterum
2233 3807 2643 3879 promissionem
2667 3821 2698 3859 a
2724 3814 2776 3859 te
2799 3803 3097 3872 acceperim
3122 3803 3369 3857 dicente:
3394 3799 3600 3856 Semini.

2008 3911 2094 3954 tuo
2115 3900 2245 3954 dabo
2270 3909 2458 3953 terram
2482 3899 2632 3950 hanc.
2654 3895 2966 3958 Considera,
2994 3893 3236 3955 obsecro,
3263 3901 3318 3946 et
3345 3890 3446 3946 hoc
3469 3890 3590 3944 loco

2003 3992 2132 4062 justi
2160 3991 2443 4056 virtutem,
2489 3985 2756 4059 quomodo
2783 3986 3128 4056 cogitationes
3175 3984 3272 4038 has
3311 3985 3363 4038 in
3411 3983 3590 4036 animo

2007 4099 2248 4148 versans,
2293 4097 2578 4152 numquam
2628 4079 2950 4149 indignatus,
2999 4092 3174 4146 neque
3211 4074 3360 4129 aliud.
3397 4073 3588 4128 durum

2009 4181 2262 4248 loquutus
2303 4177 2372 4231 sit
2396 4194 2409 4229 :
2432 4175 2525 4230 sed
2565 4183 2618 4229 et
2657 4187 2797 4227 nunc
2843 4171 3120 4239 instigatus
3147 4166 3322 4222 verbis
3359 4181 3476 4235 quae
3513 4166 3592 4218 Î¹Î¿-

2011 4281 2207 4340 quutus
2252 4276 2335 4321 est
2380 4266 2430 4320 ei
2483 4263 2776 4326 Dominus,
2825 4273 3015 4329 magna
3067 4257 3258 4312 ï¬ducia
3309 4255 3590 4310 Dominum

2013 4361 2316 4432 alloquitur,
2335 4357 2772 4425 manifestamque
2795 4353 2918 4408 facit
2935 4353 3197 4406 internam
3216 4349 3592 4419 cogitationum

2017 4453 2466 4526 perturbationem
2487 4491 2503 4516 ,
2548 4447 2836 4504 ostendens
2869 4447 3060 4500 anima:
3100 4457 3212 4498 suae
3239 4442 3424 4506 ulcus;
3457 4440 3596 4494 unde

2015 4559 2070 4603 et
2115 4547 2464 4602 acrelcratum
2509 4543 2714 4610 accepit
2752 4539 3215 4593 medicamentum.
3240 4537 3295 4589 4.
3329 4533 3393 4587 Et
3430 4535 3598 4587 statim

2015 4659 2112 4696 vox.
2139 4640 2232 4693 Dei
2271 4643 2409 4709 facta
2441 4644 2512 4689 est
2543 4634 2610 4687 ad
2648 4649 2780 4686 eum.
2812 4629 2943 4684 Vide
2977 4629 3265 4696 Scriptum
3305 4624 3595 4678 accuratio-

2017 4751 2161 4788 ncm.
2193 4731 2398 4794 Statim,
2429 4727 2614 4796 inquit.
2633 4725 2746 4779 Non
2772 4722 3011 4792 permisit
3035 4719 3234 4789 justum
3265 4717 3351 4769 vel
3380 4715 3596 4768 minimo

2020 4835 2258 4894 tempore
2284 4824 2423 4892 angi,
2455 4818 2549 4874 sed
2579 4817 2876 4873 festinatam
2907 4813 2953 4868 ei
2979 4809 3395 4866 consolationem
3423 4805 3600 4870 affert,

2020 4926 2073 4972 et
2110 4915 2422 4985 gravitatem
2463 4907 2710 4964 mmroris
2749 4903 2994 4960 emendat
3025 4901 3200 4955 verbis
3235 4913 3356 4968 qua:
3399 4906 3524 4950 tunc
3553 4895 3602 4948 ei

2020 5009 2271 5076 loquutus
2299 5011 2400 5058 cst.
2442 4999 2508 5053 Et
2536 4997 2734 5060 statim,
2777 4994 2977 5063 inquit,
3008 5007 3106 5045 vos:
3146 4989 3241 5043 Dei
3270 4992 3405 5059 facta
3437 4995 3506 5040 est
3536 4989 3604 5038 ad

2023 5117 2157 5166 cum,
2187 5097 2356 5150 dicens
2379 5109 2396 5147 :
2420 5092 2539 5146 Nan
2559 5091 2652 5145 erit
2675 5088 2755 5141 hic
2780 5087 2921 5140 heres
2947 5095 3080 5150 tuus,
3110 5083 3196 5136 sed
3219 5082 3306 5152 qui
3324 5080 3605 5152 egredietur

2023 5207 2085 5244 ea:
2111 5199 2175 5250 te.
2226 5188 2307 5240 hic
2346 5187 2485 5237 heres
2512 5191 2627 5234 tuus
2655 5179 2766 5232 erit.
2813 5177 3082 5239 Hoccine,
3125 5171 3310 5241 inquit,
3353 5170 3606 5224 timuisti?

2027 5279 2248 5336 hoccine
2290 5283 2525 5330 mentem
2567 5279 2709 5325 tuam
2759 5265 3021 5322 turbavit?
3069 5263 3291 5318 hoccine
3338 5261 3606 5316 tristitiam

2027 5381 2172 5426 tuam
2193 5367 2381 5437 auget?
2401 5363 2549 5419 Scias
2565 5361 2726 5431 igitur
2741 5357 2886 5413 hunc
2907 5371 3010 5410 non
3035 5355 3146 5408 fore
3167 5352 3413 5407 heredem
3436 5359 3604 5412 tuum,

2029 5464 2135 5521 Sed
2161 5463 2245 5534 qui
2279 5459 2557 5532 egredietur
2580 5470 2644 5509 ea;
2667 5463 2746 5518 te,
2789 5451 2870 5505 hic
2899 5449 3040 5504 heres
3075 5457 3188 5502 tuus
3211 5445 3321 5501 erit.
3348 5443 3427 5498 Nc
3452 5444 3609 5512 igitur

2028 5559 2094 5614 ad
2129 5557 2416 5612 humanam
2458 5557 2666 5620 spectes
2703 5553 2977 5610 naturam,
3020 5557 3088 5596 ne
3125 5549 3270 5594 tuam
3304 5546 3606 5598 senectam,

2031 5651 2244 5705 Saraeve
2283 5645 2616 5702 sterilitatem
2653 5639 2832 5694 animo
2868 5635 3050 5690 volvas
3074 5649 3087 5685 :
3111 5629 3204 5685 scd
3241 5629 3356 5698 ejus
3394 5625 3484 5695 qui
3515 5625 3610 5678 tibi

2035 5741 2276 5812 promisit
2316 5736 2564 5807 potentia:
2605 5733 2741 5788 bene
2781 5728 2916 5793 fide,
2966 5733 3020 5780 ct
3064 5720 3328 5778 tristitiam
3366 5731 3569 5812 ponens
3593 5755 3608 5780 ,

2038 5806 2389 5890 sufficientem
2416 5824 2832 5885 consolationem
2856 5818 3058 5888 accipe,
3083 5823 3494 5886 persuasumque
3520 5806 3612 5860 ha-
