  <div class='ocr_page' id='page_1' title='image "/cluster/home/n/w/nwhite01/storage/ocr_20150623/53/nnc1.0046978453/337.png"; bbox 0 0 4092 6408; ppageno 0'>
   <div class='ocr_carea' id='block_1_1' title="bbox 490 431 597 489">
    <p class='ocr_par' dir='ltr' id='par_1_1' title="bbox 490 431 597 489">
     <span class='ocr_line' id='line_1_1' title="bbox 490 431 597 489; baseline -0.037 1"><span class='ocrx_word' id='word_1_1' title='bbox 490 431 597 489; x_wconf 69' lang='lat'><strong>359</strong></span> 
     </span>
    </p>
   </div>
   <div class='ocr_carea' id='block_1_2' title="bbox 492 539 2082 616">
    <p class='ocr_par' dir='ltr' id='par_1_2' title="bbox 492 539 2082 616">
     <span class='ocr_line' id='line_1_2' title="bbox 492 539 2082 616; baseline -0.006 -12"><span class='ocrx_word' id='word_1_2' title='bbox 492 549 621 604; x_wconf 83' lang='lat' dir='ltr'><strong>beas</strong></span> <span class='ocrx_word' id='word_1_3' title='bbox 638 556 689 603; x_wconf 88' lang='lat' dir='ltr'><strong>te</strong></span> <span class='ocrx_word' id='word_1_4' title='bbox 705 545 956 602; x_wconf 83' lang='lat' dir='ltr'><strong>heredem</strong></span> <span class='ocrx_word' id='word_1_5' title='bbox 983 545 1306 611; x_wconf 83' lang='lat' dir='ltr'><strong>habiturum,</strong></span> <span class='ocrx_word' id='word_1_6' title='bbox 1323 544 1413 616; x_wconf 86' lang='lat' dir='ltr'><strong>qui</strong></span> <span class='ocrx_word' id='word_1_7' title='bbox 1433 559 1497 599; x_wconf 85' lang='lat' dir='ltr'><strong>ex</strong></span> <span class='ocrx_word' id='word_1_8' title='bbox 1520 552 1572 599; x_wconf 88' lang='lat' dir='ltr'><strong>te</strong></span> <span class='ocrx_word' id='word_1_9' title='bbox 1592 553 1860 597; x_wconf 89' lang='lat' dir='ltr'><strong>nascatur.</strong></span> <span class='ocrx_word' id='word_1_10' title='bbox 1880 539 2082 595; x_wconf 81' lang='lat' dir='ltr'><strong>Deinde</strong></span> 
     </span>
    </p>
   </div>
   <div class='ocr_carea' id='block_1_3' title="bbox 493 632 2085 710">
    <p class='ocr_par' dir='ltr' id='par_1_3' title="bbox 493 632 2085 710">
     <span class='ocr_line' id='line_1_3' title="bbox 493 632 2085 710; baseline -0.003 -20"><span class='ocrx_word' id='word_1_11' title='bbox 493 641 613 710; x_wconf 86' lang='lat' dir='ltr'><strong>quia</strong></span> <span class='ocrx_word' id='word_1_12' title='bbox 644 654 801 709; x_wconf 82' lang='lat' dir='ltr'><strong>supra</strong></span> <span class='ocrx_word' id='word_1_13' title='bbox 834 648 1078 692; x_wconf 90' lang='lat' dir='ltr'><strong>naturam</strong></span> <span class='ocrx_word' id='word_1_14' title='bbox 1107 645 1224 691; x_wconf 91' lang='lat' dir='ltr'><strong>erat</strong></span> <span class='ocrx_word' id='word_1_15' title='bbox 1254 635 1536 707; x_wconf 84' lang='lat' dir='ltr'><strong>promissio</strong></span> <span class='ocrx_word' id='word_1_16' title='bbox 1556 676 1577 702; x_wconf 90' lang='lat'><strong>,</strong></span> <span class='ocrx_word' id='word_1_17' title='bbox 1612 642 1668 689; x_wconf 92' lang='lat' dir='ltr'><strong>et</strong></span> <span class='ocrx_word' id='word_1_18' title='bbox 1707 633 1954 688; x_wconf 78' lang='lat' dir='ltr'><strong>vincebat</strong></span> <span class='ocrx_word' id='word_1_19' title='bbox 1983 632 2085 686; x_wconf 92' lang='lat' dir='ltr'><strong>hu-</strong></span> 
     </span>
    </p>
   </div>
   <div class='ocr_carea' id='block_1_4' title="bbox 497 725 2084 803">
    <p class='ocr_par' dir='ltr' id='par_1_4' title="bbox 497 725 2084 803">
     <span class='ocr_line' id='line_1_4' title="bbox 497 725 2084 803; baseline -0.007 -16"><span class='ocrx_word' id='word_1_20' title='bbox 497 747 712 788; x_wconf 78' lang='lat' dir='ltr'><strong>manam</strong></span> <span class='ocrx_word' id='word_1_21' title='bbox 750 732 1013 786; x_wconf 88' lang='lat' dir='ltr'><strong>rationem</strong></span> <span class='ocrx_word' id='word_1_22' title='bbox 1059 729 1326 803; x_wconf 89' lang='lat' dir='ltr'><strong>(magnam</strong></span> <span class='ocrx_word' id='word_1_23' title='bbox 1357 728 1501 783; x_wconf 90' lang='lat' dir='ltr'><strong>enim</strong></span> <span class='ocrx_word' id='word_1_24' title='bbox 1532 727 1584 781; x_wconf 91' lang='lat' dir='ltr'><strong>in</strong></span> <span class='ocrx_word' id='word_1_25' title='bbox 1626 742 1692 782; x_wconf 90' lang='lat' dir='ltr'><strong>eo</strong></span> <span class='ocrx_word' id='word_1_26' title='bbox 1730 725 2084 779; x_wconf 89' lang='lat' dir='ltr'><strong>turbationem</strong></span> 
     </span>
    </p>
   </div>
   <div class='ocr_carea' id='block_1_5' title="bbox 497 816 2090 889">
    <p class='ocr_par' dir='ltr' id='par_1_5' title="bbox 497 816 2090 889">
     <span class='ocr_line' id='line_1_5' title="bbox 497 816 2090 889; baseline -0.006 -12"><span class='ocrx_word' id='word_1_27' title='bbox 497 822 802 877; x_wconf 88' lang='lat' dir='ltr'><strong>excitabant</strong></span> <span class='ocrx_word' id='word_1_28' title='bbox 828 830 905 875; x_wconf 91' lang='lat' dir='ltr'><strong>tot</strong></span> <span class='ocrx_word' id='word_1_29' title='bbox 932 830 1137 877; x_wconf 60' lang='lat' dir='ltr'><strong>natura:</strong></span> <span class='ocrx_word' id='word_1_30' title='bbox 1165 818 1563 889; x_wconf 85' lang='lat' dir='ltr'><strong>impedimenta,</strong></span> <span class='ocrx_word' id='word_1_31' title='bbox 1596 830 1844 872; x_wconf 82' lang='lat' dir='ltr'><strong>senectus</strong></span> <span class='ocrx_word' id='word_1_32' title='bbox 1872 816 2008 886; x_wconf 86' lang='lat' dir='ltr'><strong>ejus,</strong></span> <span class='ocrx_word' id='word_1_33' title='bbox 2037 826 2090 869; x_wconf 87' lang='lat' dir='ltr'><strong>et</strong></span> 
     </span>
    </p>
   </div>
   <div class='ocr_carea' id='block_1_6' title="bbox 501 906 2092 982">
    <p class='ocr_par' dir='ltr' id='par_1_6' title="bbox 501 906 2092 982">
     <span class='ocr_line' id='line_1_6' title="bbox 501 906 2092 982; baseline -0.006 -15"><span class='ocrx_word' id='word_1_34' title='bbox 501 912 644 982; x_wconf 89' lang='lat' dir='ltr'><strong>quod</strong></span> <span class='ocrx_word' id='word_1_35' title='bbox 688 912 820 967; x_wconf 90' lang='lat' dir='ltr'><strong>Sara</strong></span> <span class='ocrx_word' id='word_1_36' title='bbox 857 912 1056 967; x_wconf 79' lang='lat' dir='ltr'><strong>sterilis</strong></span> <span class='ocrx_word' id='word_1_37' title='bbox 1097 926 1161 965; x_wconf 90' lang='lat' dir='ltr'><strong>ac</strong></span> <span class='ocrx_word' id='word_1_38' title='bbox 1204 920 1357 965; x_wconf 87' lang='lat' dir='ltr'><strong>utero</strong></span> <span class='ocrx_word' id='word_1_39' title='bbox 1396 918 1645 964; x_wconf 90' lang='lat' dir='ltr'><strong>emortuo</strong></span> <span class='ocrx_word' id='word_1_40' title='bbox 1688 906 1893 977; x_wconf 88' lang='lat' dir='ltr'><strong>esset),</strong></span> <span class='ocrx_word' id='word_1_41' title='bbox 1938 916 2092 975; x_wconf 80' lang='lat' dir='ltr'><strong>auget</strong></span> 
     </span>
    </p>
   </div>
   <div class='ocr_carea' id='block_1_7' title="bbox 505 997 2092 1071">
    <p class='ocr_par' dir='ltr' id='par_1_7' title="bbox 505 997 2092 1071">
     <span class='ocr_line' id='line_1_7' title="bbox 505 997 2092 1071; baseline -0.006 -12"><span class='ocrx_word' id='word_1_42' title='bbox 505 1002 765 1059; x_wconf 87' lang='lat' dir='ltr'><strong>Dominus</strong></span> <span class='ocrx_word' id='word_1_43' title='bbox 798 1004 1181 1071; x_wconf 84' lang='lat' dir='ltr'><strong>promissorum</strong></span> <span class='ocrx_word' id='word_1_44' title='bbox 1228 1001 1678 1071; x_wconf 79' lang='lat' dir='ltr'><strong>magnitudinem,</strong></span> <span class='ocrx_word' id='word_1_45' title='bbox 1725 1009 1779 1052; x_wconf 92' lang='lat' dir='ltr'><strong>ut</strong></span> <span class='ocrx_word' id='word_1_46' title='bbox 1823 998 1999 1067; x_wconf 91' lang='lat' dir='ltr'><strong>justus</strong></span> <span class='ocrx_word' id='word_1_47' title='bbox 2025 997 2092 1051; x_wconf 87' lang='lat' dir='ltr'><strong>ad</strong></span> 
     </span>
    </p>
   </div>
   <div class='ocr_carea' id='block_1_8' title="bbox 508 1090 2092 1166">
    <p class='ocr_par' dir='ltr' id='par_1_8' title="bbox 508 1090 2092 1166">
     <span class='ocr_line' id='line_1_8' title="bbox 508 1090 2092 1166; baseline -0.006 -16"><span class='ocrx_word' id='word_1_48' title='bbox 508 1095 869 1166; x_wconf 86' lang='lat' dir='ltr'><strong>promittentis</strong></span> <span class='ocrx_word' id='word_1_49' title='bbox 910 1094 1276 1149; x_wconf 82' lang='lat' dir='ltr'><strong>liberalitatem</strong></span> <span class='ocrx_word' id='word_1_50' title='bbox 1324 1092 1650 1162; x_wconf 88' lang='lat' dir='ltr'><strong>respiciens,</strong></span> <span class='ocrx_word' id='word_1_51' title='bbox 1702 1090 1837 1144; x_wconf 86' lang='lat' dir='ltr'><strong>bene</strong></span> <span class='ocrx_word' id='word_1_52' title='bbox 1879 1098 2092 1158; x_wconf 82' lang='lat' dir='ltr'><strong>speret,</strong></span> 
     </span>
    </p>
   </div>
   <div class='ocr_carea' id='block_1_9' title="bbox 505 1180 2096 1256">
    <p class='ocr_par' dir='ltr' id='par_1_9' title="bbox 505 1180 2096 1256">
     <span class='ocr_line' id='line_1_9' title="bbox 505 1180 2096 1256; baseline -0.006 -15"><span class='ocrx_word' id='word_1_53' title='bbox 505 1184 845 1256; x_wconf 87' lang='lat' dir='ltr'><strong>conﬁdatque</strong></span> <span class='ocrx_word' id='word_1_54' title='bbox 906 1185 986 1241; x_wconf 91' lang='lat' dir='ltr'><strong>sic</strong></span> <span class='ocrx_word' id='word_1_55' title='bbox 1047 1194 1383 1240; x_wconf 90' lang='lat' dir='ltr'><strong>eventurum.</strong></span> <span class='ocrx_word' id='word_1_56' title='bbox 1438 1183 1493 1239; x_wconf 83' lang='lat'><strong>5.</strong></span> <span class='ocrx_word' id='word_1_57' title='bbox 1534 1180 1728 1237; x_wconf 72' lang='lat' dir='ltr'><strong>Eduxit</strong></span> <span class='ocrx_word' id='word_1_58' title='bbox 1774 1188 1939 1233; x_wconf 83' lang='lat' dir='ltr'><strong>autem</strong></span> <span class='ocrx_word' id='word_1_59' title='bbox 1984 1195 2096 1231; x_wconf 85' lang='lat' dir='ltr'><strong>eum</strong></span> 
     </span>
    </p>
   </div>
   <div class='ocr_carea' id='block_1_10' title="bbox 508 1267 2095 1348">
    <p class='ocr_par' dir='ltr' id='par_1_10' title="bbox 508 1267 2095 1348">
     <span class='ocr_line' id='line_1_10' title="bbox 508 1267 2095 1348; baseline -0.007 -18"><span class='ocrx_word' id='word_1_60' title='bbox 508 1280 668 1348; x_wconf 76' lang='lat' dir='ltr'><strong>foras,</strong></span> <span class='ocrx_word' id='word_1_61' title='bbox 700 1285 745 1330; x_wconf 87' lang='lat' dir='ltr'><strong>et</strong></span> <span class='ocrx_word' id='word_1_62' title='bbox 775 1276 901 1329; x_wconf 79' lang='lat' dir='ltr'><strong>dixit</strong></span> <span class='ocrx_word' id='word_1_63' title='bbox 926 1276 974 1330; x_wconf 90' lang='lat' dir='ltr'><strong>ei</strong></span> <span class='ocrx_word' id='word_1_64' title='bbox 999 1291 1017 1329; x_wconf 91' lang='lat'><em>:</em></span> <span class='ocrx_word' id='word_1_65' title='bbox 1040 1274 1255 1344; x_wconf 87' lang='lat' dir='ltr'><strong>Suspice</strong></span> <span class='ocrx_word' id='word_1_66' title='bbox 1281 1274 1334 1326; x_wconf 83' lang='lat' dir='ltr'><strong>in</strong></span> <span class='ocrx_word' id='word_1_67' title='bbox 1363 1272 1565 1336; x_wconf 67' lang='lat' dir='ltr'><strong>cretum,</strong></span> <span class='ocrx_word' id='word_1_68' title='bbox 1596 1280 1641 1326; x_wconf 86' lang='lat' dir='ltr'><strong>et</strong></span> <span class='ocrx_word' id='word_1_69' title='bbox 1672 1285 1881 1323; x_wconf 82' lang='lat' dir='ltr'><strong>numera</strong></span> <span class='ocrx_word' id='word_1_70' title='bbox 1904 1267 2095 1329; x_wconf 88' lang='lat' dir='ltr'><strong>stellas,</strong></span> 
     </span>
    </p>
   </div>
   <div class='ocr_carea' id='block_1_11' title="bbox 508 1362 2097 1438">
    <p class='ocr_par' dir='ltr' id='par_1_11' title="bbox 508 1362 2097 1438">
     <span class='ocr_line' id='line_1_11' title="bbox 508 1362 2097 1438; baseline -0.008 -16"><span class='ocrx_word' id='word_1_71' title='bbox 508 1368 555 1422; x_wconf 96' lang='lat' dir='ltr'><strong>si</strong></span> <span class='ocrx_word' id='word_1_72' title='bbox 574 1368 761 1438; x_wconf 89' lang='lat' dir='ltr'><strong>poteris</strong></span> <span class='ocrx_word' id='word_1_73' title='bbox 782 1382 1045 1421; x_wconf 87' lang='lat' dir='ltr'><strong>numerare</strong></span> <span class='ocrx_word' id='word_1_74' title='bbox 1066 1383 1172 1420; x_wconf 88' lang='lat' dir='ltr'><strong>eas.</strong></span> <span class='ocrx_word' id='word_1_75' title='bbox 1199 1363 1264 1419; x_wconf 87' lang='lat' dir='ltr'><strong>Et</strong></span> <span class='ocrx_word' id='word_1_76' title='bbox 1281 1364 1410 1419; x_wconf 71' lang='lat' dir='ltr'><strong>dixit</strong></span> <span class='ocrx_word' id='word_1_77' title='bbox 1428 1364 1472 1417; x_wconf 86' lang='lat' dir='ltr'><strong>ei</strong></span> <span class='ocrx_word' id='word_1_78' title='bbox 1492 1378 1510 1416; x_wconf 89' lang='lat'><strong><em>:</em></strong></span> <span class='ocrx_word' id='word_1_79' title='bbox 1530 1362 1618 1417; x_wconf 86' lang='lat' dir='ltr'><strong>Sic</strong></span> <span class='ocrx_word' id='word_1_80' title='bbox 1638 1362 1731 1416; x_wconf 85' lang='lat' dir='ltr'><strong>erit</strong></span> <span class='ocrx_word' id='word_1_81' title='bbox 1751 1377 1917 1413; x_wconf 80' lang='lat' dir='ltr'><strong>semen</strong></span> <span class='ocrx_word' id='word_1_82' title='bbox 1939 1370 2097 1412; x_wconf 88' lang='lat' dir='ltr'><strong>tuum.</strong></span> 
     </span>
    </p>
   </div>
   <div class='ocr_carea' id='block_1_12' title="bbox 508 1452 2100 1522">
    <p class='ocr_par' dir='ltr' id='par_1_12' title="bbox 508 1452 2100 1522">
     <span class='ocr_line' id='line_1_12' title="bbox 508 1452 2100 1522; baseline -0.008 -7"><span class='ocrx_word' id='word_1_83' title='bbox 508 1459 563 1515; x_wconf 82' lang='lat'><strong>6.</strong></span> <span class='ocrx_word' id='word_1_84' title='bbox 599 1458 669 1513; x_wconf 85' lang='lat' dir='ltr'><strong>Et</strong></span> <span class='ocrx_word' id='word_1_85' title='bbox 711 1458 922 1513; x_wconf 76' lang='lat' dir='ltr'><strong>credidit</strong></span> <span class='ocrx_word' id='word_1_86' title='bbox 964 1457 1153 1512; x_wconf 82' lang='lat' dir='ltr'><strong>Abram</strong></span> <span class='ocrx_word' id='word_1_87' title='bbox 1198 1455 1343 1522; x_wconf 88' lang='lat' dir='ltr'><strong>Deo,</strong></span> <span class='ocrx_word' id='word_1_88' title='bbox 1405 1465 1454 1508; x_wconf 89' lang='lat' dir='ltr'><strong>et</strong></span> <span class='ocrx_word' id='word_1_89' title='bbox 1500 1462 1790 1520; x_wconf 86' lang='lat' dir='ltr'><strong>reputatum</strong></span> <span class='ocrx_word' id='word_1_90' title='bbox 1822 1460 1896 1505; x_wconf 89' lang='lat' dir='ltr'><strong>est</strong></span> <span class='ocrx_word' id='word_1_91' title='bbox 1932 1452 2009 1505; x_wconf 87' lang='lat' dir='ltr'><strong>illi</strong></span> <span class='ocrx_word' id='word_1_92' title='bbox 2048 1454 2100 1502; x_wconf 87' lang='lat' dir='ltr'><strong>in</strong></span> 
     </span>
    </p>
   </div>
   <div class='ocr_carea' id='block_1_13' title="bbox 509 1540 2103 1620">
    <p class='ocr_par' dir='ltr' id='par_1_13' title="bbox 509 1540 2103 1620">
     <span class='ocr_line' id='line_1_13' title="bbox 509 1540 2103 1620; baseline -0.004 -20"><span class='ocrx_word' id='word_1_93' title='bbox 509 1548 776 1620; x_wconf 68' lang='lat' dir='ltr'><strong>justitiam.</strong></span> <span class='ocrx_word' id='word_1_94' title='bbox 804 1550 983 1615; x_wconf 86' lang='lat' dir='ltr'><strong>Quare</strong></span> <span class='ocrx_word' id='word_1_95' title='bbox 1021 1547 1311 1612; x_wconf 87' lang='lat' dir='ltr'><strong>indicavit,</strong></span> <span class='ocrx_word' id='word_1_96' title='bbox 1352 1544 1494 1614; x_wconf 92' lang='lat' dir='ltr'><strong>quod</strong></span> <span class='ocrx_word' id='word_1_97' title='bbox 1535 1542 1749 1598; x_wconf 83' lang='lat' dir='ltr'><strong>duxerit</strong></span> <span class='ocrx_word' id='word_1_98' title='bbox 1774 1556 1895 1596; x_wconf 90' lang='lat' dir='ltr'><strong>eum</strong></span> <span class='ocrx_word' id='word_1_99' title='bbox 1924 1540 2103 1595; x_wconf 80' lang='lat' dir='ltr'><strong>foras?</strong></span> 
     </span>
    </p>
   </div>
   <div class='ocr_carea' id='block_1_14' title="bbox 512 1632 2102 1708">
    <p class='ocr_par' dir='ltr' id='par_1_14' title="bbox 512 1632 2102 1708">
     <span class='ocr_line' id='line_1_14' title="bbox 512 1632 2102 1708; baseline -0.007 -13"><span class='ocrx_word' id='word_1_100' title='bbox 512 1640 647 1708; x_wconf 86' lang='lat' dir='ltr'><strong>Quia</strong></span> <span class='ocrx_word' id='word_1_101' title='bbox 667 1640 810 1695; x_wconf 90' lang='lat' dir='ltr'><strong>enim</strong></span> <span class='ocrx_word' id='word_1_102' title='bbox 839 1639 1082 1707; x_wconf 87' lang='lat' dir='ltr'><strong>superius</strong></span> <span class='ocrx_word' id='word_1_103' title='bbox 1105 1638 1260 1703; x_wconf 80' lang='lat' dir='ltr'><strong>dixit,</strong></span> <span class='ocrx_word' id='word_1_104' title='bbox 1284 1651 1405 1691; x_wconf 92' lang='lat' dir='ltr'><strong>eum</strong></span> <span class='ocrx_word' id='word_1_105' title='bbox 1430 1637 1483 1690; x_wconf 95' lang='lat' dir='ltr'><strong>in</strong></span> <span class='ocrx_word' id='word_1_106' title='bbox 1508 1634 1713 1689; x_wconf 81' lang='lat' dir='ltr'><strong>visione</strong></span> <span class='ocrx_word' id='word_1_107' title='bbox 1738 1632 1911 1689; x_wconf 86' lang='lat' dir='ltr'><strong>noctis</strong></span> <span class='ocrx_word' id='word_1_108' title='bbox 1937 1646 2102 1702; x_wconf 77' lang='lat' dir='ltr'><strong>appa—</strong></span> 
     </span>
    </p>
   </div>
   <div class='ocr_carea' id='block_1_15' title="bbox 516 1727 2104 1799">
    <p class='ocr_par' dir='ltr' id='par_1_15' title="bbox 516 1727 2104 1799">
     <span class='ocr_line' id='line_1_15' title="bbox 516 1727 2104 1799; baseline -0.007 -10"><span class='ocrx_word' id='word_1_109' title='bbox 516 1734 690 1789; x_wconf 87' lang='lat' dir='ltr'><strong>ruisse</strong></span> <span class='ocrx_word' id='word_1_110' title='bbox 720 1733 828 1795; x_wconf 90' lang='lat' dir='ltr'><strong>illi,</strong></span> <span class='ocrx_word' id='word_1_111' title='bbox 859 1748 922 1787; x_wconf 88' lang='lat' dir='ltr'><strong>ac</strong></span> <span class='ocrx_word' id='word_1_112' title='bbox 948 1732 1108 1787; x_wconf 89' lang='lat' dir='ltr'><strong>verba</strong></span> <span class='ocrx_word' id='word_1_113' title='bbox 1133 1731 1219 1785; x_wconf 91' lang='lat' dir='ltr'><strong>illa</strong></span> <span class='ocrx_word' id='word_1_114' title='bbox 1242 1732 1289 1785; x_wconf 89' lang='lat' dir='ltr'><strong>ei</strong></span> <span class='ocrx_word' id='word_1_115' title='bbox 1318 1730 1591 1799; x_wconf 91' lang='lat' dir='ltr'><strong>loquutum</strong></span> <span class='ocrx_word' id='word_1_116' title='bbox 1622 1727 1783 1781; x_wconf 82' lang='lat' dir='ltr'><strong>fuisse</strong></span> <span class='ocrx_word' id='word_1_117' title='bbox 1807 1747 1819 1781; x_wconf 90' lang='lat'><strong>:</strong></span> <span class='ocrx_word' id='word_1_118' title='bbox 1842 1740 1983 1780; x_wconf 89' lang='lat' dir='ltr'><strong>nunc</strong></span> <span class='ocrx_word' id='word_1_119' title='bbox 2004 1740 2104 1778; x_wconf 87' lang='lat' dir='ltr'><strong>au-</strong></span> 
     </span>
    </p>
   </div>
   <div class='ocr_carea' id='block_1_16' title="bbox 516 1814 2103 1889">
    <p class='ocr_par' dir='ltr' id='par_1_16' title="bbox 516 1814 2103 1889">
     <span class='ocr_line' id='line_1_16' title="bbox 516 1814 2103 1889; baseline -0.008 -9"><span class='ocrx_word' id='word_1_120' title='bbox 516 1832 623 1880; x_wconf 80' lang='lat' dir='ltr'><strong>tem</strong></span> <span class='ocrx_word' id='word_1_121' title='bbox 649 1824 762 1877; x_wconf 86' lang='lat' dir='ltr'><strong>vult</strong></span> <span class='ocrx_word' id='word_1_122' title='bbox 802 1823 851 1877; x_wconf 89' lang='lat' dir='ltr'><strong>ei</strong></span> <span class='ocrx_word' id='word_1_123' title='bbox 896 1822 1203 1887; x_wconf 76' lang='lat' dir='ltr'><strong>ostendere,</strong></span> <span class='ocrx_word' id='word_1_124' title='bbox 1240 1836 1398 1889; x_wconf 89' lang='lat' dir='ltr'><strong>quam</strong></span> <span class='ocrx_word' id='word_1_125' title='bbox 1450 1816 1865 1872; x_wconf 87' lang='lat' dir='ltr'><strong>innumerabiles</strong></span> <span class='ocrx_word' id='word_1_126' title='bbox 1907 1815 2016 1869; x_wconf 90' lang='lat' dir='ltr'><strong>sint</strong></span> <span class='ocrx_word' id='word_1_127' title='bbox 2052 1814 2103 1868; x_wconf 95' lang='lat' dir='ltr'><strong>in</strong></span> 
     </span>
    </p>
   </div>
   <div class='ocr_carea' id='block_1_17' title="bbox 515 1908 2110 1983">
    <p class='ocr_par' dir='ltr' id='par_1_17' title="bbox 515 1908 2110 1983">
     <span class='ocr_line' id='line_1_17' title="bbox 515 1908 2110 1983; baseline -0.007 -11"><span class='ocrx_word' id='word_1_128' title='bbox 515 1917 648 1972; x_wconf 70' lang='lat' dir='ltr'><strong>cmlo</strong></span> <span class='ocrx_word' id='word_1_129' title='bbox 673 1915 862 1979; x_wconf 73' lang='lat' dir='ltr'><strong>stellm,</strong></span> <span class='ocrx_word' id='word_1_130' title='bbox 887 1914 1060 1983; x_wconf 84' lang='lat' dir='ltr'><strong>inquit</strong></span> <span class='ocrx_word' id='word_1_131' title='bbox 1082 1930 1097 1968; x_wconf 89' lang='lat'><strong>:</strong></span> <span class='ocrx_word' id='word_1_132' title='bbox 1117 1912 1310 1967; x_wconf 71' lang='lat' dir='ltr'><strong>Eduxit</strong></span> <span class='ocrx_word' id='word_1_133' title='bbox 1329 1929 1442 1967; x_wconf 88' lang='lat' dir='ltr'><strong>eum</strong></span> <span class='ocrx_word' id='word_1_134' title='bbox 1464 1914 1623 1983; x_wconf 79' lang='lat' dir='ltr'><strong>foras,</strong></span> <span class='ocrx_word' id='word_1_135' title='bbox 1642 1920 1689 1964; x_wconf 88' lang='lat' dir='ltr'><strong>et</strong></span> <span class='ocrx_word' id='word_1_136' title='bbox 1711 1910 1841 1963; x_wconf 72' lang='lat' dir='ltr'><strong>dixit</strong></span> <span class='ocrx_word' id='word_1_137' title='bbox 1860 1926 1878 1963; x_wconf 90' lang='lat'><strong><em>:</em></strong></span> <span class='ocrx_word' id='word_1_138' title='bbox 1895 1908 2110 1979; x_wconf 78' lang='lat' dir='ltr'><strong>Suspice</strong></span> 
     </span>
    </p>
   </div>
   <div class='ocr_carea' id='block_1_18' title="bbox 519 2001 2107 2073">
    <p class='ocr_par' dir='ltr' id='par_1_18' title="bbox 519 2001 2107 2073">
     <span class='ocr_line' id='line_1_18' title="bbox 519 2001 2107 2073; baseline -0.006 -12"><span class='ocrx_word' id='word_1_139' title='bbox 519 2008 573 2061; x_wconf 86' lang='lat' dir='ltr'><strong>in</strong></span> <span class='ocrx_word' id='word_1_140' title='bbox 600 2007 796 2070; x_wconf 73' lang='lat' dir='ltr'><strong>uelum,</strong></span> <span class='ocrx_word' id='word_1_141' title='bbox 829 2015 874 2059; x_wconf 90' lang='lat' dir='ltr'><strong>et</strong></span> <span class='ocrx_word' id='word_1_142' title='bbox 900 2022 1107 2059; x_wconf 73' lang='lat' dir='ltr'><strong>numera</strong></span> <span class='ocrx_word' id='word_1_143' title='bbox 1133 2004 1330 2070; x_wconf 90' lang='lat' dir='ltr'><strong>stellas,</strong></span> <span class='ocrx_word' id='word_1_144' title='bbox 1361 2004 1404 2057; x_wconf 88' lang='lat' dir='ltr'><strong>si</strong></span> <span class='ocrx_word' id='word_1_145' title='bbox 1437 2003 1625 2073; x_wconf 85' lang='lat' dir='ltr'><strong>poteris</strong></span> <span class='ocrx_word' id='word_1_146' title='bbox 1651 2018 1736 2056; x_wconf 87' lang='lat' dir='ltr'><strong>eas</strong></span> <span class='ocrx_word' id='word_1_147' title='bbox 1764 2001 2107 2054; x_wconf 83' lang='lat' dir='ltr'><strong>dinumerare.</strong></span> 
     </span>
    </p>
   </div>
   <div class='ocr_carea' id='block_1_19' title="bbox 521 2094 2106 2164">
    <p class='ocr_par' dir='ltr' id='par_1_19' title="bbox 521 2094 2106 2164">
     <span class='ocr_line' id='line_1_19' title="bbox 521 2094 2106 2164; baseline -0.003 -13"><span class='ocrx_word' id='word_1_148' title='bbox 521 2097 590 2152; x_wconf 86' lang='lat' dir='ltr'><strong>Et</strong></span> <span class='ocrx_word' id='word_1_149' title='bbox 616 2099 742 2152; x_wconf 79' lang='lat' dir='ltr'><strong>dixit</strong></span> <span class='ocrx_word' id='word_1_150' title='bbox 763 2098 805 2151; x_wconf 89' lang='lat' dir='ltr'><strong>ei</strong></span> <span class='ocrx_word' id='word_1_151' title='bbox 829 2113 846 2151; x_wconf 93' lang='lat'><strong><em>:</em></strong></span> <span class='ocrx_word' id='word_1_152' title='bbox 868 2097 957 2152; x_wconf 89' lang='lat' dir='ltr'><strong>Sic</strong></span> <span class='ocrx_word' id='word_1_153' title='bbox 979 2098 1075 2153; x_wconf 87' lang='lat' dir='ltr'><strong>erit</strong></span> <span class='ocrx_word' id='word_1_154' title='bbox 1100 2113 1269 2151; x_wconf 84' lang='lat' dir='ltr'><strong>semen</strong></span> <span class='ocrx_word' id='word_1_155' title='bbox 1299 2106 1460 2149; x_wconf 86' lang='lat' dir='ltr'><strong>tuum.</strong></span> <span class='ocrx_word' id='word_1_156' title='bbox 1492 2094 1737 2164; x_wconf 80' lang='lat' dir='ltr'><strong>Magnum</strong></span> <span class='ocrx_word' id='word_1_157' title='bbox 1764 2095 2106 2164; x_wconf 90' lang='lat' dir='ltr'><strong>promissum,</strong></span> 
     </span>
    </p>
   </div>
   <div class='ocr_carea' id='block_1_20' title="bbox 525 2184 2113 2259">
    <p class='ocr_par' dir='ltr' id='par_1_20' title="bbox 525 2184 2113 2259">
     <span class='ocr_line' id='line_1_20' title="bbox 525 2184 2113 2259; baseline -0.004 -16"><span class='ocrx_word' id='word_1_158' title='bbox 525 2189 715 2259; x_wconf 86' lang='lat' dir='ltr'><strong>ingens</strong></span> <span class='ocrx_word' id='word_1_159' title='bbox 738 2188 1106 2257; x_wconf 89' lang='lat' dir='ltr'><strong>promissionis</strong></span> <span class='ocrx_word' id='word_1_160' title='bbox 1125 2186 1432 2257; x_wconf 81' lang='lat' dir='ltr'><strong>magnitudo</strong></span> <span class='ocrx_word' id='word_1_161' title='bbox 1457 2204 1469 2240; x_wconf 90' lang='lat'>:</span> <span class='ocrx_word' id='word_1_162' title='bbox 1494 2185 1589 2240; x_wconf 88' lang='lat' dir='ltr'><strong>sed</strong></span> <span class='ocrx_word' id='word_1_163' title='bbox 1621 2186 1665 2238; x_wconf 93' lang='lat' dir='ltr'><strong>si</strong></span> <span class='ocrx_word' id='word_1_164' title='bbox 1693 2184 1861 2254; x_wconf 87' lang='lat' dir='ltr'><strong>ipsam</strong></span> <span class='ocrx_word' id='word_1_165' title='bbox 1889 2184 2113 2253; x_wconf 64' lang='lat' dir='ltr'><strong>promito</strong></span> 
     </span>
    </p>
   </div>
   <div class='ocr_carea' id='block_1_21' title="bbox 524 2276 2115 2350">
    <p class='ocr_par' dir='ltr' id='par_1_21' title="bbox 524 2276 2115 2350">
     <span class='ocr_line' id='line_1_21' title="bbox 524 2276 2115 2350; baseline -0.004 -13"><span class='ocrx_word' id='word_1_166' title='bbox 524 2282 686 2337; x_wconf 90' lang='lat' dir='ltr'><strong>tentis</strong></span> <span class='ocrx_word' id='word_1_167' title='bbox 732 2281 982 2335; x_wconf 88' lang='lat' dir='ltr'><strong>virtutem</strong></span> <span class='ocrx_word' id='word_1_168' title='bbox 1025 2279 1412 2350; x_wconf 86' lang='lat' dir='ltr'><strong>cogitabimus,</strong></span> <span class='ocrx_word' id='word_1_169' title='bbox 1462 2277 1591 2332; x_wconf 90' lang='lat' dir='ltr'><strong>nihil</strong></span> <span class='ocrx_word' id='word_1_170' title='bbox 1637 2278 1792 2332; x_wconf 89' lang='lat' dir='ltr'><strong>nobis</strong></span> <span class='ocrx_word' id='word_1_171' title='bbox 1838 2276 2115 2347; x_wconf 85' lang='lat' dir='ltr'><strong>apparebit</strong></span> 
     </span>
    </p>
   </div>
   <div class='ocr_carea' id='block_1_22' title="bbox 529 2368 2112 2443">
    <p class='ocr_par' dir='ltr' id='par_1_22' title="bbox 529 2368 2112 2443">
     <span class='ocr_line' id='line_1_22' title="bbox 529 2368 2112 2443; baseline -0.004 -15"><span class='ocrx_word' id='word_1_172' title='bbox 529 2388 802 2443; x_wconf 87' lang='lat' dir='ltr'><strong>magnum.</strong></span> <span class='ocrx_word' id='word_1_173' title='bbox 833 2372 931 2439; x_wconf 85' lang='lat' dir='ltr'><strong>Qui</strong></span> <span class='ocrx_word' id='word_1_174' title='bbox 962 2373 1104 2426; x_wconf 90' lang='lat' dir='ltr'><strong>enim</strong></span> <span class='ocrx_word' id='word_1_175' title='bbox 1134 2371 1202 2426; x_wconf 91' lang='lat' dir='ltr'><strong>de</strong></span> <span class='ocrx_word' id='word_1_176' title='bbox 1229 2380 1369 2425; x_wconf 88' lang='lat' dir='ltr'><strong>terra</strong></span> <span class='ocrx_word' id='word_1_177' title='bbox 1391 2383 1587 2439; x_wconf 89' lang='lat' dir='ltr'><strong>corpus</strong></span> <span class='ocrx_word' id='word_1_178' title='bbox 1611 2368 1875 2433; x_wconf 77' lang='lat' dir='ltr'><strong>formavit,</strong></span> <span class='ocrx_word' id='word_1_179' title='bbox 1900 2378 1955 2423; x_wconf 91' lang='lat' dir='ltr'><strong>et</strong></span> <span class='ocrx_word' id='word_1_180' title='bbox 1974 2368 2112 2435; x_wconf 91' lang='lat' dir='ltr'><strong>quod</strong></span> 
     </span>
    </p>
   </div>
   <div class='ocr_carea' id='block_1_23' title="bbox 527 2458 2117 2529">
    <p class='ocr_par' dir='ltr' id='par_1_23' title="bbox 527 2458 2117 2529">
     <span class='ocr_line' id='line_1_23' title="bbox 527 2458 2117 2529; baseline -0.006 -10"><span class='ocrx_word' id='word_1_181' title='bbox 527 2480 637 2519; x_wconf 91' lang='lat' dir='ltr'><strong>non</strong></span> <span class='ocrx_word' id='word_1_182' title='bbox 655 2475 788 2527; x_wconf 91' lang='lat' dir='ltr'><strong>crat,</strong></span> <span class='ocrx_word' id='word_1_183' title='bbox 811 2464 861 2517; x_wconf 88' lang='lat' dir='ltr'><strong>id</strong></span> <span class='ocrx_word' id='word_1_184' title='bbox 879 2472 936 2517; x_wconf 90' lang='lat' dir='ltr'><strong>ut</strong></span> <span class='ocrx_word' id='word_1_185' title='bbox 956 2470 1101 2517; x_wconf 84' lang='lat' dir='ltr'><strong>esset</strong></span> <span class='ocrx_word' id='word_1_186' title='bbox 1120 2461 1265 2528; x_wconf 80' lang='lat' dir='ltr'><strong>fecit,</strong></span> <span class='ocrx_word' id='word_1_187' title='bbox 1285 2470 1340 2517; x_wconf 90' lang='lat' dir='ltr'><strong>et</strong></span> <span class='ocrx_word' id='word_1_188' title='bbox 1354 2460 1592 2515; x_wconf 89' lang='lat' dir='ltr'><strong>condidit</strong></span> <span class='ocrx_word' id='word_1_189' title='bbox 1606 2460 1781 2514; x_wconf 90' lang='lat' dir='ltr'><strong>omnia</strong></span> <span class='ocrx_word' id='word_1_190' title='bbox 1799 2475 1917 2529; x_wconf 82' lang='lat' dir='ltr'><strong>quae</strong></span> <span class='ocrx_word' id='word_1_191' title='bbox 1933 2458 2117 2513; x_wconf 83' lang='lat' dir='ltr'><strong>viden-</strong></span> 
     </span>
    </p>
   </div>
   <div class='ocr_carea' id='block_1_24' title="bbox 529 2555 2114 2626">
    <p class='ocr_par' dir='ltr' id='par_1_24' title="bbox 529 2555 2114 2626">
     <span class='ocr_line' id='line_1_24' title="bbox 529 2555 2114 2626; baseline -0.005 -14"><span class='ocrx_word' id='word_1_192' title='bbox 529 2568 646 2625; x_wconf 88' lang='lat' dir='ltr'><strong>tur,</strong></span> <span class='ocrx_word' id='word_1_193' title='bbox 674 2557 761 2612; x_wconf 90' lang='lat' dir='ltr'><strong>ille</strong></span> <span class='ocrx_word' id='word_1_194' title='bbox 790 2557 951 2612; x_wconf 89' lang='lat' dir='ltr'><strong>etiam</strong></span> <span class='ocrx_word' id='word_1_195' title='bbox 986 2555 1116 2610; x_wconf 93' lang='lat' dir='ltr'><strong>dare</strong></span> <span class='ocrx_word' id='word_1_196' title='bbox 1144 2555 1340 2626; x_wconf 86' lang='lat' dir='ltr'><strong>potet-it</strong></span> <span class='ocrx_word' id='word_1_197' title='bbox 1368 2570 1488 2624; x_wconf 72' lang='lat' dir='ltr'><strong>qua:</strong></span> <span class='ocrx_word' id='word_1_198' title='bbox 1515 2567 1672 2621; x_wconf 88' lang='lat' dir='ltr'><strong>supra</strong></span> <span class='ocrx_word' id='word_1_199' title='bbox 1704 2563 1947 2605; x_wconf 91' lang='lat' dir='ltr'><strong>naturam</strong></span> <span class='ocrx_word' id='word_1_200' title='bbox 1972 2560 2114 2605; x_wconf 90' lang='lat' dir='ltr'><strong>sunt.</strong></span> 
     </span>
    </p>
   </div>
   <div class='ocr_carea' id='block_1_25' title="bbox 603 2640 2117 2711">
    <p class='ocr_par' dir='ltr' id='par_1_25' title="bbox 603 2640 2117 2711">
     <span class='ocr_line' id='line_1_25' title="bbox 603 2640 2117 2711; baseline -0.007 -6"><span class='ocrx_word' id='word_1_201' title='bbox 603 2650 657 2705; x_wconf 88' lang='lat'><strong>5.</strong></span> <span class='ocrx_word' id='word_1_202' title='bbox 695 2647 880 2702; x_wconf 78' lang='lat' dir='ltr'><strong>Vidisti</strong></span> <span class='ocrx_word' id='word_1_203' title='bbox 922 2646 1132 2701; x_wconf 89' lang='lat' dir='ltr'><strong>Domini</strong></span> <span class='ocrx_word' id='word_1_204' title='bbox 1181 2644 1599 2700; x_wconf 79' lang='lat' dir='ltr'><strong>liberalitatem?</strong></span> <span class='ocrx_word' id='word_1_205' title='bbox 1648 2642 1934 2711; x_wconf 88' lang='lat' dir='ltr'><strong>Postquam</strong></span> <span class='ocrx_word' id='word_1_206' title='bbox 1975 2640 2117 2695; x_wconf 91' lang='lat' dir='ltr'><strong>enim</strong></span> 
     </span>
    </p>
   </div>
   <div class='ocr_carea' id='block_1_26' title="bbox 531 2732 2120 2810">
    <p class='ocr_par' dir='ltr' id='par_1_26' title="bbox 531 2732 2120 2810">
     <span class='ocr_line' id='line_1_26' title="bbox 531 2732 2120 2810; baseline -0.007 -13"><span class='ocrx_word' id='word_1_207' title='bbox 531 2740 686 2804; x_wconf 88' lang='lat' dir='ltr'><strong>dixit,</strong></span> <span class='ocrx_word' id='word_1_208' title='bbox 721 2740 918 2810; x_wconf 80' lang='lat' dir='ltr'><strong>Absque</strong></span> <span class='ocrx_word' id='word_1_209' title='bbox 942 2739 1084 2808; x_wconf 87' lang='lat' dir='ltr'><strong>prole</strong></span> <span class='ocrx_word' id='word_1_210' title='bbox 1115 2737 1362 2799; x_wconf 86' lang='lat' dir='ltr'><strong>dimittor,</strong></span> <span class='ocrx_word' id='word_1_211' title='bbox 1391 2734 1544 2806; x_wconf 89' lang='lat' dir='ltr'><strong>quasi</strong></span> <span class='ocrx_word' id='word_1_212' title='bbox 1570 2733 1707 2803; x_wconf 91' lang='lat' dir='ltr'><strong>apud</strong></span> <span class='ocrx_word' id='word_1_213' title='bbox 1735 2742 1913 2803; x_wconf 89' lang='lat' dir='ltr'><strong>portas</strong></span> <span class='ocrx_word' id='word_1_214' title='bbox 1933 2732 2120 2786; x_wconf 89' lang='lat' dir='ltr'><strong>mortis</strong></span> 
     </span>
    </p>
   </div>
   <div class='ocr_carea' id='block_1_27' title="bbox 529 2826 2122 2899">
    <p class='ocr_par' dir='ltr' id='par_1_27' title="bbox 529 2826 2122 2899">
     <span class='ocr_line' id='line_1_27' title="bbox 529 2826 2122 2899; baseline -0.008 -9"><span class='ocrx_word' id='word_1_215' title='bbox 529 2835 817 2899; x_wconf 84' lang='lat' dir='ltr'><strong>exsistens,</strong></span> <span class='ocrx_word' id='word_1_216' title='bbox 837 2841 891 2886; x_wconf 93' lang='lat' dir='ltr'><strong>et</strong></span> <span class='ocrx_word' id='word_1_217' title='bbox 913 2830 1041 2885; x_wconf 90' lang='lat' dir='ltr'><strong>nihil</strong></span> <span class='ocrx_word' id='word_1_218' title='bbox 1064 2829 1293 2899; x_wconf 89' lang='lat' dir='ltr'><strong>amplius</strong></span> <span class='ocrx_word' id='word_1_219' title='bbox 1315 2827 1528 2896; x_wconf 89' lang='lat' dir='ltr'><strong>operari</strong></span> <span class='ocrx_word' id='word_1_220' title='bbox 1548 2826 1729 2880; x_wconf 86' lang='lat' dir='ltr'><strong>valens</strong></span> <span class='ocrx_word' id='word_1_221' title='bbox 1750 2834 1809 2879; x_wconf 90' lang='lat' dir='ltr'><strong>ut</strong></span> <span class='ocrx_word' id='word_1_222' title='bbox 1831 2838 2122 2894; x_wconf 79' lang='lat' dir='ltr'><strong>procreen-</strong></span> 
     </span>
    </p>
   </div>
   <div class='ocr_carea' id='block_1_28' title="bbox 534 2913 2121 2988">
    <p class='ocr_par' dir='ltr' id='par_1_28' title="bbox 534 2913 2121 2988">
     <span class='ocr_line' id='line_1_28' title="bbox 534 2913 2121 2988; baseline -0.011 -5"><span class='ocrx_word' id='word_1_223' title='bbox 534 2934 623 2983; x_wconf 84' lang='lat' dir='ltr'><strong>tur</strong></span> <span class='ocrx_word' id='word_1_224' title='bbox 650 2924 823 2987; x_wconf 87' lang='lat' dir='ltr'><strong>liberi,</strong></span> <span class='ocrx_word' id='word_1_225' title='bbox 856 2923 932 2977; x_wconf 91' lang='lat' dir='ltr'><strong>sic</strong></span> <span class='ocrx_word' id='word_1_226' title='bbox 960 2921 1123 2975; x_wconf 89' lang='lat' dir='ltr'><strong>verba</strong></span> <span class='ocrx_word' id='word_1_227' title='bbox 1163 2920 1252 2974; x_wconf 90' lang='lat' dir='ltr'><strong>illa</strong></span> <span class='ocrx_word' id='word_1_228' title='bbox 1279 2918 1519 2988; x_wconf 86' lang='lat' dir='ltr'><strong>protulit,</strong></span> <span class='ocrx_word' id='word_1_229' title='bbox 1562 2917 1782 2972; x_wconf 89' lang='lat' dir='ltr'><strong>dicens:</strong></span> <span class='ocrx_word' id='word_1_230' title='bbox 1807 2914 1852 2968; x_wconf 84' lang='lat' dir='ltr'><em>F</em></span> <span class='ocrx_word' id='word_1_231' title='bbox 1855 2916 1972 2969; x_wconf 87' lang='lat' dir='ltr'><strong>ilius</strong></span> <span class='ocrx_word' id='word_1_232' title='bbox 2004 2913 2121 2967; x_wconf 76' lang='lat' dir='ltr'><strong>Ma-</strong></span> 
     </span>
    </p>
   </div>
   <div class='ocr_carea' id='block_1_29' title="bbox 535 3007 2126 3090">
    <p class='ocr_par' dir='ltr' id='par_1_29' title="bbox 535 3007 2126 3090">
     <span class='ocr_line' id='line_1_29' title="bbox 535 3007 2126 3090; baseline -0.009 -16"><span class='ocrx_word' id='word_1_233' title='bbox 535 3036 617 3074; x_wconf 87' lang='lat' dir='ltr'><strong>sec</strong></span> <span class='ocrx_word' id='word_1_234' title='bbox 642 3019 722 3090; x_wconf 86' lang='lat' dir='ltr'><strong>(a)</strong></span> <span class='ocrx_word' id='word_1_235' title='bbox 751 3015 1033 3071; x_wconf 81' lang='lat' dir='ltr'><strong>vernacqu</strong></span> <span class='ocrx_word' id='word_1_236' title='bbox 1079 3029 1204 3067; x_wconf 75' lang='lat' dir='ltr'><strong>mea:</strong></span> <span class='ocrx_word' id='word_1_237' title='bbox 1248 3012 1389 3066; x_wconf 86' lang='lat' dir='ltr'><strong>heres</strong></span> <span class='ocrx_word' id='word_1_238' title='bbox 1428 3027 1569 3065; x_wconf 86' lang='lat' dir='ltr'><strong>meus</strong></span> <span class='ocrx_word' id='word_1_239' title='bbox 1611 3009 1724 3062; x_wconf 85' lang='lat' dir='ltr'><strong>erit.</strong></span> <span class='ocrx_word' id='word_1_240' title='bbox 1774 3007 1899 3063; x_wconf 90' lang='lat' dir='ltr'><strong>Ideo</strong></span> <span class='ocrx_word' id='word_1_241' title='bbox 1943 3007 2126 3061; x_wconf 85' lang='lat' dir='ltr'><strong>volens</strong></span> 
     </span>
    </p>
   </div>
   <div class='ocr_carea' id='block_1_30' title="bbox 538 3098 2123 3181">
    <p class='ocr_par' dir='ltr' id='par_1_30' title="bbox 538 3098 2123 3181">
     <span class='ocr_line' id='line_1_30' title="bbox 538 3098 2123 3181; baseline -0.008 -16"><span class='ocrx_word' id='word_1_242' title='bbox 538 3111 782 3181; x_wconf 88' lang='lat' dir='ltr'><strong>spiritum</strong></span> <span class='ocrx_word' id='word_1_243' title='bbox 800 3123 916 3177; x_wconf 81' lang='lat' dir='ltr'><strong>ejus</strong></span> <span class='ocrx_word' id='word_1_244' title='bbox 932 3107 1159 3174; x_wconf 77' lang='lat' dir='ltr'><strong>erigere,</strong></span> <span class='ocrx_word' id='word_1_245' title='bbox 1184 3112 1240 3159; x_wconf 91' lang='lat' dir='ltr'><strong>et</strong></span> <span class='ocrx_word' id='word_1_246' title='bbox 1259 3118 1455 3158; x_wconf 91' lang='lat' dir='ltr'><strong>novum</strong></span> <span class='ocrx_word' id='word_1_247' title='bbox 1475 3105 1710 3171; x_wconf 80' lang='lat' dir='ltr'><strong>vigorem</strong></span> <span class='ocrx_word' id='word_1_248' title='bbox 1725 3100 1888 3155; x_wconf 88' lang='lat' dir='ltr'><strong>menti</strong></span> <span class='ocrx_word' id='word_1_249' title='bbox 1908 3098 2123 3160; x_wconf 85' lang='lat' dir='ltr'><strong>addere.</strong></span> 
     </span>
    </p>
   </div>
   <div class='ocr_carea' id='block_1_31' title="bbox 540 3192 2131 3262">
    <p class='ocr_par' dir='ltr' id='par_1_31' title="bbox 540 3192 2131 3262">
     <span class='ocr_line' id='line_1_31' title="bbox 540 3192 2131 3262; baseline -0.008 -5"><span class='ocrx_word' id='word_1_250' title='bbox 540 3204 610 3257; x_wconf 92' lang='lat' dir='ltr'><strong>ab</strong></span> <span class='ocrx_word' id='word_1_251' title='bbox 637 3200 948 3256; x_wconf 85' lang='lat' dir='ltr'><strong>imminente</strong></span> <span class='ocrx_word' id='word_1_252' title='bbox 978 3198 1169 3251; x_wconf 88' lang='lat' dir='ltr'><strong>timore</strong></span> <span class='ocrx_word' id='word_1_253' title='bbox 1192 3209 1317 3251; x_wconf 89' lang='lat' dir='ltr'><strong>eum</strong></span> <span class='ocrx_word' id='word_1_254' title='bbox 1344 3195 1553 3258; x_wconf 87' lang='lat' dir='ltr'><strong>liberat,</strong></span> <span class='ocrx_word' id='word_1_255' title='bbox 1583 3192 2039 3262; x_wconf 88' lang='lat' dir='ltr'><strong>promissioneque</strong></span> <span class='ocrx_word' id='word_1_256' title='bbox 2066 3202 2131 3244; x_wconf 89' lang='lat' dir='ltr'><strong>ac</strong></span> 
     </span>
    </p>
   </div>
   <div class='ocr_carea' id='block_1_32' title="bbox 541 3278 2132 3360">
    <p class='ocr_par' dir='ltr' id='par_1_32' title="bbox 541 3278 2132 3360">
     <span class='ocr_line' id='line_1_32' title="bbox 541 3278 2132 3360; baseline -0.009 -11"><span class='ocrx_word' id='word_1_257' title='bbox 541 3293 670 3349; x_wconf 89' lang='lat' dir='ltr'><strong>doni</strong></span> <span class='ocrx_word' id='word_1_258' title='bbox 719 3288 1085 3360; x_wconf 87' lang='lat' dir='ltr'><strong>magnitudine</strong></span> <span class='ocrx_word' id='word_1_259' title='bbox 1126 3295 1363 3341; x_wconf 88' lang='lat' dir='ltr'><strong>mentem</strong></span> <span class='ocrx_word' id='word_1_260' title='bbox 1406 3285 1523 3354; x_wconf 88' lang='lat' dir='ltr'><strong>ejus</strong></span> <span class='ocrx_word' id='word_1_261' title='bbox 1565 3284 1756 3353; x_wconf 86' lang='lat' dir='ltr'><strong>erigit,</strong></span> <span class='ocrx_word' id='word_1_262' title='bbox 1799 3278 2132 3337; x_wconf 89' lang='lat' dir='ltr'><strong>ostendendo</strong></span> 
     </span>
    </p>
   </div>
   <div class='ocr_carea' id='block_1_33' title="bbox 545 3372 2130 3445">
    <p class='ocr_par' dir='ltr' id='par_1_33' title="bbox 545 3372 2130 3445">
     <span class='ocr_line' id='line_1_33' title="bbox 545 3372 2130 3445; baseline -0.009 -6"><span class='ocrx_word' id='word_1_263' title='bbox 545 3384 823 3439; x_wconf 84' lang='lat' dir='ltr'><strong>stellarum</strong></span> <span class='ocrx_word' id='word_1_264' title='bbox 852 3377 1269 3444; x_wconf 86' lang='lat' dir='ltr'><strong>multitudinem,</strong></span> <span class='ocrx_word' id='word_1_265' title='bbox 1288 3385 1343 3430; x_wconf 89' lang='lat' dir='ltr'><strong>et</strong></span> <span class='ocrx_word' id='word_1_266' title='bbox 1364 3372 1721 3445; x_wconf 91' lang='lat' dir='ltr'><strong>promittendo</strong></span> <span class='ocrx_word' id='word_1_267' title='bbox 1748 3372 2045 3426; x_wconf 85' lang='lat' dir='ltr'><strong>nascituros</strong></span> <span class='ocrx_word' id='word_1_268' title='bbox 2064 3384 2130 3425; x_wconf 81' lang='lat' dir='ltr'><strong>ex</strong></span> 
     </span>
    </p>
   </div>
   <div class='ocr_carea' id='block_1_34' title="bbox 543 3462 2132 3543">
    <p class='ocr_par' dir='ltr' id='par_1_34' title="bbox 543 3462 2132 3543">
     <span class='ocr_line' id='line_1_34' title="bbox 543 3462 2132 3543; baseline -0.009 -14"><span class='ocrx_word' id='word_1_269' title='bbox 543 3491 611 3531; x_wconf 90' lang='lat' dir='ltr'><strong>eo</strong></span> <span class='ocrx_word' id='word_1_270' title='bbox 638 3474 744 3529; x_wconf 90' lang='lat' dir='ltr'><strong>illis</strong></span> <span class='ocrx_word' id='word_1_271' title='bbox 771 3486 928 3543; x_wconf 89' lang='lat' dir='ltr'><strong>pares</strong></span> <span class='ocrx_word' id='word_1_272' title='bbox 952 3470 1179 3534; x_wconf 80' lang='lat' dir='ltr'><strong>futuros,</strong></span> <span class='ocrx_word' id='word_1_273' title='bbox 1204 3469 1255 3523; x_wconf 90' lang='lat' dir='ltr'><strong>in</strong></span> <span class='ocrx_word' id='word_1_274' title='bbox 1284 3468 1476 3522; x_wconf 82' lang='lat' dir='ltr'><strong>bonam</strong></span> <span class='ocrx_word' id='word_1_275' title='bbox 1500 3481 1650 3535; x_wconf 89' lang='lat' dir='ltr'><strong>spem</strong></span> <span class='ocrx_word' id='word_1_276' title='bbox 1674 3464 1908 3519; x_wconf 90' lang='lat' dir='ltr'><strong>adducit.</strong></span> <span class='ocrx_word' id='word_1_277' title='bbox 1936 3462 2132 3517; x_wconf 81' lang='lat' dir='ltr'><strong>Videtis</strong></span> 
     </span>
    </p>
   </div>
   <div class='ocr_carea' id='block_1_35' title="bbox 544 3554 2133 3633">
    <p class='ocr_par' dir='ltr' id='par_1_35' title="bbox 544 3554 2133 3633">
     <span class='ocr_line' id='line_1_35' title="bbox 544 3554 2133 3633; baseline -0.011 -9"><span class='ocrx_word' id='word_1_278' title='bbox 544 3568 690 3623; x_wconf 86' lang='lat' dir='ltr'><strong>enim</strong></span> <span class='ocrx_word' id='word_1_279' title='bbox 734 3566 940 3620; x_wconf 83' lang='lat' dir='ltr'><strong>Domini</strong></span> <span class='ocrx_word' id='word_1_280' title='bbox 985 3561 1432 3633; x_wconf 84' lang='lat' dir='ltr'><strong>promissionem,</strong></span> <span class='ocrx_word' id='word_1_281' title='bbox 1478 3558 1675 3627; x_wconf 89' lang='lat' dir='ltr'><strong>rejecta</strong></span> <span class='ocrx_word' id='word_1_282' title='bbox 1719 3558 1863 3611; x_wconf 92' lang='lat' dir='ltr'><strong>omni</strong></span> <span class='ocrx_word' id='word_1_283' title='bbox 1903 3554 2133 3610; x_wconf 87' lang='lat' dir='ltr'><strong>humana</strong></span> 
     </span>
    </p>
   </div>
   <div class='ocr_carea' id='block_1_36' title="bbox 544 3648 2136 3724">
    <p class='ocr_par' dir='ltr' id='par_1_36' title="bbox 544 3648 2136 3724">
     <span class='ocr_line' id='line_1_36' title="bbox 544 3648 2136 3724; baseline -0.008 -9"><span class='ocrx_word' id='word_1_284' title='bbox 544 3661 772 3723; x_wconf 86' lang='lat' dir='ltr'><strong>ratione,</strong></span> <span class='ocrx_word' id='word_1_285' title='bbox 803 3666 858 3712; x_wconf 90' lang='lat' dir='ltr'><strong>et</strong></span> <span class='ocrx_word' id='word_1_286' title='bbox 878 3670 1051 3724; x_wconf 82' lang='lat' dir='ltr'><strong>neque</strong></span> <span class='ocrx_word' id='word_1_287' title='bbox 1074 3654 1141 3710; x_wconf 91' lang='lat' dir='ltr'><strong>ad</strong></span> <span class='ocrx_word' id='word_1_288' title='bbox 1167 3668 1228 3709; x_wconf 90' lang='lat' dir='ltr'><strong>se</strong></span> <span class='ocrx_word' id='word_1_289' title='bbox 1250 3654 1443 3723; x_wconf 88' lang='lat' dir='ltr'><strong>ipsum,</strong></span> <span class='ocrx_word' id='word_1_290' title='bbox 1467 3666 1642 3721; x_wconf 92' lang='lat' dir='ltr'><strong>neque</strong></span> <span class='ocrx_word' id='word_1_291' title='bbox 1662 3650 1729 3705; x_wconf 92' lang='lat' dir='ltr'><strong>ad</strong></span> <span class='ocrx_word' id='word_1_292' title='bbox 1752 3650 1935 3705; x_wconf 89' lang='lat' dir='ltr'><strong>Saram</strong></span> <span class='ocrx_word' id='word_1_293' title='bbox 1959 3648 2136 3702; x_wconf 87' lang='lat' dir='ltr'><strong>minus</strong></span> 
     </span>
    </p>
   </div>
   <div class='ocr_carea' id='block_1_37' title="bbox 545 3737 2135 3819">
    <p class='ocr_par' dir='ltr' id='par_1_37' title="bbox 545 3737 2135 3819">
     <span class='ocr_line' id='line_1_37' title="bbox 545 3737 2135 3819; baseline -0.008 -15"><span class='ocrx_word' id='word_1_294' title='bbox 545 3748 903 3819; x_wconf 79' lang='lat' dir='ltr'><strong>procreationi</strong></span> <span class='ocrx_word' id='word_1_295' title='bbox 934 3757 1111 3816; x_wconf 86' lang='lat' dir='ltr'><strong>aptam</strong></span> <span class='ocrx_word' id='word_1_296' title='bbox 1138 3743 1433 3812; x_wconf 78' lang='lat' dir='ltr'><strong>reSpiciens</strong></span> <span class='ocrx_word' id='word_1_297' title='bbox 1460 3741 1588 3797; x_wconf 90' lang='lat' dir='ltr'><strong>:sed</strong></span> <span class='ocrx_word' id='word_1_298' title='bbox 1625 3740 1996 3811; x_wconf 66' lang='lat' dir='ltr'><strong>praetermissis</strong></span> <span class='ocrx_word' id='word_1_299' title='bbox 2038 3737 2135 3793; x_wconf 86' lang='lat' dir='ltr'><strong>hu-</strong></span> 
     </span>
    </p>
   </div>
   <div class='ocr_carea' id='block_1_38' title="bbox 548 3832 2137 3904">
    <p class='ocr_par' dir='ltr' id='par_1_38' title="bbox 548 3832 2137 3904">
     <span class='ocr_line' id='line_1_38' title="bbox 548 3832 2137 3904; baseline -0.007 -10"><span class='ocrx_word' id='word_1_300' title='bbox 548 3839 721 3895; x_wconf 89' lang='lat' dir='ltr'><strong>manis</strong></span> <span class='ocrx_word' id='word_1_301' title='bbox 749 3838 998 3893; x_wconf 91' lang='lat' dir='ltr'><strong>omnibus</strong></span> <span class='ocrx_word' id='word_1_302' title='bbox 1021 3877 1039 3904; x_wconf 92' lang='lat'><strong>,</strong></span> <span class='ocrx_word' id='word_1_303' title='bbox 1085 3836 1265 3889; x_wconf 91' lang='lat' dir='ltr'><strong>sciens</strong></span> <span class='ocrx_word' id='word_1_304' title='bbox 1302 3834 1468 3888; x_wconf 90' lang='lat' dir='ltr'><strong>Deum</strong></span> <span class='ocrx_word' id='word_1_305' title='bbox 1510 3846 1668 3902; x_wconf 92' lang='lat' dir='ltr'><strong>posse</strong></span> <span class='ocrx_word' id='word_1_306' title='bbox 1696 3832 1858 3886; x_wconf 90' lang='lat' dir='ltr'><strong>etiam</strong></span> <span class='ocrx_word' id='word_1_307' title='bbox 1890 3845 1987 3891; x_wconf 91' lang='lat' dir='ltr'><strong>ea,</strong></span> <span class='ocrx_word' id='word_1_308' title='bbox 2018 3844 2137 3898; x_wconf 61' lang='lat' dir='ltr'><strong>quae</strong></span> 
     </span>
    </p>
   </div>
   <div class='ocr_carea' id='block_1_39' title="bbox 549 3920 2135 3999">
    <p class='ocr_par' dir='ltr' id='par_1_39' title="bbox 549 3920 2135 3999">
     <span class='ocr_line' id='line_1_39' title="bbox 549 3920 2135 3999; baseline -0.006 -15"><span class='ocrx_word' id='word_1_309' title='bbox 549 3945 711 3999; x_wconf 88' lang='lat' dir='ltr'><strong>supra</strong></span> <span class='ocrx_word' id='word_1_310' title='bbox 737 3938 985 3985; x_wconf 82' lang='lat' dir='ltr'><strong>naturain</strong></span> <span class='ocrx_word' id='word_1_311' title='bbox 1012 3936 1156 3993; x_wconf 91' lang='lat' dir='ltr'><strong>sunt,</strong></span> <span class='ocrx_word' id='word_1_312' title='bbox 1184 3925 1385 3993; x_wconf 85' lang='lat' dir='ltr'><strong>largiri,</strong></span> <span class='ocrx_word' id='word_1_313' title='bbox 1414 3923 1572 3979; x_wconf 89' lang='lat' dir='ltr'><strong>ﬁdem</strong></span> <span class='ocrx_word' id='word_1_314' title='bbox 1597 3922 1783 3978; x_wconf 89' lang='lat' dir='ltr'><strong>habuit</strong></span> <span class='ocrx_word' id='word_1_315' title='bbox 1801 3921 1985 3989; x_wconf 90' lang='lat' dir='ltr'><strong>dictis,</strong></span> <span class='ocrx_word' id='word_1_316' title='bbox 2014 3920 2135 3974; x_wconf 89' lang='lat' dir='ltr'><strong>nul-</strong></span> 
     </span>
    </p>
   </div>
   <div class='ocr_carea' id='block_1_40' title="bbox 548 4010 2141 4082">
    <p class='ocr_par' dir='ltr' id='par_1_40' title="bbox 548 4010 2141 4082">
     <span class='ocr_line' id='line_1_40' title="bbox 548 4010 2141 4082; baseline -0.006 -6"><span class='ocrx_word' id='word_1_317' title='bbox 548 4021 657 4077; x_wconf 90' lang='lat' dir='ltr'><strong>lam</strong></span> <span class='ocrx_word' id='word_1_318' title='bbox 696 4020 1079 4075; x_wconf 87' lang='lat' dir='ltr'><strong>dubitationem</strong></span> <span class='ocrx_word' id='word_1_319' title='bbox 1124 4016 1448 4081; x_wconf 90' lang='lat' dir='ltr'><strong>admittens,</strong></span> <span class='ocrx_word' id='word_1_320' title='bbox 1495 4029 1667 4082; x_wconf 91' lang='lat' dir='ltr'><strong>neque</strong></span> <span class='ocrx_word' id='word_1_321' title='bbox 1711 4028 1831 4067; x_wconf 91' lang='lat' dir='ltr'><strong>cum</strong></span> <span class='ocrx_word' id='word_1_322' title='bbox 1859 4012 1998 4067; x_wconf 90' lang='lat' dir='ltr'><strong>dicta</strong></span> <span class='ocrx_word' id='word_1_323' title='bbox 2025 4010 2141 4067; x_wconf 73' lang='lat' dir='ltr'><strong>hme</strong></span> 
     </span>
    </p>
   </div>
   <div class='ocr_carea' id='block_1_41' title="bbox 551 4102 2140 4179">
    <p class='ocr_par' dir='ltr' id='par_1_41' title="bbox 551 4102 2140 4179">
     <span class='ocr_line' id='line_1_41' title="bbox 551 4102 2140 4179; baseline -0.008 -10"><span class='ocrx_word' id='word_1_324' title='bbox 551 4115 784 4179; x_wconf 76' lang='lat' dir='ltr'><strong>fuerunt,</strong></span> <span class='ocrx_word' id='word_1_325' title='bbox 816 4110 1098 4167; x_wconf 64' lang='lat' dir='ltr'><strong>haesitavit.</strong></span> <span class='ocrx_word' id='word_1_326' title='bbox 1141 4108 1254 4163; x_wconf 84' lang='lat' dir='ltr'><strong>Hoc</strong></span> <span class='ocrx_word' id='word_1_327' title='bbox 1282 4108 1423 4163; x_wconf 90' lang='lat' dir='ltr'><strong>enim</strong></span> <span class='ocrx_word' id='word_1_328' title='bbox 1450 4122 1594 4161; x_wconf 72' lang='lat' dir='ltr'><strong>verae</strong></span> <span class='ocrx_word' id='word_1_329' title='bbox 1633 4104 1754 4160; x_wconf 91' lang='lat' dir='ltr'><strong>ﬁdei</strong></span> <span class='ocrx_word' id='word_1_330' title='bbox 1796 4114 1901 4172; x_wconf 71' lang='grc' dir='ltr'><strong>εει,</strong></span> <span class='ocrx_word' id='word_1_331' title='bbox 1927 4102 2140 4173; x_wconf 86' lang='lat' dir='ltr'><strong>quando</strong></span> 
     </span>
    </p>
   </div>
   <div class='ocr_carea' id='block_1_42' title="bbox 553 4194 2141 4273">
    <p class='ocr_par' dir='ltr' id='par_1_42' title="bbox 553 4194 2141 4273">
     <span class='ocr_line' id='line_1_42' title="bbox 553 4194 2141 4273; baseline -0.006 -15"><span class='ocrx_word' id='word_1_332' title='bbox 553 4203 941 4273; x_wconf 86' lang='lat' dir='ltr'><strong>promissiones</strong></span> <span class='ocrx_word' id='word_1_333' title='bbox 969 4215 1074 4256; x_wconf 92' lang='lat' dir='ltr'><strong>non</strong></span> <span class='ocrx_word' id='word_1_334' title='bbox 1105 4198 1398 4254; x_wconf 90' lang='lat' dir='ltr'><strong>secundum</strong></span> <span class='ocrx_word' id='word_1_335' title='bbox 1439 4197 1655 4252; x_wconf 89' lang='lat' dir='ltr'><strong>solitum</strong></span> <span class='ocrx_word' id='word_1_336' title='bbox 1679 4235 1695 4259; x_wconf 91' lang='lat'><strong>,</strong></span> <span class='ocrx_word' id='word_1_337' title='bbox 1742 4204 1797 4249; x_wconf 90' lang='lat' dir='ltr'><strong>et</strong></span> <span class='ocrx_word' id='word_1_338' title='bbox 1839 4194 2141 4249; x_wconf 87' lang='lat' dir='ltr'><strong>hominibus</strong></span> 
     </span>
    </p>
   </div>
   <div class='ocr_carea' id='block_1_43' title="bbox 553 4284 2139 4363">
    <p class='ocr_par' dir='ltr' id='par_1_43' title="bbox 553 4284 2139 4363">
     <span class='ocr_line' id='line_1_43' title="bbox 553 4284 2139 4363; baseline -0.006 -16"><span class='ocrx_word' id='word_1_339' title='bbox 553 4294 821 4363; x_wconf 86' lang='lat' dir='ltr'><strong>cognitum</strong></span> <span class='ocrx_word' id='word_1_340' title='bbox 851 4306 1054 4347; x_wconf 88' lang='lat' dir='ltr'><strong>morem</strong></span> <span class='ocrx_word' id='word_1_341' title='bbox 1086 4298 1244 4356; x_wconf 86' lang='lat' dir='ltr'><strong>sunt,</strong></span> <span class='ocrx_word' id='word_1_342' title='bbox 1273 4288 1319 4344; x_wconf 90' lang='lat' dir='ltr'><strong>si</strong></span> <span class='ocrx_word' id='word_1_343' title='bbox 1346 4303 1443 4343; x_wconf 90' lang='lat' dir='ltr'><strong>nos</strong></span> <span class='ocrx_word' id='word_1_344' title='bbox 1480 4286 1840 4356; x_wconf 89' lang='lat' dir='ltr'><strong>promittentis</strong></span> <span class='ocrx_word' id='word_1_345' title='bbox 1865 4286 2045 4339; x_wconf 88' lang='lat' dir='ltr'><strong>virtuti</strong></span> <span class='ocrx_word' id='word_1_346' title='bbox 2075 4284 2139 4338; x_wconf 92' lang='lat' dir='ltr'><strong>ﬁ-</strong></span> 
     </span>
    </p>
   </div>
   <div class='ocr_carea' id='block_1_44' title="bbox 555 4376 2141 4451">
    <p class='ocr_par' dir='ltr' id='par_1_44' title="bbox 555 4376 2141 4451">
     <span class='ocr_line' id='line_1_44' title="bbox 555 4376 2141 4451; baseline -0.004 -13"><span class='ocrx_word' id='word_1_347' title='bbox 555 4383 763 4439; x_wconf 91' lang='lat' dir='ltr'><strong>damus.</strong></span> <span class='ocrx_word' id='word_1_348' title='bbox 794 4381 948 4436; x_wconf 86' lang='lat' dir='ltr'><strong>Fides</strong></span> <span class='ocrx_word' id='word_1_349' title='bbox 968 4381 1113 4439; x_wconf 88' lang='lat' dir='ltr'><strong>enim</strong></span> <span class='ocrx_word' id='word_1_350' title='bbox 1135 4390 1229 4446; x_wconf 87' lang='lat' dir='ltr'><strong>est,</strong></span> <span class='ocrx_word' id='word_1_351' title='bbox 1259 4377 1707 4451; x_wconf 90' lang='lat' dir='ltr'><strong>quemadmodum</strong></span> <span class='ocrx_word' id='word_1_352' title='bbox 1733 4378 1921 4432; x_wconf 88' lang='lat' dir='ltr'><strong>beatus</strong></span> <span class='ocrx_word' id='word_1_353' title='bbox 1945 4376 2141 4431; x_wconf 89' lang='lat' dir='ltr'><strong>Paulus</strong></span> 
     </span>
    </p>
   </div>
   <div class='ocr_carea' id='block_1_45' title="bbox 554 4473 2144 4547">
    <p class='ocr_par' dir='ltr' id='par_1_45' title="bbox 554 4473 2144 4547">
     <span class='ocr_line' id='line_1_45' title="bbox 554 4473 2144 4547; baseline -0.006 -17"><span class='ocrx_word' id='word_1_354' title='bbox 554 4476 663 4542; x_wconf 87' lang='lat' dir='ltr'><strong>ait,</strong></span> <span class='ocrx_word' id='word_1_355' title='bbox 694 4474 1059 4547; x_wconf 85' lang='lat' dir='ltr'><strong>sperandarwn</strong></span> <span class='ocrx_word' id='word_1_356' title='bbox 1104 4473 1384 4528; x_wconf 84' lang='lat' dir='ltr'><strong>substantia</strong></span> <span class='ocrx_word' id='word_1_357' title='bbox 1430 4488 1627 4537; x_wconf 90' lang='lat' dir='ltr'><strong>rerum,</strong></span> <span class='ocrx_word' id='word_1_358' title='bbox 1665 4479 2013 4541; x_wconf 84' lang='lat' dir='ltr'><strong>argumentum</strong></span> <span class='ocrx_word' id='word_1_359' title='bbox 2042 4485 2144 4522; x_wconf 87' lang='lat' dir='ltr'><strong>non</strong></span> 
     </span>
    </p>
   </div>
   <div class='ocr_carea' id='block_1_46' title="bbox 556 4560 2144 4638">
    <p class='ocr_par' dir='ltr' id='par_1_46' title="bbox 556 4560 2144 4638">
     <span class='ocr_line' id='line_1_46' title="bbox 556 4560 2144 4638; baseline -0.005 -17"><span class='ocrx_word' id='word_1_360' title='bbox 556 4566 912 4638; x_wconf 88' lang='lat' dir='ltr'><strong>apparentium</strong></span> <span class='ocrx_word' id='word_1_361' title='bbox 952 4563 1140 4634; x_wconf 87' lang='lat' dir='ltr'><strong>(Hebr.</strong></span> <span class='ocrx_word' id='word_1_362' title='bbox 1182 4565 1269 4619; x_wconf 81' lang='lat' dir='ltr'><strong>ll.</strong></span> <span class='ocrx_word' id='word_1_363' title='bbox 1315 4564 1372 4632; x_wconf 82' lang='lat' dir='ltr'><strong>l)</strong></span> <span class='ocrx_word' id='word_1_364' title='bbox 1408 4580 1420 4616; x_wconf 93' lang='lat'><strong>:</strong></span> <span class='ocrx_word' id='word_1_365' title='bbox 1451 4572 1507 4618; x_wconf 89' lang='lat' dir='ltr'><strong>et</strong></span> <span class='ocrx_word' id='word_1_366' title='bbox 1553 4563 1745 4616; x_wconf 87' lang='lat' dir='ltr'><strong>iterum</strong></span> <span class='ocrx_word' id='word_1_367' title='bbox 1778 4579 1790 4614; x_wconf 91' lang='lat'><strong>:</strong></span> <span class='ocrx_word' id='word_1_368' title='bbox 1823 4560 1971 4626; x_wconf 85' lang='lat' dir='ltr'><strong>Quod</strong></span> <span class='ocrx_word' id='word_1_369' title='bbox 2011 4561 2144 4614; x_wconf 88' lang='lat' dir='ltr'><strong>enim</strong></span> 
     </span>
    </p>
   </div>
   <div class='ocr_carea' id='block_1_47' title="bbox 556 4652 2146 4728">
    <p class='ocr_par' dir='ltr' id='par_1_47' title="bbox 556 4652 2146 4728">
     <span class='ocr_line' id='line_1_47' title="bbox 556 4652 2146 4728; baseline -0.004 -16"><span class='ocrx_word' id='word_1_370' title='bbox 556 4660 689 4712; x_wconf 80' lang='lat' dir='ltr'><strong>videt</strong></span> <span class='ocrx_word' id='word_1_371' title='bbox 721 4658 855 4728; x_wconf 83' lang='lat' dir='ltr'><strong>quis,</strong></span> <span class='ocrx_word' id='word_1_372' title='bbox 894 4657 1017 4727; x_wconf 84' lang='lat' dir='ltr'><strong>quia</strong></span> <span class='ocrx_word' id='word_1_373' title='bbox 1061 4664 1229 4727; x_wconf 86' lang='lat' dir='ltr'><strong>sperat</strong></span> <span class='ocrx_word' id='word_1_374' title='bbox 1273 4655 1448 4726; x_wconf 87' lang='lat' dir='ltr'><strong>(Rom.</strong></span> <span class='ocrx_word' id='word_1_375' title='bbox 1490 4653 1544 4708; x_wconf 92' lang='lat'><strong>8.</strong></span> <span class='ocrx_word' id='word_1_376' title='bbox 1578 4652 1709 4723; x_wconf 65' lang='lat'><strong>25)?</strong></span> <span class='ocrx_word' id='word_1_377' title='bbox 1741 4652 1851 4706; x_wconf 86' lang='lat' dir='ltr'><strong>Hoc</strong></span> <span class='ocrx_word' id='word_1_378' title='bbox 1881 4652 2037 4721; x_wconf 84' lang='lat' dir='ltr'><strong>igitur</strong></span> <span class='ocrx_word' id='word_1_379' title='bbox 2062 4659 2146 4706; x_wconf 88' lang='lat' dir='ltr'><strong>est</strong></span> 
     </span>
    </p>
   </div>
   <div class='ocr_carea' id='block_1_48' title="bbox 561 4742 2145 4819">
    <p class='ocr_par' dir='ltr' id='par_1_48' title="bbox 561 4742 2145 4819">
     <span class='ocr_line' id='line_1_48' title="bbox 561 4742 2145 4819; baseline -0.005 -16"><span class='ocrx_word' id='word_1_380' title='bbox 561 4750 724 4815; x_wconf 88' lang='lat' dir='ltr'><strong>ﬁdes,</strong></span> <span class='ocrx_word' id='word_1_381' title='bbox 774 4748 988 4819; x_wconf 91' lang='lat' dir='ltr'><strong>quando</strong></span> <span class='ocrx_word' id='word_1_382' title='bbox 1034 4747 1138 4800; x_wconf 91' lang='lat' dir='ltr'><strong>illis</strong></span> <span class='ocrx_word' id='word_1_383' title='bbox 1186 4745 1456 4801; x_wconf 90' lang='lat' dir='ltr'><strong>credimus</strong></span> <span class='ocrx_word' id='word_1_384' title='bbox 1495 4761 1613 4814; x_wconf 78' lang='lat' dir='ltr'><strong>quae</strong></span> <span class='ocrx_word' id='word_1_385' title='bbox 1654 4758 1758 4797; x_wconf 91' lang='lat' dir='ltr'><strong>non</strong></span> <span class='ocrx_word' id='word_1_386' title='bbox 1801 4742 2048 4797; x_wconf 89' lang='lat' dir='ltr'><strong>videntur</strong></span> <span class='ocrx_word' id='word_1_387' title='bbox 2092 4750 2145 4796; x_wconf 89' lang='lat' dir='ltr'><strong>et</strong></span> 
     </span>
    </p>
   </div>
   <div class='ocr_carea' id='block_1_49' title="bbox 559 4835 2142 4910">
    <p class='ocr_par' dir='ltr' id='par_1_49' title="bbox 559 4835 2142 4910">
     <span class='ocr_line' id='line_1_49' title="bbox 559 4835 2142 4910; baseline -0.006 -14"><span class='ocrx_word' id='word_1_388' title='bbox 559 4851 794 4896; x_wconf 89' lang='lat' dir='ltr'><strong>mentem</strong></span> <span class='ocrx_word' id='word_1_389' title='bbox 825 4840 888 4894; x_wconf 89' lang='lat' dir='ltr'><strong>ad</strong></span> <span class='ocrx_word' id='word_1_390' title='bbox 918 4839 1231 4910; x_wconf 90' lang='lat' dir='ltr'><strong>dignitatem</strong></span> <span class='ocrx_word' id='word_1_391' title='bbox 1257 4836 1374 4906; x_wconf 88' lang='lat' dir='ltr'><strong>ejus</strong></span> <span class='ocrx_word' id='word_1_392' title='bbox 1398 4836 1486 4905; x_wconf 91' lang='lat' dir='ltr'><strong>qtti</strong></span> <span class='ocrx_word' id='word_1_393' title='bbox 1516 4836 1759 4904; x_wconf 89' lang='lat' dir='ltr'><strong>promisit</strong></span> <span class='ocrx_word' id='word_1_394' title='bbox 1786 4835 2142 4889; x_wconf 87' lang='lat' dir='ltr'><strong>intendimus:</strong></span> 
     </span>
    </p>
   </div>
   <div class='ocr_carea' id='block_1_50' title="bbox 560 4922 2144 5001">
    <p class='ocr_par' dir='ltr' id='par_1_50' title="bbox 560 4922 2144 5001">
     <span class='ocr_line' id='line_1_50' title="bbox 560 4922 2144 5001; baseline -0.006 -15"><span class='ocrx_word' id='word_1_395' title='bbox 560 4934 613 4987; x_wconf 91' lang='lat' dir='ltr'><strong>id</strong></span> <span class='ocrx_word' id='word_1_396' title='bbox 640 4932 780 5001; x_wconf 84' lang='lat' dir='ltr'><strong>quod</strong></span> <span class='ocrx_word' id='word_1_397' title='bbox 809 4930 1048 5000; x_wconf 83' lang='lat' dir='ltr'><strong>profecto</strong></span> <span class='ocrx_word' id='word_1_398' title='bbox 1074 4940 1127 4984; x_wconf 92' lang='lat' dir='ltr'><strong>et</strong></span> <span class='ocrx_word' id='word_1_399' title='bbox 1148 4928 1324 4999; x_wconf 90' lang='lat' dir='ltr'><strong>justus</strong></span> <span class='ocrx_word' id='word_1_400' title='bbox 1359 4927 1452 4981; x_wconf 91' lang='lat' dir='ltr'><strong>ille</strong></span> <span class='ocrx_word' id='word_1_401' title='bbox 1485 4922 1628 4990; x_wconf 81' lang='lat' dir='ltr'><strong>fecit,</strong></span> <span class='ocrx_word' id='word_1_402' title='bbox 1657 4926 1916 4979; x_wconf 85' lang='lat' dir='ltr'><strong>sinceram</strong></span> <span class='ocrx_word' id='word_1_403' title='bbox 1949 4933 2003 4978; x_wconf 90' lang='lat' dir='ltr'><strong>et</strong></span> <span class='ocrx_word' id='word_1_404' title='bbox 2030 4924 2144 4977; x_wconf 83' lang='lat' dir='ltr'><strong>exi-</strong></span> 
     </span>
    </p>
   </div>
   <div class='ocr_carea' id='block_1_51' title="bbox 559 5016 2145 5092">
    <p class='ocr_par' dir='ltr' id='par_1_51' title="bbox 559 5016 2145 5092">
     <span class='ocr_line' id='line_1_51' title="bbox 559 5016 2145 5092; baseline -0.006 -13"><span class='ocrx_word' id='word_1_405' title='bbox 559 5024 723 5079; x_wconf 87' lang='lat' dir='ltr'><strong>miam</strong></span> <span class='ocrx_word' id='word_1_406' title='bbox 758 5023 1030 5092; x_wconf 88' lang='lat' dir='ltr'><strong>promissis</strong></span> <span class='ocrx_word' id='word_1_407' title='bbox 1059 5021 1215 5076; x_wconf 89' lang='lat' dir='ltr'><strong>ﬁdem</strong></span> <span class='ocrx_word' id='word_1_408' title='bbox 1247 5019 1449 5076; x_wconf 87' lang='lat' dir='ltr'><strong>habens</strong></span> <span class='ocrx_word' id='word_1_409' title='bbox 1476 5037 1489 5073; x_wconf 92' lang='lat'>:</span> <span class='ocrx_word' id='word_1_410' title='bbox 1516 5018 1713 5073; x_wconf 90' lang='lat' dir='ltr'><strong>idcirco</strong></span> <span class='ocrx_word' id='word_1_411' title='bbox 1739 5028 1792 5071; x_wconf 90' lang='lat' dir='ltr'><strong>et</strong></span> <span class='ocrx_word' id='word_1_412' title='bbox 1815 5032 1843 5070; x_wconf 93' lang='lat' dir='ltr'><strong>a</strong></span> <span class='ocrx_word' id='word_1_413' title='bbox 1875 5016 2145 5085; x_wconf 83' lang='lat' dir='ltr'><strong>Scriptura</strong></span> 
     </span>
    </p>
   </div>
   <div class='ocr_carea' id='block_1_52' title="bbox 561 5108 2145 5170">
    <p class='ocr_par' dir='ltr' id='par_1_52' title="bbox 561 5108 2145 5170">
     <span class='ocr_line' id='line_1_52' title="bbox 561 5108 2145 5170; baseline -0.006 -1"><span class='ocrx_word' id='word_1_414' title='bbox 561 5117 739 5170; x_wconf 84' lang='lat' dir='ltr'><strong>divina</strong></span> <span class='ocrx_word' id='word_1_415' title='bbox 776 5116 1060 5170; x_wconf 89' lang='lat' dir='ltr'><strong>laudatur:</strong></span> <span class='ocrx_word' id='word_1_416' title='bbox 1085 5130 1207 5169; x_wconf 86' lang='lat' dir='ltr'><strong>mox</strong></span> <span class='ocrx_word' id='word_1_417' title='bbox 1240 5114 1382 5168; x_wconf 85' lang='lat' dir='ltr'><strong>enim</strong></span> <span class='ocrx_word' id='word_1_418' title='bbox 1428 5111 1627 5166; x_wconf 85' lang='lat' dir='ltr'><strong>addidit</strong></span> <span class='ocrx_word' id='word_1_419' title='bbox 1654 5128 1666 5163; x_wconf 92' lang='lat'>:</span> <span class='ocrx_word' id='word_1_420' title='bbox 1693 5108 1917 5164; x_wconf 86' lang='lat' dir='ltr'><strong>Credidit</strong></span> <span class='ocrx_word' id='word_1_421' title='bbox 1962 5108 2145 5162; x_wconf 86' lang='lat' dir='ltr'><strong>Abram</strong></span> 
     </span>
    </p>
   </div>
   <div class='ocr_carea' id='block_1_53' title="bbox 567 5200 2147 5278">
    <p class='ocr_par' dir='ltr' id='par_1_53' title="bbox 567 5200 2147 5278">
     <span class='ocr_line' id='line_1_53' title="bbox 567 5200 2147 5278; baseline -0.004 -18"><span class='ocrx_word' id='word_1_422' title='bbox 567 5208 696 5274; x_wconf 85' lang='lat' dir='ltr'><strong>Deo,</strong></span> <span class='ocrx_word' id='word_1_423' title='bbox 719 5219 765 5261; x_wconf 88' lang='lat' dir='ltr'><strong>et</strong></span> <span class='ocrx_word' id='word_1_424' title='bbox 786 5218 1067 5278; x_wconf 87' lang='lat' dir='ltr'><strong>reputatum</strong></span> <span class='ocrx_word' id='word_1_425' title='bbox 1088 5218 1159 5261; x_wconf 89' lang='lat' dir='ltr'><strong>est</strong></span> <span class='ocrx_word' id='word_1_426' title='bbox 1182 5208 1229 5261; x_wconf 88' lang='lat' dir='ltr'><strong>ei</strong></span> <span class='ocrx_word' id='word_1_427' title='bbox 1248 5206 1298 5260; x_wconf 90' lang='lat' dir='ltr'><strong>in</strong></span> <span class='ocrx_word' id='word_1_428' title='bbox 1310 5206 1565 5276; x_wconf 84' lang='lat' dir='ltr'><strong>justitiam</strong></span> <span class='ocrx_word' id='word_1_429' title='bbox 1585 5202 1760 5273; x_wconf 88' lang='lat' dir='ltr'><strong>(Rom.</strong></span> <span class='ocrx_word' id='word_1_430' title='bbox 1786 5203 1838 5256; x_wconf 75' lang='grc'>4.</span> <span class='ocrx_word' id='word_1_431' title='bbox 1863 5203 1940 5271; x_wconf 79' lang='grc'><strong>5).</strong></span> <span class='ocrx_word' id='word_1_432' title='bbox 1960 5200 2147 5255; x_wconf 82' lang='lat' dir='ltr'><strong>VidiSti</strong></span> 
     </span>
    </p>
   </div>
   <div class='ocr_carea' id='block_1_54' title="bbox 562 5293 2147 5369">
    <p class='ocr_par' dir='ltr' id='par_1_54' title="bbox 562 5293 2147 5369">
     <span class='ocr_line' id='line_1_54' title="bbox 562 5293 2147 5369; baseline -0.006 -16"><span class='ocrx_word' id='word_1_433' title='bbox 562 5298 832 5369; x_wconf 90' lang='lat' dir='ltr'><strong>quomodo</strong></span> <span class='ocrx_word' id='word_1_434' title='bbox 868 5309 923 5353; x_wconf 91' lang='lat' dir='ltr'><strong>et</strong></span> <span class='ocrx_word' id='word_1_435' title='bbox 949 5307 1073 5352; x_wconf 78' lang='lat' dir='ltr'><strong>ante</strong></span> <span class='ocrx_word' id='word_1_436' title='bbox 1100 5305 1351 5351; x_wconf 76' lang='lat' dir='ltr'><strong>eventum</strong></span> <span class='ocrx_word' id='word_1_437' title='bbox 1375 5306 1430 5351; x_wconf 90' lang='lat' dir='ltr'><strong>et</strong></span> <span class='ocrx_word' id='word_1_438' title='bbox 1463 5294 1827 5364; x_wconf 86' lang='lat' dir='ltr'><strong>impletionem</strong></span> <span class='ocrx_word' id='word_1_439' title='bbox 1854 5293 2147 5362; x_wconf 90' lang='lat' dir='ltr'><strong>promisso-</strong></span> 
     </span>
    </p>
   </div>
   <div class='ocr_carea' id='block_1_55' title="bbox 568 5384 2146 5460">
    <p class='ocr_par' dir='ltr' id='par_1_55' title="bbox 568 5384 2146 5460">
     <span class='ocr_line' id='line_1_55' title="bbox 568 5384 2146 5460; baseline -0.008 -12"><span class='ocrx_word' id='word_1_440' title='bbox 568 5408 708 5458; x_wconf 90' lang='lat' dir='ltr'><strong>rum,</strong></span> <span class='ocrx_word' id='word_1_441' title='bbox 734 5406 799 5447; x_wconf 91' lang='lat' dir='ltr'><strong>eo</strong></span> <span class='ocrx_word' id='word_1_442' title='bbox 829 5392 943 5459; x_wconf 90' lang='lat' dir='ltr'><strong>ipso</strong></span> <span class='ocrx_word' id='word_1_443' title='bbox 968 5390 1109 5460; x_wconf 89' lang='lat' dir='ltr'><strong>quod</strong></span> <span class='ocrx_word' id='word_1_444' title='bbox 1135 5389 1394 5454; x_wconf 89' lang='lat' dir='ltr'><strong>credidit,</strong></span> <span class='ocrx_word' id='word_1_445' title='bbox 1438 5395 1817 5458; x_wconf 85' lang='lat' dir='ltr'><strong>congruentem</strong></span> <span class='ocrx_word' id='word_1_446' title='bbox 1848 5384 2146 5440; x_wconf 90' lang='lat' dir='ltr'><strong>mercedem</strong></span> 
     </span>
    </p>
   </div>
   <div class='ocr_carea' id='block_1_56' title="bbox 565 5476 2149 5556">
    <p class='ocr_par' dir='ltr' id='par_1_56' title="bbox 565 5476 2149 5556">
     <span class='ocr_line' id='line_1_56' title="bbox 565 5476 2149 5556; baseline -0.005 -17"><span class='ocrx_word' id='word_1_447' title='bbox 565 5485 788 5556; x_wconf 85' lang='lat' dir='ltr'><strong>accipit?</strong></span> <span class='ocrx_word' id='word_1_448' title='bbox 812 5483 946 5539; x_wconf 83' lang='lat' dir='ltr'><strong>Nam</strong></span> <span class='ocrx_word' id='word_1_449' title='bbox 974 5484 1024 5537; x_wconf 91' lang='lat' dir='ltr'><strong>in</strong></span> <span class='ocrx_word' id='word_1_450' title='bbox 1047 5482 1305 5552; x_wconf 88' lang='lat' dir='ltr'><strong>justitiam</strong></span> <span class='ocrx_word' id='word_1_451' title='bbox 1327 5481 1377 5536; x_wconf 91' lang='lat' dir='ltr'><strong>ei</strong></span> <span class='ocrx_word' id='word_1_452' title='bbox 1403 5489 1705 5550; x_wconf 90' lang='lat' dir='ltr'><strong>reputatum</strong></span> <span class='ocrx_word' id='word_1_453' title='bbox 1728 5487 1830 5543; x_wconf 90' lang='lat' dir='ltr'><strong>est,</strong></span> <span class='ocrx_word' id='word_1_454' title='bbox 1858 5476 2000 5547; x_wconf 88' lang='lat' dir='ltr'><strong>quod</strong></span> <span class='ocrx_word' id='word_1_455' title='bbox 2028 5491 2149 5531; x_wconf 87' lang='lat' dir='ltr'><strong>cre-</strong></span> 
     </span>
    </p>
   </div>
   <div class='ocr_carea' id='block_1_57' title="bbox 570 5567 2150 5643">
    <p class='ocr_par' dir='ltr' id='par_1_57' title="bbox 570 5567 2150 5643">
     <span class='ocr_line' id='line_1_57' title="bbox 570 5567 2150 5643; baseline -0.005 -14"><span class='ocrx_word' id='word_1_456' title='bbox 570 5576 761 5630; x_wconf 88' lang='lat' dir='ltr'><strong>diderit</strong></span> <span class='ocrx_word' id='word_1_457' title='bbox 787 5574 1127 5643; x_wconf 72' lang='lat' dir='ltr'><strong>promissioni</strong></span> <span class='ocrx_word' id='word_1_458' title='bbox 1154 5573 1369 5635; x_wconf 65' lang='lat' dir='ltr'><strong>divinae,</strong></span> <span class='ocrx_word' id='word_1_459' title='bbox 1393 5580 1446 5626; x_wconf 89' lang='lat' dir='ltr'><strong>et</strong></span> <span class='ocrx_word' id='word_1_460' title='bbox 1476 5586 1580 5624; x_wconf 91' lang='lat' dir='ltr'><strong>non</strong></span> <span class='ocrx_word' id='word_1_461' title='bbox 1609 5570 1839 5624; x_wconf 92' lang='lat' dir='ltr'><strong>humana</strong></span> <span class='ocrx_word' id='word_1_462' title='bbox 1867 5567 2150 5623; x_wconf 89' lang='lat' dir='ltr'><strong>ratiocina-</strong></span> 
     </span>
    </p>
   </div>
   <div class='ocr_carea' id='block_1_58' title="bbox 631 5660 2151 5728">
    <p class='ocr_par' dir='ltr' id='par_1_58' title="bbox 631 5660 2151 5728">
     <span class='ocr_line' id='line_1_58' title="bbox 631 5660 2151 5728; baseline -0.005 -13"><span class='ocrx_word' id='word_1_463' title='bbox 631 5668 703 5728; x_wconf 70' lang='lat' dir='ltr'><strong>Ca)</strong></span> <span class='ocrx_word' id='word_1_464' title='bbox 738 5668 849 5715; x_wconf 72' lang='lat' dir='ltr'><strong>Mira</strong></span> <span class='ocrx_word' id='word_1_465' title='bbox 895 5667 973 5714; x_wconf 88' lang='lat' dir='ltr'><strong>hic</strong></span> <span class='ocrx_word' id='word_1_466' title='bbox 1010 5667 1464 5727; x_wconf 88' lang='lat' dir='ltr'><strong>iuterpretationum</strong></span> <span class='ocrx_word' id='word_1_467' title='bbox 1505 5662 1765 5713; x_wconf 86' lang='lat' dir='ltr'><strong>diversitas</strong></span> <span class='ocrx_word' id='word_1_468' title='bbox 1771 5677 1809 5728; x_wconf 82' lang='lat'><strong>_:</strong></span> <span class='ocrx_word' id='word_1_469' title='bbox 1846 5660 2151 5723; x_wconf 86' lang='lat' dir='ltr'><strong>septuaginta</strong></span> 
     </span>
    </p>
   </div>
   <div class='ocr_carea' id='block_1_59' title="bbox 570 5724 2153 5789">
    <p class='ocr_par' dir='ltr' id='par_1_59' title="bbox 570 5724 2153 5789">
     <span class='ocr_line' id='line_1_59' title="bbox 570 5724 2153 5789; baseline -0.003 -16"><span class='ocrx_word' id='word_1_470' title='bbox 570 5724 868 5789; x_wconf 75' lang='lat' dir='ltr'><strong>Interpretes</strong></span> <span class='ocrx_word' id='word_1_471' title='bbox 891 5727 969 5775; x_wconf 87' lang='lat' dir='ltr'><strong>hic</strong></span> <span class='ocrx_word' id='word_1_472' title='bbox 994 5724 1171 5776; x_wconf 79' lang='lat' dir='ltr'><strong>nomen</strong></span> <span class='ocrx_word' id='word_1_473' title='bbox 1212 5728 1482 5789; x_wconf 76' lang='lat' dir='ltr'><strong>proprium,</strong></span> <span class='ocrx_word' id='word_1_474' title='bbox 1523 5734 1697 5781; x_wconf 59' lang='lat' dir='ltr'><strong>ttasec,</strong></span> <span class='ocrx_word' id='word_1_475' title='bbox 1732 5724 1982 5789; x_wconf 67' lang='lat' dir='ltr'><strong>efferunt:</strong></span> <span class='ocrx_word' id='word_1_476' title='bbox 2010 5736 2153 5789; x_wconf 66' lang='lat' dir='ltr'><strong>secus</strong></span> 
     </span>
    </p>
   </div>
   <div class='ocr_carea' id='block_1_60' title="bbox 570 5782 2152 5857">
    <p class='ocr_par' dir='ltr' id='par_1_60' title="bbox 570 5782 2152 5857">
     <span class='ocr_line' id='line_1_60' title="bbox 570 5782 2152 5857; baseline -0.004 -21"><span class='ocrx_word' id='word_1_477' title='bbox 570 5789 646 5836; x_wconf 87' lang='lat' dir='ltr'><strong>alii</strong></span> <span class='ocrx_word' id='word_1_478' title='bbox 670 5782 861 5857; x_wconf 63' lang='lat' dir='ltr'><strong>omnes,</strong></span> <span class='ocrx_word' id='word_1_479' title='bbox 884 5782 1321 5857; x_wconf 38' lang='lat' dir='ltr'><strong>quorum-quidam,</strong></span> <span class='ocrx_word' id='word_1_480' title='bbox 1346 5785 1500 5857; x_wconf 61' lang='lat' dir='ltr'><strong>ﬁlium</strong></span> <span class='ocrx_word' id='word_1_481' title='bbox 1517 5784 1857 5857; x_wconf 76' lang='lat' dir='ltr'><strong>procurawrt&#39;s,</strong></span> <span class='ocrx_word' id='word_1_482' title='bbox 1878 5783 1974 5839; x_wconf 80' lang='lat' dir='ltr'><strong>alii,</strong></span> <span class='ocrx_word' id='word_1_483' title='bbox 1999 5782 2152 5857; x_wconf 74' lang='lat' dir='ltr'><strong>ﬁlium</strong></span> 
     </span>
    </p>
   </div>
   <div class='ocr_carea' id='block_1_61' title="bbox 575 5846 2149 5919">
    <p class='ocr_par' dir='ltr' id='par_1_61' title="bbox 575 5846 2149 5919">
     <span class='ocr_line' id='line_1_61' title="bbox 575 5846 2149 5919; baseline -0.003 -22"><span class='ocrx_word' id='word_1_484' title='bbox 575 5850 881 5919; x_wconf 61' lang='lat' dir='ltr'><strong>pocillatoris,</strong></span> <span class='ocrx_word' id='word_1_485' title='bbox 903 5846 1004 5919; x_wconf 75' lang='lat' dir='ltr'><strong>alii,</strong></span> <span class='ocrx_word' id='word_1_486' title='bbox 1040 5846 1196 5919; x_wconf 70' lang='lat' dir='ltr'><strong>filium</strong></span> <span class='ocrx_word' id='word_1_487' title='bbox 1240 5846 1459 5919; x_wconf 64' lang='lat' dir='ltr'><strong>prtefccti</strong></span> <span class='ocrx_word' id='word_1_488' title='bbox 1494 5846 1681 5907; x_wconf 81' lang='lat' dir='ltr'><strong>domus,</strong></span> <span class='ocrx_word' id='word_1_489' title='bbox 1709 5854 1922 5898; x_wconf 85' lang='lat' dir='ltr'><strong>vertunt.</strong></span> <span class='ocrx_word' id='word_1_490' title='bbox 1966 5846 2080 5895; x_wconf 74' lang='lat' dir='ltr'><strong>Vide</strong></span> <span class='ocrx_word' id='word_1_491' title='bbox 2105 5846 2149 5893; x_wconf 87' lang='lat' dir='ltr'><strong>in</strong></span> 
     </span>
    </p>
   </div>
   <div class='ocr_carea' id='block_1_62' title="bbox 578 5909 1517 5972">
    <p class='ocr_par' dir='ltr' id='par_1_62' title="bbox 578 5909 1517 5972">
     <span class='ocr_line' id='line_1_62' title="bbox 578 5909 1517 5972; baseline 0.002 -16"><span class='ocrx_word' id='word_1_492' title='bbox 578 5909 800 5972; x_wconf 64' lang='lat' dir='ltr'><strong>ut-aaplis</strong></span> <span class='ocrx_word' id='word_1_493' title='bbox 825 5914 1015 5970; x_wconf 75' lang='lat' dir='ltr'><strong>nostris,</strong></span> <span class='ocrx_word' id='word_1_494' title='bbox 1041 5909 1093 5961; x_wconf 82' lang='lat' dir='ltr'><strong>et</strong></span> <span class='ocrx_word' id='word_1_495' title='bbox 1116 5913 1163 5959; x_wconf 89' lang='lat' dir='ltr'><strong>in</strong></span> <span class='ocrx_word' id='word_1_496' title='bbox 1187 5920 1297 5960; x_wconf 89' lang='lat' dir='ltr'><strong>uota</strong></span> <span class='ocrx_word' id='word_1_497' title='bbox 1320 5910 1517 5959; x_wconf 86' lang='lat' dir='ltr'><strong>ibidem.</strong></span> 
     </span>
    </p>
   </div>
   <div class='ocr_carea' id='block_1_63' title="bbox 1225 421 3043 484">
    <p class='ocr_par' dir='ltr' id='par_1_63' title="bbox 1225 421 3043 484">
     <span class='ocr_line' id='line_1_63' title="bbox 1225 421 3043 484; baseline -0.006 0"><span class='ocrx_word' id='word_1_498' title='bbox 1225 429 1282 484; x_wconf 85' lang='lat' dir='ltr'><strong>S.</strong></span> <span class='ocrx_word' id='word_1_499' title='bbox 1324 426 1602 484; x_wconf 77' lang='lat' dir='ltr'><strong>JOANNIS</strong></span> <span class='ocrx_word' id='word_1_500' title='bbox 1638 423 2112 481; x_wconf 76' lang='lat' dir='ltr'><strong>CllRYSOSTOMl</strong></span> <span class='ocrx_word' id='word_1_501' title='bbox 2152 422 2468 483; x_wconf 78' lang='lat' dir='ltr'><strong>ARCHIEP.</strong></span> <span class='ocrx_word' id='word_1_502' title='bbox 2508 421 3043 481; x_wconf 80' lang='lat' dir='ltr'><strong>CONSTANTINOP.</strong></span> 
     </span>
    </p>
   </div>
   <div class='ocr_carea' id='block_1_64' title="bbox 3654 413 3764 471">
    <p class='ocr_par' dir='ltr' id='par_1_64' title="bbox 3654 413 3764 471">
     <span class='ocr_line' id='line_1_64' title="bbox 3654 413 3764 471; baseline 0 0"><span class='ocrx_word' id='word_1_503' title='bbox 3654 413 3764 471; x_wconf 69' lang='grc'><strong>560</strong></span> 
     </span>
    </p>
   </div>
   <div class='ocr_carea' id='block_1_65' title="bbox 2194 527 3755 605">
    <p class='ocr_par' dir='ltr' id='par_1_65' title="bbox 2194 527 3755 605">
     <span class='ocr_line' id='line_1_65' title="bbox 2194 527 3755 605; baseline -0.012 -9"><span class='ocrx_word' id='word_1_504' title='bbox 2194 542 2340 596; x_wconf 93' lang='lat' dir='ltr'><strong>tione</strong></span> <span class='ocrx_word' id='word_1_505' title='bbox 2394 538 2660 595; x_wconf 90' lang='lat' dir='ltr'><strong>curiosius</strong></span> <span class='ocrx_word' id='word_1_506' title='bbox 2712 552 2775 591; x_wconf 87' lang='lat' dir='ltr'><strong>ea</strong></span> <span class='ocrx_word' id='word_1_507' title='bbox 2828 549 2949 605; x_wconf 72' lang='lat' dir='ltr'><strong>quae</strong></span> <span class='ocrx_word' id='word_1_508' title='bbox 3003 530 3143 586; x_wconf 86' lang='lat' dir='ltr'><strong>dicta</strong></span> <span class='ocrx_word' id='word_1_509' title='bbox 3198 537 3326 584; x_wconf 89' lang='lat' dir='ltr'><strong>sunt</strong></span> <span class='ocrx_word' id='word_1_510' title='bbox 3379 527 3755 599; x_wconf 75' lang='lat' dir='ltr'><strong>exploraverit.</strong></span> 
     </span>
    </p>
   </div>
   <div class='ocr_carea' id='block_1_66' title="bbox 2266 622 3770 687">
    <p class='ocr_par' dir='ltr' id='par_1_66' title="bbox 2266 622 3770 687">
     <span class='ocr_line' id='line_1_66' title="bbox 2266 622 3770 687; baseline -0.009 0"><span class='ocrx_word' id='word_1_511' title='bbox 2266 632 2483 687; x_wconf 78' lang='lat' dir='ltr'><strong>Moralis</strong></span> <span class='ocrx_word' id='word_1_512' title='bbox 2532 631 2838 685; x_wconf 75' lang='lat' dir='ltr'><strong>exhortatio.</strong></span> <span class='ocrx_word' id='word_1_513' title='bbox 2895 628 3109 683; x_wconf 82' lang='lat' dir='ltr'><strong>Virtutis</strong></span> <span class='ocrx_word' id='word_1_514' title='bbox 3150 624 3361 680; x_wconf 64' lang='lat' dir='ltr'><strong>stutﬁosi</strong></span> <span class='ocrx_word' id='word_1_515' title='bbox 3402 639 3503 676; x_wconf 87' lang='lat' dir='ltr'><strong>non</strong></span> <span class='ocrx_word' id='word_1_516' title='bbox 3550 622 3770 685; x_wconf 82' lang='lat' dir='ltr'><strong>labores,</strong></span> 
     </span>
    </p>
   </div>
   <div class='ocr_carea' id='block_1_67' title="bbox 2196 713 3772 793">
    <p class='ocr_par' dir='ltr' id='par_1_67' title="bbox 2196 713 3772 793">
     <span class='ocr_line' id='line_1_67' title="bbox 2196 713 3772 793; baseline -0.008 -16"><span class='ocrx_word' id='word_1_517' title='bbox 2196 724 2283 777; x_wconf 82' lang='lat' dir='ltr'><strong>sed</strong></span> <span class='ocrx_word' id='word_1_518' title='bbox 2309 723 2520 793; x_wconf 70' lang='lat' dir='ltr'><strong>praemia</strong></span> <span class='ocrx_word' id='word_1_519' title='bbox 2545 722 2641 777; x_wconf 85' lang='lat' dir='ltr'><strong>sibi</strong></span> <span class='ocrx_word' id='word_1_520' title='bbox 2668 730 2974 791; x_wconf 85' lang='lat' dir='ltr'><strong>proponunt.</strong></span> <span class='ocrx_word' id='word_1_521' title='bbox 2996 748 3068 758; x_wconf 93' lang='lat'><strong><em>—</em></strong></span> <span class='ocrx_word' id='word_1_522' title='bbox 3095 718 3371 772; x_wconf 88' lang='lat' dir='ltr'><strong>Discamus</strong></span> <span class='ocrx_word' id='word_1_523' title='bbox 3390 713 3548 785; x_wconf 83' lang='lat' dir='ltr'><strong>igitur</strong></span> <span class='ocrx_word' id='word_1_524' title='bbox 3570 721 3625 767; x_wconf 92' lang='lat' dir='ltr'><strong>et</strong></span> <span class='ocrx_word' id='word_1_525' title='bbox 3649 728 3772 777; x_wconf 86' lang='lat' dir='ltr'><strong>nos,</strong></span> 
     </span>
    </p>
   </div>
   <div class='ocr_carea' id='block_1_68' title="bbox 2196 806 3780 886">
    <p class='ocr_par' dir='ltr' id='par_1_68' title="bbox 2196 806 3780 886">
     <span class='ocr_line' id='line_1_68' title="bbox 2196 806 3780 886; baseline -0.009 -15"><span class='ocrx_word' id='word_1_526' title='bbox 2196 816 2439 881; x_wconf 86' lang='lat' dir='ltr'><strong>obsecro,</strong></span> <span class='ocrx_word' id='word_1_527' title='bbox 2471 830 2500 869; x_wconf 92' lang='lat' dir='ltr'><strong>a</strong></span> <span class='ocrx_word' id='word_1_528' title='bbox 2520 813 2841 886; x_wconf 84' lang='lat' dir='ltr'><strong>patriarcha,</strong></span> <span class='ocrx_word' id='word_1_529' title='bbox 2869 812 2962 868; x_wconf 91' lang='lat' dir='ltr'><strong>Dei</strong></span> <span class='ocrx_word' id='word_1_530' title='bbox 2986 810 3207 866; x_wconf 91' lang='lat' dir='ltr'><strong>credere</strong></span> <span class='ocrx_word' id='word_1_531' title='bbox 3235 809 3410 871; x_wconf 90' lang='lat' dir='ltr'><strong>dictis,</strong></span> <span class='ocrx_word' id='word_1_532' title='bbox 3428 814 3482 861; x_wconf 88' lang='lat' dir='ltr'><strong>et</strong></span> <span class='ocrx_word' id='word_1_533' title='bbox 3504 806 3619 877; x_wconf 89' lang='lat' dir='ltr'><strong>ejus</strong></span> <span class='ocrx_word' id='word_1_534' title='bbox 3647 820 3780 875; x_wconf 82' lang='lat' dir='ltr'><strong>pro-</strong></span> 
     </span>
    </p>
   </div>
   <div class='ocr_carea' id='block_1_69' title="bbox 2200 900 3783 977">
    <p class='ocr_par' dir='ltr' id='par_1_69' title="bbox 2200 900 3783 977">
     <span class='ocr_line' id='line_1_69' title="bbox 2200 900 3783 977; baseline -0.009 -10"><span class='ocrx_word' id='word_1_535' title='bbox 2200 911 2539 969; x_wconf 88' lang='lat' dir='ltr'><strong>missionibus</strong></span> <span class='ocrx_word' id='word_1_536' title='bbox 2592 909 2777 971; x_wconf 89' lang='lat' dir='ltr'><strong>ﬁdere,</strong></span> <span class='ocrx_word' id='word_1_537' title='bbox 2830 922 3004 977; x_wconf 88' lang='lat' dir='ltr'><strong>neque</strong></span> <span class='ocrx_word' id='word_1_538' title='bbox 3044 921 3107 961; x_wconf 88' lang='lat' dir='ltr'><strong>ea</strong></span> <span class='ocrx_word' id='word_1_539' title='bbox 3135 902 3539 975; x_wconf 88' lang='lat' dir='ltr'><strong>cogitationibus</strong></span> <span class='ocrx_word' id='word_1_540' title='bbox 3581 900 3783 954; x_wconf 86' lang='lat' dir='ltr'><strong>nostris</strong></span> 
     </span>
    </p>
   </div>
   <div class='ocr_carea' id='block_1_70' title="bbox 2201 993 3783 1076">
    <p class='ocr_par' dir='ltr' id='par_1_70' title="bbox 2201 993 3783 1076">
     <span class='ocr_line' id='line_1_70' title="bbox 2201 993 3783 1076; baseline -0.008 -16"><span class='ocrx_word' id='word_1_541' title='bbox 2201 1005 2472 1076; x_wconf 83' lang='lat' dir='ltr'><strong>indagare,</strong></span> <span class='ocrx_word' id='word_1_542' title='bbox 2526 1003 2620 1057; x_wconf 89' lang='lat' dir='ltr'><strong>sed</strong></span> <span class='ocrx_word' id='word_1_543' title='bbox 2677 1015 2920 1072; x_wconf 89' lang='lat' dir='ltr'><strong>magnam</strong></span> <span class='ocrx_word' id='word_1_544' title='bbox 2962 998 3125 1053; x_wconf 91' lang='lat' dir='ltr'><strong>animi</strong></span> <span class='ocrx_word' id='word_1_545' title='bbox 3170 997 3469 1067; x_wconf 66' lang='lat' dir='ltr'><strong>aequitatem</strong></span> <span class='ocrx_word' id='word_1_546' title='bbox 3503 993 3783 1048; x_wconf 81' lang='lat' dir='ltr'><strong>exhibere.</strong></span> 
     </span>
    </p>
   </div>
   <div class='ocr_carea' id='block_1_71' title="bbox 2205 1083 3789 1161">
    <p class='ocr_par' dir='ltr' id='par_1_71' title="bbox 2205 1083 3789 1161">
     <span class='ocr_line' id='line_1_71' title="bbox 2205 1083 3789 1161; baseline -0.01 -9"><span class='ocrx_word' id='word_1_547' title='bbox 2205 1098 2315 1152; x_wconf 84' lang='lat' dir='ltr'><strong>Hoc</strong></span> <span class='ocrx_word' id='word_1_548' title='bbox 2342 1096 2484 1151; x_wconf 86' lang='lat' dir='ltr'><strong>enim</strong></span> <span class='ocrx_word' id='word_1_549' title='bbox 2506 1110 2604 1149; x_wconf 91' lang='lat' dir='ltr'><strong>nos</strong></span> <span class='ocrx_word' id='word_1_550' title='bbox 2628 1103 2681 1149; x_wconf 90' lang='lat' dir='ltr'><strong>et</strong></span> <span class='ocrx_word' id='word_1_551' title='bbox 2705 1094 2877 1161; x_wconf 88' lang='lat' dir='ltr'><strong>justos</strong></span> <span class='ocrx_word' id='word_1_552' title='bbox 2901 1090 3174 1146; x_wconf 89' lang='lat' dir='ltr'><strong>declarare</strong></span> <span class='ocrx_word' id='word_1_553' title='bbox 3195 1088 3404 1157; x_wconf 88' lang='lat' dir='ltr'><strong>poterit,</strong></span> <span class='ocrx_word' id='word_1_554' title='bbox 3434 1095 3489 1140; x_wconf 87' lang='lat' dir='ltr'><strong>et</strong></span> <span class='ocrx_word' id='word_1_555' title='bbox 3508 1085 3559 1139; x_wconf 93' lang='lat' dir='ltr'><strong>id</strong></span> <span class='ocrx_word' id='word_1_556' title='bbox 3582 1083 3789 1138; x_wconf 80' lang='lat' dir='ltr'><strong>efﬁciet</strong></span> 
     </span>
    </p>
   </div>
   <div class='ocr_carea' id='block_1_72' title="bbox 2207 1176 3787 1260">
    <p class='ocr_par' dir='ltr' id='par_1_72' title="bbox 2207 1176 3787 1260">
     <span class='ocr_line' id='line_1_72' title="bbox 2207 1176 3787 1260; baseline -0.01 -15"><span class='ocrx_word' id='word_1_557' title='bbox 2207 1201 2263 1245; x_wconf 90' lang='lat' dir='ltr'><strong>ut</strong></span> <span class='ocrx_word' id='word_1_558' title='bbox 2294 1190 2553 1260; x_wconf 91' lang='lat' dir='ltr'><strong>promissa</strong></span> <span class='ocrx_word' id='word_1_559' title='bbox 2598 1187 2754 1243; x_wconf 90' lang='lat' dir='ltr'><strong>citius</strong></span> <span class='ocrx_word' id='word_1_560' title='bbox 2800 1198 3167 1254; x_wconf 86' lang='lat' dir='ltr'><strong>assequamur.</strong></span> <span class='ocrx_word' id='word_1_561' title='bbox 3219 1179 3324 1235; x_wconf 89' lang='lat' dir='ltr'><strong>Sed</strong></span> <span class='ocrx_word' id='word_1_562' title='bbox 3365 1179 3520 1233; x_wconf 60' lang='lat' dir='ltr'><strong>Abrae</strong></span> <span class='ocrx_word' id='word_1_563' title='bbox 3569 1176 3787 1247; x_wconf 89' lang='lat' dir='ltr'><strong>quidem</strong></span> 
     </span>
    </p>
   </div>
   <div class='ocr_carea' id='block_1_73' title="bbox 2206 1269 3793 1351">
    <p class='ocr_par' dir='ltr' id='par_1_73' title="bbox 2206 1269 3793 1351">
     <span class='ocr_line' id='line_1_73' title="bbox 2206 1269 3793 1351; baseline -0.007 -16"><span class='ocrx_word' id='word_1_564' title='bbox 2206 1281 2468 1351; x_wconf 88' lang='lat' dir='ltr'><strong>promisit,</strong></span> <span class='ocrx_word' id='word_1_565' title='bbox 2511 1294 2580 1334; x_wconf 87' lang='lat' dir='ltr'><strong>ex</strong></span> <span class='ocrx_word' id='word_1_566' title='bbox 2626 1278 2832 1333; x_wconf 88' lang='lat' dir='ltr'><strong>semine</strong></span> <span class='ocrx_word' id='word_1_567' title='bbox 2879 1276 2996 1345; x_wconf 91' lang='lat' dir='ltr'><strong>ejus</strong></span> <span class='ocrx_word' id='word_1_568' title='bbox 3043 1273 3326 1328; x_wconf 83' lang='lat' dir='ltr'><strong>maximam</strong></span> <span class='ocrx_word' id='word_1_569' title='bbox 3382 1269 3611 1324; x_wconf 80' lang='lat' dir='ltr'><strong>futuram</strong></span> <span class='ocrx_word' id='word_1_570' title='bbox 3665 1284 3793 1324; x_wconf 85' lang='lat' dir='ltr'><strong>esse</strong></span> 
     </span>
    </p>
   </div>
   <div class='ocr_carea' id='block_1_74' title="bbox 2206 1366 3786 1440">
    <p class='ocr_par' dir='ltr' id='par_1_74' title="bbox 2206 1366 3786 1440">
     <span class='ocr_line' id='line_1_74' title="bbox 2206 1366 3786 1440; baseline -0.01 -11"><span class='ocrx_word' id='word_1_571' title='bbox 2206 1373 2593 1429; x_wconf 90' lang='lat' dir='ltr'><strong>multitudinem</strong></span> <span class='ocrx_word' id='word_1_572' title='bbox 2625 1389 2639 1425; x_wconf 89' lang='lat'><strong>:</strong></span> <span class='ocrx_word' id='word_1_573' title='bbox 2667 1379 2923 1440; x_wconf 91' lang='lat' dir='ltr'><strong>erantque</strong></span> <span class='ocrx_word' id='word_1_574' title='bbox 2966 1376 3160 1438; x_wconf 68' lang='lat' dir='ltr'><strong>praeter</strong></span> <span class='ocrx_word' id='word_1_575' title='bbox 3186 1366 3398 1420; x_wconf 86' lang='lat' dir='ltr'><strong>solitum</strong></span> <span class='ocrx_word' id='word_1_576' title='bbox 3429 1375 3630 1417; x_wconf 70' lang='lat' dir='ltr'><strong>natura:</strong></span> <span class='ocrx_word' id='word_1_577' title='bbox 3659 1376 3786 1416; x_wconf 85' lang='lat' dir='ltr'><strong>mo-</strong></span> 
     </span>
    </p>
   </div>
   <div class='ocr_carea' id='block_1_75' title="bbox 2206 1454 3796 1535">
    <p class='ocr_par' dir='ltr' id='par_1_75' title="bbox 2206 1454 3796 1535">
     <span class='ocr_line' id='line_1_75' title="bbox 2206 1454 3796 1535; baseline -0.007 -17"><span class='ocrx_word' id='word_1_578' title='bbox 2206 1466 2332 1520; x_wconf 88' lang='lat' dir='ltr'><strong>dum</strong></span> <span class='ocrx_word' id='word_1_579' title='bbox 2356 1481 2475 1535; x_wconf 73' lang='lat' dir='ltr'><strong>quze</strong></span> <span class='ocrx_word' id='word_1_580' title='bbox 2506 1463 2763 1533; x_wconf 89' lang='lat' dir='ltr'><strong>promissa</strong></span> <span class='ocrx_word' id='word_1_581' title='bbox 2794 1468 2965 1524; x_wconf 91' lang='lat' dir='ltr'><strong>erant,</strong></span> <span class='ocrx_word' id='word_1_582' title='bbox 3006 1459 3231 1529; x_wconf 77' lang='lat' dir='ltr'><strong>ideoque</strong></span> <span class='ocrx_word' id='word_1_583' title='bbox 3270 1457 3401 1511; x_wconf 90' lang='lat' dir='ltr'><strong>ﬁdes</strong></span> <span class='ocrx_word' id='word_1_584' title='bbox 3431 1457 3482 1509; x_wconf 91' lang='lat' dir='ltr'><strong>in</strong></span> <span class='ocrx_word' id='word_1_585' title='bbox 3512 1456 3677 1509; x_wconf 91' lang='lat' dir='ltr'><strong>Deum</strong></span> <span class='ocrx_word' id='word_1_586' title='bbox 3700 1454 3796 1523; x_wconf 90' lang='lat' dir='ltr'><strong>ju-</strong></span> 
     </span>
    </p>
   </div>
   <div class='ocr_carea' id='block_1_76' title="bbox 2208 1546 3802 1617">
    <p class='ocr_par' dir='ltr' id='par_1_76' title="bbox 2208 1546 3802 1617">
     <span class='ocr_line' id='line_1_76' title="bbox 2208 1546 3802 1617; baseline -0.01 -5"><span class='ocrx_word' id='word_1_587' title='bbox 2208 1557 2409 1612; x_wconf 90' lang='lat' dir='ltr'><strong>stitiam</strong></span> <span class='ocrx_word' id='word_1_588' title='bbox 2458 1556 2506 1610; x_wconf 93' lang='lat' dir='ltr'><strong>ei</strong></span> <span class='ocrx_word' id='word_1_589' title='bbox 2548 1554 2760 1609; x_wconf 89' lang='lat' dir='ltr'><strong>attulit:</strong></span> <span class='ocrx_word' id='word_1_590' title='bbox 2811 1552 2963 1607; x_wconf 91' lang='lat' dir='ltr'><strong>nobis</strong></span> <span class='ocrx_word' id='word_1_591' title='bbox 3004 1561 3203 1613; x_wconf 89' lang='lat' dir='ltr'><strong>autetn,</strong></span> <span class='ocrx_word' id='word_1_592' title='bbox 3246 1548 3293 1602; x_wconf 88' lang='lat' dir='ltr'><strong>si</strong></span> <span class='ocrx_word' id='word_1_593' title='bbox 3321 1548 3577 1617; x_wconf 90' lang='lat' dir='ltr'><strong>sapimus,</strong></span> <span class='ocrx_word' id='word_1_594' title='bbox 3625 1546 3802 1599; x_wconf 89' lang='lat' dir='ltr'><strong>multo</strong></span> 
     </span>
    </p>
   </div>
   <div class='ocr_carea' id='block_1_77' title="bbox 2210 1636 3804 1717">
    <p class='ocr_par' dir='ltr' id='par_1_77' title="bbox 2210 1636 3804 1717">
     <span class='ocr_line' id='line_1_77' title="bbox 2210 1636 3804 1717; baseline -0.01 -15"><span class='ocrx_word' id='word_1_595' title='bbox 2210 1648 2410 1717; x_wconf 87' lang='lat' dir='ltr'><strong>majora</strong></span> <span class='ocrx_word' id='word_1_596' title='bbox 2444 1646 2702 1716; x_wconf 90' lang='lat' dir='ltr'><strong>promissa</strong></span> <span class='ocrx_word' id='word_1_597' title='bbox 2730 1652 2871 1706; x_wconf 91' lang='lat' dir='ltr'><strong>sunt,</strong></span> <span class='ocrx_word' id='word_1_598' title='bbox 2898 1652 2952 1697; x_wconf 90' lang='lat' dir='ltr'><strong>ct</strong></span> <span class='ocrx_word' id='word_1_599' title='bbox 2978 1640 3160 1695; x_wconf 89' lang='lat' dir='ltr'><strong>multis</strong></span> <span class='ocrx_word' id='word_1_600' title='bbox 3203 1638 3377 1693; x_wconf 92' lang='lat' dir='ltr'><strong>modis</strong></span> <span class='ocrx_word' id='word_1_601' title='bbox 3423 1636 3677 1690; x_wconf 88' lang='lat' dir='ltr'><strong>humanas</strong></span> <span class='ocrx_word' id='word_1_602' title='bbox 3703 1650 3804 1688; x_wconf 81' lang='lat' dir='ltr'><strong>co-</strong></span> 
     </span>
    </p>
   </div>
   <div class='ocr_carea' id='block_1_78' title="bbox 2212 1727 3806 1809">
    <p class='ocr_par' dir='ltr' id='par_1_78' title="bbox 2212 1727 3806 1809">
     <span class='ocr_line' id='line_1_78' title="bbox 2212 1727 3806 1809; baseline -0.01 -17"><span class='ocrx_word' id='word_1_603' title='bbox 2212 1739 2494 1809; x_wconf 85' lang='lat' dir='ltr'><strong>gitationes</strong></span> <span class='ocrx_word' id='word_1_604' title='bbox 2516 1735 2892 1791; x_wconf 88' lang='lat' dir='ltr'><strong>transcendere</strong></span> <span class='ocrx_word' id='word_1_605' title='bbox 2909 1747 3225 1804; x_wconf 89' lang='lat' dir='ltr'><strong>possumus;</strong></span> <span class='ocrx_word' id='word_1_606' title='bbox 3254 1729 3414 1783; x_wconf 91' lang='lat' dir='ltr'><strong>modo</strong></span> <span class='ocrx_word' id='word_1_607' title='bbox 3443 1727 3806 1796; x_wconf 87' lang='lat' dir='ltr'><strong>promittentis</strong></span> 
     </span>
    </p>
   </div>
   <div class='ocr_carea' id='block_1_79' title="bbox 2214 1818 3808 1902">
    <p class='ocr_par' dir='ltr' id='par_1_79' title="bbox 2214 1818 3808 1902">
     <span class='ocr_line' id='line_1_79' title="bbox 2214 1818 3808 1902; baseline -0.011 -15"><span class='ocrx_word' id='word_1_608' title='bbox 2214 1832 2465 1902; x_wconf 74' lang='lat' dir='ltr'><strong>potentia:</strong></span> <span class='ocrx_word' id='word_1_609' title='bbox 2487 1829 2785 1892; x_wconf 92' lang='lat' dir='ltr'><strong>credamus,</strong></span> <span class='ocrx_word' id='word_1_610' title='bbox 2820 1836 2875 1881; x_wconf 92' lang='lat' dir='ltr'><strong>ut</strong></span> <span class='ocrx_word' id='word_1_611' title='bbox 2899 1834 2954 1881; x_wconf 89' lang='lat' dir='ltr'><strong>et</strong></span> <span class='ocrx_word' id='word_1_612' title='bbox 2980 1840 3099 1881; x_wconf 88' lang='lat' dir='ltr'><strong>eam</strong></span> <span class='ocrx_word' id='word_1_613' title='bbox 3133 1839 3253 1894; x_wconf 66' lang='lat' dir='ltr'><strong>qua:</strong></span> <span class='ocrx_word' id='word_1_614' title='bbox 3282 1837 3347 1876; x_wconf 89' lang='lat' dir='ltr'><strong>ex</strong></span> <span class='ocrx_word' id='word_1_615' title='bbox 3378 1821 3481 1875; x_wconf 88' lang='lat' dir='ltr'><strong>ﬁde</strong></span> <span class='ocrx_word' id='word_1_616' title='bbox 3507 1831 3608 1885; x_wconf 69' lang='grc' dir='ltr'><strong>εει,</strong></span> <span class='ocrx_word' id='word_1_617' title='bbox 3638 1818 3808 1887; x_wconf 83' lang='lat' dir='ltr'><strong>justi-</strong></span> 
     </span>
    </p>
   </div>
   <div class='ocr_carea' id='block_1_80' title="bbox 2216 1910 3808 1992">
    <p class='ocr_par' dir='ltr' id='par_1_80' title="bbox 2216 1910 3808 1992">
     <span class='ocr_line' id='line_1_80' title="bbox 2216 1910 3808 1992; baseline -0.01 -14"><span class='ocrx_word' id='word_1_618' title='bbox 2216 1926 2342 1978; x_wconf 90' lang='lat' dir='ltr'><strong>tiam</strong></span> <span class='ocrx_word' id='word_1_619' title='bbox 2370 1931 2705 1992; x_wconf 88' lang='lat' dir='ltr'><strong>reportemus</strong></span> <span class='ocrx_word' id='word_1_620' title='bbox 2725 1960 2740 1985; x_wconf 94' lang='lat'><strong>,</strong></span> <span class='ocrx_word' id='word_1_621' title='bbox 2771 1930 2826 1974; x_wconf 89' lang='lat' dir='ltr'><strong>et</strong></span> <span class='ocrx_word' id='word_1_622' title='bbox 2852 1918 3211 1987; x_wconf 88' lang='lat' dir='ltr'><strong>adipiscamur</strong></span> <span class='ocrx_word' id='word_1_623' title='bbox 3249 1914 3387 1969; x_wconf 92' lang='lat' dir='ltr'><strong>bona</strong></span> <span class='ocrx_word' id='word_1_624' title='bbox 3414 1912 3694 1983; x_wconf 89' lang='lat' dir='ltr'><strong>promissa.</strong></span> <span class='ocrx_word' id='word_1_625' title='bbox 3724 1910 3808 1963; x_wconf 86' lang='lat' dir='ltr'><strong>Ea</strong></span> 
     </span>
    </p>
   </div>
   <div class='ocr_carea' id='block_1_81' title="bbox 2213 2004 3812 2086">
    <p class='ocr_par' dir='ltr' id='par_1_81' title="bbox 2213 2004 3812 2086">
     <span class='ocr_line' id='line_1_81' title="bbox 2213 2004 3812 2086; baseline -0.011 -13"><span class='ocrx_word' id='word_1_626' title='bbox 2213 2018 2378 2084; x_wconf 86' lang='lat' dir='ltr'><strong>enim,</strong></span> <span class='ocrx_word' id='word_1_627' title='bbox 2408 2032 2525 2086; x_wconf 63' lang='lat' dir='ltr'><strong>quin</strong></span> <span class='ocrx_word' id='word_1_628' title='bbox 2548 2013 2699 2068; x_wconf 87' lang='lat' dir='ltr'><strong>nobis</strong></span> <span class='ocrx_word' id='word_1_629' title='bbox 2724 2013 2954 2066; x_wconf 83' lang='lat' dir='ltr'><strong>maxime</strong></span> <span class='ocrx_word' id='word_1_630' title='bbox 2980 2009 3259 2080; x_wconf 91' lang='lat' dir='ltr'><strong>promissa,</strong></span> <span class='ocrx_word' id='word_1_631' title='bbox 3282 2020 3497 2061; x_wconf 91' lang='lat' dir='ltr'><strong>omnem</strong></span> <span class='ocrx_word' id='word_1_632' title='bbox 3520 2004 3812 2057; x_wconf 88' lang='lat' dir='ltr'><strong>humanam</strong></span> 
     </span>
    </p>
   </div>
   <div class='ocr_carea' id='block_1_82' title="bbox 2217 2098 3813 2169">
    <p class='ocr_par' dir='ltr' id='par_1_82' title="bbox 2217 2098 3813 2169">
     <span class='ocr_line' id='line_1_82' title="bbox 2217 2098 3813 2169; baseline -0.011 -4"><span class='ocrx_word' id='word_1_633' title='bbox 2217 2108 2600 2164; x_wconf 91' lang='lat' dir='ltr'><strong>transcendunt</strong></span> <span class='ocrx_word' id='word_1_634' title='bbox 2624 2106 2906 2169; x_wconf 88' lang='lat' dir='ltr'><strong>rationem,</strong></span> <span class='ocrx_word' id='word_1_635' title='bbox 2935 2114 2989 2157; x_wconf 91' lang='lat' dir='ltr'><strong>et</strong></span> <span class='ocrx_word' id='word_1_636' title='bbox 3011 2116 3224 2156; x_wconf 91' lang='lat' dir='ltr'><strong>omnem</strong></span> <span class='ocrx_word' id='word_1_637' title='bbox 3250 2098 3622 2169; x_wconf 88' lang='lat' dir='ltr'><strong>cogitationem</strong></span> <span class='ocrx_word' id='word_1_638' title='bbox 3643 2109 3813 2149; x_wconf 86' lang='lat' dir='ltr'><strong>exce-</strong></span> 
     </span>
    </p>
   </div>
   <div class='ocr_carea' id='block_1_83' title="bbox 2218 2186 3814 2267">
    <p class='ocr_par' dir='ltr' id='par_1_83' title="bbox 2218 2186 3814 2267">
     <span class='ocr_line' id='line_1_83' title="bbox 2218 2186 3814 2267; baseline -0.011 -11"><span class='ocrx_word' id='word_1_639' title='bbox 2218 2202 2351 2256; x_wconf 88' lang='lat' dir='ltr'><strong>dunt</strong></span> <span class='ocrx_word' id='word_1_640' title='bbox 2393 2218 2407 2255; x_wconf 91' lang='lat'><strong>:</strong></span> <span class='ocrx_word' id='word_1_641' title='bbox 2461 2209 2604 2253; x_wconf 90' lang='lat' dir='ltr'><strong>tanta</strong></span> <span class='ocrx_word' id='word_1_642' title='bbox 2654 2197 3069 2267; x_wconf 90' lang='lat' dir='ltr'><strong>promissionum</strong></span> <span class='ocrx_word' id='word_1_643' title='bbox 3123 2201 3206 2247; x_wconf 91' lang='lat' dir='ltr'><strong>est</strong></span> <span class='ocrx_word' id='word_1_644' title='bbox 3244 2188 3572 2260; x_wconf 87' lang='lat' dir='ltr'><strong>magnitudo.</strong></span> <span class='ocrx_word' id='word_1_645' title='bbox 3623 2186 3814 2255; x_wconf 79' lang='lat' dir='ltr'><strong>Neque</strong></span> 
     </span>
    </p>
   </div>
   <div class='ocr_carea' id='block_1_84' title="bbox 2219 2278 3815 2362">
    <p class='ocr_par' dir='ltr' id='par_1_84' title="bbox 2219 2278 3815 2362">
     <span class='ocr_line' id='line_1_84' title="bbox 2219 2278 3815 2362; baseline -0.011 -14"><span class='ocrx_word' id='word_1_646' title='bbox 2219 2295 2361 2349; x_wconf 86' lang='lat' dir='ltr'><strong>enim</strong></span> <span class='ocrx_word' id='word_1_647' title='bbox 2384 2293 2434 2347; x_wconf 91' lang='lat' dir='ltr'><strong>in</strong></span> <span class='ocrx_word' id='word_1_648' title='bbox 2464 2290 2710 2362; x_wconf 65' lang='lat' dir='ltr'><strong>praesenti</strong></span> <span class='ocrx_word' id='word_1_649' title='bbox 2737 2289 2843 2342; x_wconf 89' lang='lat' dir='ltr'><strong>vita</strong></span> <span class='ocrx_word' id='word_1_650' title='bbox 2869 2287 3041 2341; x_wconf 91' lang='lat' dir='ltr'><strong>solum</strong></span> <span class='ocrx_word' id='word_1_651' title='bbox 3066 2284 3220 2338; x_wconf 91' lang='lat' dir='ltr'><strong>nobis</strong></span> <span class='ocrx_word' id='word_1_652' title='bbox 3250 2281 3491 2352; x_wconf 90' lang='lat' dir='ltr'><strong>promisit</strong></span> <span class='ocrx_word' id='word_1_653' title='bbox 3512 2278 3669 2345; x_wconf 82' lang='lat' dir='ltr'><strong>hujus</strong></span> <span class='ocrx_word' id='word_1_654' title='bbox 3688 2279 3815 2330; x_wconf 63' lang='lat' dir='ltr'><strong>vita:</strong></span> 
     </span>
    </p>
   </div>
   <div class='ocr_carea' id='block_1_85' title="bbox 2222 2371 3818 2440">
    <p class='ocr_par' dir='ltr' id='par_1_85' title="bbox 2222 2371 3818 2440">
     <span class='ocr_line' id='line_1_85' title="bbox 2222 2371 3818 2440; baseline -0.01 -1"><span class='ocrx_word' id='word_1_655' title='bbox 2222 2394 2414 2439; x_wconf 89' lang='lat' dir='ltr'><strong>statum</strong></span> <span class='ocrx_word' id='word_1_656' title='bbox 2462 2392 2516 2438; x_wconf 90' lang='lat' dir='ltr'><strong>et</strong></span> <span class='ocrx_word' id='word_1_657' title='bbox 2554 2380 2843 2435; x_wconf 91' lang='lat' dir='ltr'><strong>visibilium</strong></span> <span class='ocrx_word' id='word_1_658' title='bbox 2889 2378 3189 2433; x_wconf 79' lang='lat' dir='ltr'><strong>fruitionem</strong></span> <span class='ocrx_word' id='word_1_659' title='bbox 3242 2392 3255 2427; x_wconf 91' lang='lat'><strong>:</strong></span> <span class='ocrx_word' id='word_1_660' title='bbox 3293 2371 3387 2428; x_wconf 90' lang='lat' dir='ltr'><strong>sed</strong></span> <span class='ocrx_word' id='word_1_661' title='bbox 3426 2382 3481 2426; x_wconf 90' lang='lat' dir='ltr'><strong>et</strong></span> <span class='ocrx_word' id='word_1_662' title='bbox 3533 2382 3818 2440; x_wconf 87' lang='lat' dir='ltr'><strong>postquam</strong></span> 
     </span>
    </p>
   </div>
   <div class='ocr_carea' id='block_1_86' title="bbox 2223 2462 3816 2543">
    <p class='ocr_par' dir='ltr' id='par_1_86' title="bbox 2223 2462 3816 2543">
     <span class='ocr_line' id='line_1_86' title="bbox 2223 2462 3816 2543; baseline -0.013 -13"><span class='ocrx_word' id='word_1_663' title='bbox 2223 2477 2347 2530; x_wconf 90' lang='lat' dir='ltr'><strong>hinc</strong></span> <span class='ocrx_word' id='word_1_664' title='bbox 2376 2471 2834 2543; x_wconf 85' lang='lat' dir='ltr'><strong>emigraverimus,</strong></span> <span class='ocrx_word' id='word_1_665' title='bbox 2881 2477 2937 2523; x_wconf 90' lang='lat' dir='ltr'><strong>et</strong></span> <span class='ocrx_word' id='word_1_666' title='bbox 2980 2476 3100 2537; x_wconf 90' lang='lat' dir='ltr'><strong>post</strong></span> <span class='ocrx_word' id='word_1_667' title='bbox 3126 2464 3366 2535; x_wconf 91' lang='lat' dir='ltr'><strong>corporis</strong></span> <span class='ocrx_word' id='word_1_668' title='bbox 3392 2462 3816 2530; x_wconf 85' lang='lat' dir='ltr'><strong>corruptionem,</strong></span> 
     </span>
    </p>
   </div>
   <div class='ocr_carea' id='block_1_87' title="bbox 2223 2554 3814 2639">
    <p class='ocr_par' dir='ltr' id='par_1_87' title="bbox 2223 2554 3814 2639">
     <span class='ocr_line' id='line_1_87' title="bbox 2223 2554 3814 2639; baseline -0.009 -18"><span class='ocrx_word' id='word_1_669' title='bbox 2223 2567 2437 2639; x_wconf 90' lang='lat' dir='ltr'><strong>quando</strong></span> <span class='ocrx_word' id='word_1_670' title='bbox 2462 2567 2513 2620; x_wconf 93' lang='lat' dir='ltr'><strong>in</strong></span> <span class='ocrx_word' id='word_1_671' title='bbox 2542 2565 2777 2620; x_wconf 71' lang='lat' dir='ltr'><strong>«cinerem</strong></span> <span class='ocrx_word' id='word_1_672' title='bbox 2808 2571 2862 2617; x_wconf 90' lang='lat' dir='ltr'><strong>et</strong></span> <span class='ocrx_word' id='word_1_673' title='bbox 2889 2560 3159 2631; x_wconf 89' lang='lat' dir='ltr'><strong>pulverem</strong></span> <span class='ocrx_word' id='word_1_674' title='bbox 3188 2566 3367 2611; x_wconf 88' lang='lat' dir='ltr'><strong>nostra</strong></span> <span class='ocrx_word' id='word_1_675' title='bbox 3409 2554 3664 2609; x_wconf 90' lang='lat' dir='ltr'><strong>dissoluta</strong></span> <span class='ocrx_word' id='word_1_676' title='bbox 3697 2554 3814 2607; x_wconf 81' lang='lat' dir='ltr'><strong>l&#39;ue-</strong></span> 
     </span>
    </p>
   </div>
   <div class='ocr_carea' id='block_1_88' title="bbox 2224 2644 3821 2726">
    <p class='ocr_par' dir='ltr' id='par_1_88' title="bbox 2224 2644 3821 2726">
     <span class='ocr_line' id='line_1_88' title="bbox 2224 2644 3821 2726; baseline -0.01 -13"><span class='ocrx_word' id='word_1_677' title='bbox 2224 2659 2329 2713; x_wconf 92' lang='lat' dir='ltr'><strong>rint</strong></span> <span class='ocrx_word' id='word_1_678' title='bbox 2370 2671 2616 2726; x_wconf 88' lang='lat' dir='ltr'><strong>corpora,</strong></span> <span class='ocrx_word' id='word_1_679' title='bbox 2666 2664 2791 2708; x_wconf 90' lang='lat' dir='ltr'><strong>tunc</strong></span> <span class='ocrx_word' id='word_1_680' title='bbox 2829 2659 3192 2707; x_wconf 88' lang='lat' dir='ltr'><strong>resurrectura</strong></span> <span class='ocrx_word' id='word_1_681' title='bbox 3246 2662 3311 2702; x_wconf 91' lang='lat' dir='ltr'><strong>ea</strong></span> <span class='ocrx_word' id='word_1_682' title='bbox 3357 2645 3634 2715; x_wconf 90' lang='lat' dir='ltr'><strong>promisit,</strong></span> <span class='ocrx_word' id='word_1_683' title='bbox 3669 2653 3723 2697; x_wconf 91' lang='lat' dir='ltr'><strong>et</strong></span> <span class='ocrx_word' id='word_1_684' title='bbox 3764 2644 3821 2697; x_wconf 93' lang='lat' dir='ltr'><strong>in</strong></span> 
     </span>
    </p>
   </div>
   <div class='ocr_carea' id='block_1_89' title="bbox 2226 2735 3822 2818">
    <p class='ocr_par' dir='ltr' id='par_1_89' title="bbox 2226 2735 3822 2818">
     <span class='ocr_line' id='line_1_89' title="bbox 2226 2735 3822 2818; baseline -0.011 -15"><span class='ocrx_word' id='word_1_685' title='bbox 2226 2748 2414 2818; x_wconf 83' lang='lat' dir='ltr'><strong>majori</strong></span> <span class='ocrx_word' id='word_1_686' title='bbox 2437 2747 2601 2818; x_wconf 80' lang='lat' dir='ltr'><strong>gloria</strong></span> <span class='ocrx_word' id='word_1_687' title='bbox 2624 2745 2817 2799; x_wconf 79' lang='lat' dir='ltr'><strong>futura.</strong></span> <span class='ocrx_word' id='word_1_688' title='bbox 2865 2742 3072 2813; x_wconf 86' lang='lat' dir='ltr'><strong>Oportet</strong></span> <span class='ocrx_word' id='word_1_689' title='bbox 3094 2740 3246 2807; x_wconf 88' lang='lat' dir='ltr'><strong>enim,</strong></span> <span class='ocrx_word' id='word_1_690' title='bbox 3278 2738 3447 2806; x_wconf 90' lang='lat' dir='ltr'><strong>inquit</strong></span> <span class='ocrx_word' id='word_1_691' title='bbox 3476 2738 3658 2790; x_wconf 89' lang='lat' dir='ltr'><strong>beatus</strong></span> <span class='ocrx_word' id='word_1_692' title='bbox 3679 2735 3822 2788; x_wconf 86' lang='lat' dir='ltr'><strong>Pau-</strong></span> 
     </span>
    </p>
   </div>
   <div class='ocr_carea' id='block_1_90' title="bbox 2230 2831 3824 2911">
    <p class='ocr_par' dir='ltr' id='par_1_90' title="bbox 2230 2831 3824 2911">
     <span class='ocr_line' id='line_1_90' title="bbox 2230 2831 3824 2911; baseline -0.011 -16"><span class='ocrx_word' id='word_1_693' title='bbox 2230 2843 2333 2908; x_wconf 91' lang='lat' dir='ltr'><strong>lus,</strong></span> <span class='ocrx_word' id='word_1_694' title='bbox 2364 2840 2688 2911; x_wconf 86' lang='lat' dir='ltr'><strong>corruptibile</strong></span> <span class='ocrx_word' id='word_1_695' title='bbox 2733 2838 2828 2891; x_wconf 84' lang='lat' dir='ltr'><strong>hoc</strong></span> <span class='ocrx_word' id='word_1_696' title='bbox 2868 2836 3079 2889; x_wconf 83' lang='lat' dir='ltr'><strong>induere</strong></span> <span class='ocrx_word' id='word_1_697' title='bbox 3103 2831 3549 2899; x_wconf 84' lang='lat' dir='ltr'><strong>incorruptionem,</strong></span> <span class='ocrx_word' id='word_1_698' title='bbox 3601 2837 3648 2881; x_wconf 89' lang='lat' dir='ltr'><strong>et</strong></span> <span class='ocrx_word' id='word_1_699' title='bbox 3678 2844 3824 2879; x_wconf 84' lang='lat' dir='ltr'><strong>mor-</strong></span> 
     </span>
    </p>
   </div>
   <div class='ocr_carea' id='block_1_91' title="bbox 2230 2920 3825 2996">
    <p class='ocr_par' dir='ltr' id='par_1_91' title="bbox 2230 2920 3825 2996">
     <span class='ocr_line' id='line_1_91' title="bbox 2230 2920 3825 2996; baseline -0.011 -5"><span class='ocrx_word' id='word_1_700' title='bbox 2230 2936 2332 2991; x_wconf 86' lang='lat' dir='ltr'><strong>tale</strong></span> <span class='ocrx_word' id='word_1_701' title='bbox 2354 2936 2449 2989; x_wconf 78' lang='lat' dir='ltr'><strong>hoc</strong></span> <span class='ocrx_word' id='word_1_702' title='bbox 2487 2935 2695 2988; x_wconf 83' lang='lat' dir='ltr'><strong>induere</strong></span> <span class='ocrx_word' id='word_1_703' title='bbox 2728 2930 3158 2985; x_wconf 79' lang='lat' dir='ltr'><strong>immortalitatem</strong></span> <span class='ocrx_word' id='word_1_704' title='bbox 3187 2927 3205 2996; x_wconf 98' lang='lat'><strong>(</strong></span> <span class='ocrx_word' id='word_1_705' title='bbox 3237 2926 3289 2979; x_wconf 80' lang='lat' dir='ltr'><strong>l.</strong></span> <span class='ocrx_word' id='word_1_706' title='bbox 3314 2924 3432 2978; x_wconf 88' lang='lat' dir='ltr'><strong>Cor.</strong></span> <span class='ocrx_word' id='word_1_707' title='bbox 3458 2924 3542 2977; x_wconf 80' lang='lat' dir='ltr'><strong>l5.</strong></span> <span class='ocrx_word' id='word_1_708' title='bbox 3577 2922 3646 2977; x_wconf 79' lang='lat'><strong>55</strong></span> <span class='ocrx_word' id='word_1_709' title='bbox 3670 2921 3709 2989; x_wconf 91' lang='lat'><strong>).</strong></span> <span class='ocrx_word' id='word_1_710' title='bbox 3758 2920 3825 2974; x_wconf 81' lang='lat' dir='ltr'><strong>Et</strong></span> 
     </span>
    </p>
   </div>
   <div class='ocr_carea' id='block_1_92' title="bbox 2232 3014 3825 3100">
    <p class='ocr_par' dir='ltr' id='par_1_92' title="bbox 2232 3014 3825 3100">
     <span class='ocr_line' id='line_1_92' title="bbox 2232 3014 3825 3100; baseline -0.013 -15"><span class='ocrx_word' id='word_1_711' title='bbox 2232 3038 2354 3100; x_wconf 90' lang='lat' dir='ltr'><strong>post</strong></span> <span class='ocrx_word' id='word_1_712' title='bbox 2398 3042 2681 3097; x_wconf 89' lang='lat' dir='ltr'><strong>corporum</strong></span> <span class='ocrx_word' id='word_1_713' title='bbox 2727 3023 3174 3080; x_wconf 89' lang='lat' dir='ltr'><strong>resurrectionem</strong></span> <span class='ocrx_word' id='word_1_714' title='bbox 3222 3018 3371 3088; x_wconf 83' lang='lat' dir='ltr'><strong>regni</strong></span> <span class='ocrx_word' id='word_1_715' title='bbox 3426 3014 3825 3086; x_wconf 69' lang='lat' dir='ltr'><strong>possessionem</strong></span> 
     </span>
    </p>
   </div>
   <div class='ocr_carea' id='block_1_93' title="bbox 2232 3106 3827 3186">
    <p class='ocr_par' dir='ltr' id='par_1_93' title="bbox 2232 3106 3827 3186">
     <span class='ocr_line' id='line_1_93' title="bbox 2232 3106 3827 3186; baseline -0.012 -11"><span class='ocrx_word' id='word_1_716' title='bbox 2232 3121 2483 3175; x_wconf 90' lang='lat' dir='ltr'><strong>daturum</strong></span> <span class='ocrx_word' id='word_1_717' title='bbox 2526 3134 2585 3174; x_wconf 90' lang='lat' dir='ltr'><strong>se</strong></span> <span class='ocrx_word' id='word_1_718' title='bbox 2628 3117 2783 3171; x_wconf 88' lang='lat' dir='ltr'><strong>nobis</strong></span> <span class='ocrx_word' id='word_1_719' title='bbox 2828 3114 3096 3186; x_wconf 91' lang='lat' dir='ltr'><strong>pollicitus</strong></span> <span class='ocrx_word' id='word_1_720' title='bbox 3138 3121 3239 3175; x_wconf 88' lang='lat' dir='ltr'><strong>est,</strong></span> <span class='ocrx_word' id='word_1_721' title='bbox 3263 3119 3318 3165; x_wconf 89' lang='lat' dir='ltr'><strong>et</strong></span> <span class='ocrx_word' id='word_1_722' title='bbox 3362 3106 3827 3162; x_wconf 84' lang='lat' dir='ltr'><strong>conversationem</strong></span> 
     </span>
    </p>
   </div>
   <div class='ocr_carea' id='block_1_94' title="bbox 2233 3195 3827 3277">
    <p class='ocr_par' dir='ltr' id='par_1_94' title="bbox 2233 3195 3827 3277">
     <span class='ocr_line' id='line_1_94' title="bbox 2233 3195 3827 3277; baseline -0.014 -10"><span class='ocrx_word' id='word_1_723' title='bbox 2233 3227 2354 3267; x_wconf 91' lang='lat' dir='ltr'><strong>cum</strong></span> <span class='ocrx_word' id='word_1_724' title='bbox 2376 3210 2595 3275; x_wconf 89' lang='lat' dir='ltr'><strong>sanctis,</strong></span> <span class='ocrx_word' id='word_1_725' title='bbox 2625 3218 2680 3263; x_wconf 89' lang='lat' dir='ltr'><strong>et</strong></span> <span class='ocrx_word' id='word_1_726' title='bbox 2703 3208 2755 3261; x_wconf 88' lang='lat' dir='ltr'><strong>in</strong></span> <span class='ocrx_word' id='word_1_727' title='bbox 2788 3216 3045 3277; x_wconf 88' lang='lat' dir='ltr'><strong>perpetuo</strong></span> <span class='ocrx_word' id='word_1_728' title='bbox 3066 3202 3263 3258; x_wconf 65' lang='lat' dir='ltr'><strong>smculo</strong></span> <span class='ocrx_word' id='word_1_729' title='bbox 3284 3202 3540 3270; x_wconf 87' lang='lat' dir='ltr'><strong>quietem,</strong></span> <span class='ocrx_word' id='word_1_730' title='bbox 3566 3206 3619 3250; x_wconf 91' lang='lat' dir='ltr'><strong>et</strong></span> <span class='ocrx_word' id='word_1_731' title='bbox 3640 3195 3827 3249; x_wconf 79' lang='lat' dir='ltr'><strong>ineﬂ&#39;a-</strong></span> 
     </span>
    </p>
   </div>
   <div class='ocr_carea' id='block_1_95' title="bbox 2237 3292 3827 3363">
    <p class='ocr_par' dir='ltr' id='par_1_95' title="bbox 2237 3292 3827 3363">
     <span class='ocr_line' id='line_1_95' title="bbox 2237 3292 3827 3363; baseline -0.013 -6"><span class='ocrx_word' id='word_1_732' title='bbox 2237 3304 2358 3357; x_wconf 88' lang='lat' dir='ltr'><strong>hilia</strong></span> <span class='ocrx_word' id='word_1_733' title='bbox 2388 3303 2474 3355; x_wconf 91' lang='lat' dir='ltr'><strong>illa</strong></span> <span class='ocrx_word' id='word_1_734' title='bbox 2505 3302 2663 3363; x_wconf 86' lang='lat' dir='ltr'><strong>bona,</strong></span> <span class='ocrx_word' id='word_1_735' title='bbox 2698 3298 2825 3363; x_wconf 79' lang='lat' dir='ltr'><strong>Qute</strong></span> <span class='ocrx_word' id='word_1_736' title='bbox 2850 3297 3025 3350; x_wconf 87' lang='lat' dir='ltr'><strong>oculus</strong></span> <span class='ocrx_word' id='word_1_737' title='bbox 3047 3311 3149 3348; x_wconf 86' lang='lat' dir='ltr'><strong>non</strong></span> <span class='ocrx_word' id='word_1_738' title='bbox 3177 3292 3322 3360; x_wconf 82' lang='lat' dir='ltr'><strong>vidit,</strong></span> <span class='ocrx_word' id='word_1_739' title='bbox 3350 3300 3395 3344; x_wconf 88' lang='lat' dir='ltr'><strong>et</strong></span> <span class='ocrx_word' id='word_1_740' title='bbox 3424 3293 3563 3341; x_wconf 84' lang='lat' dir='ltr'><strong>auris</strong></span> <span class='ocrx_word' id='word_1_741' title='bbox 3604 3305 3703 3340; x_wconf 85' lang='lat' dir='ltr'><strong>non</strong></span> <span class='ocrx_word' id='word_1_742' title='bbox 3729 3302 3827 3337; x_wconf 86' lang='lat' dir='ltr'><strong>au-</strong></span> 
     </span>
    </p>
   </div>
   <div class='ocr_carea' id='block_1_96' title="bbox 2236 3377 3827 3457">
    <p class='ocr_par' dir='ltr' id='par_1_96' title="bbox 2236 3377 3827 3457">
     <span class='ocr_line' id='line_1_96' title="bbox 2236 3377 3827 3457; baseline -0.011 -9"><span class='ocrx_word' id='word_1_743' title='bbox 2236 3396 2380 3457; x_wconf 86' lang='lat' dir='ltr'><strong>divit,</strong></span> <span class='ocrx_word' id='word_1_744' title='bbox 2419 3404 2466 3448; x_wconf 87' lang='lat' dir='ltr'><strong>et</strong></span> <span class='ocrx_word' id='word_1_745' title='bbox 2513 3394 2566 3445; x_wconf 89' lang='lat' dir='ltr'><strong>in</strong></span> <span class='ocrx_word' id='word_1_746' title='bbox 2605 3409 2692 3444; x_wconf 90' lang='lat' dir='ltr'><strong>cor</strong></span> <span class='ocrx_word' id='word_1_747' title='bbox 2735 3389 2954 3443; x_wconf 85' lang='lat' dir='ltr'><strong>hominis</strong></span> <span class='ocrx_word' id='word_1_748' title='bbox 2982 3404 3082 3441; x_wconf 87' lang='lat' dir='ltr'><strong>non</strong></span> <span class='ocrx_word' id='word_1_749' title='bbox 3109 3385 3437 3440; x_wconf 84' lang='lat' dir='ltr'><strong>ascenderunt</strong></span> <span class='ocrx_word' id='word_1_750' title='bbox 3468 3381 3627 3455; x_wconf 84' lang='lat' dir='ltr'><strong>(Ibid.</strong></span> <span class='ocrx_word' id='word_1_751' title='bbox 3657 3379 3712 3435; x_wconf 73' lang='lat'><strong>2.</strong></span> <span class='ocrx_word' id='word_1_752' title='bbox 3741 3377 3827 3449; x_wconf 84' lang='lat'><strong>9).</strong></span> 
     </span>
    </p>
   </div>
   <div class='ocr_carea' id='block_1_97' title="bbox 2241 3474 3829 3555">
    <p class='ocr_par' dir='ltr' id='par_1_97' title="bbox 2241 3474 3829 3555">
     <span class='ocr_line' id='line_1_97' title="bbox 2241 3474 3829 3555; baseline -0.008 -15"><span class='ocrx_word' id='word_1_753' title='bbox 2241 3486 2428 3539; x_wconf 82' lang='lat' dir='ltr'><strong>Vidisti</strong></span> <span class='ocrx_word' id='word_1_754' title='bbox 2458 3494 2656 3555; x_wconf 91' lang='lat' dir='ltr'><strong>quanta</strong></span> <span class='ocrx_word' id='word_1_755' title='bbox 2680 3481 3095 3552; x_wconf 89' lang='lat' dir='ltr'><strong>promissionum</strong></span> <span class='ocrx_word' id='word_1_756' title='bbox 3122 3478 3434 3533; x_wconf 82' lang='lat' dir='ltr'><strong>excellentia</strong></span> <span class='ocrx_word' id='word_1_757' title='bbox 3460 3492 3474 3542; x_wconf 89' lang='lat'><strong>;</strong></span> <span class='ocrx_word' id='word_1_758' title='bbox 3510 3474 3688 3529; x_wconf 72' lang='lat' dir='ltr'><strong>vidisti</strong></span> <span class='ocrx_word' id='word_1_759' title='bbox 3731 3474 3829 3527; x_wconf 87' lang='lat' dir='ltr'><strong>do—</strong></span> 
     </span>
    </p>
   </div>
   <div class='ocr_carea' id='block_1_98' title="bbox 2240 3573 2941 3646">
    <p class='ocr_par' dir='ltr' id='par_1_98' title="bbox 2240 3573 2941 3646">
     <span class='ocr_line' id='line_1_98' title="bbox 2240 3573 2941 3646; baseline -0.009 -14"><span class='ocrx_word' id='word_1_760' title='bbox 2240 3593 2430 3632; x_wconf 90' lang='lat' dir='ltr'><strong>norum</strong></span> <span class='ocrx_word' id='word_1_761' title='bbox 2483 3573 2941 3646; x_wconf 85' lang='lat' dir='ltr'><strong>magnitudinem?</strong></span> 
     </span>
    </p>
   </div>
   <div class='ocr_carea' id='block_1_99' title="bbox 2311 3662 3831 3739">
    <p class='ocr_par' dir='ltr' id='par_1_99' title="bbox 2311 3662 3831 3739">
     <span class='ocr_line' id='line_1_99' title="bbox 2311 3662 3831 3739; baseline -0.009 -13"><span class='ocrx_word' id='word_1_762' title='bbox 2311 3671 2365 3726; x_wconf 89' lang='lat'><strong>6.</strong></span> <span class='ocrx_word' id='word_1_763' title='bbox 2382 3671 2504 3726; x_wconf 73' lang='lat' dir='ltr'><strong>llzcc</strong></span> <span class='ocrx_word' id='word_1_764' title='bbox 2527 3670 2838 3739; x_wconf 86' lang='lat' dir='ltr'><strong>cogitantes,</strong></span> <span class='ocrx_word' id='word_1_765' title='bbox 2859 3675 2913 3721; x_wconf 92' lang='lat' dir='ltr'><strong>et</strong></span> <span class='ocrx_word' id='word_1_766' title='bbox 2926 3666 3155 3721; x_wconf 89' lang='lat' dir='ltr'><strong>scientes</strong></span> <span class='ocrx_word' id='word_1_767' title='bbox 3171 3662 3381 3719; x_wconf 90' lang='lat' dir='ltr'><strong>mentiri</strong></span> <span class='ocrx_word' id='word_1_768' title='bbox 3398 3677 3504 3715; x_wconf 90' lang='lat' dir='ltr'><strong>non</strong></span> <span class='ocrx_word' id='word_1_769' title='bbox 3524 3675 3681 3732; x_wconf 89' lang='lat' dir='ltr'><strong>posse</strong></span> <span class='ocrx_word' id='word_1_770' title='bbox 3705 3675 3831 3714; x_wconf 93' lang='lat' dir='ltr'><strong>eum</strong></span> 
     </span>
    </p>
   </div>
   <div class='ocr_carea' id='block_1_100' title="bbox 2241 3751 3831 3835">
    <p class='ocr_par' dir='ltr' id='par_1_100' title="bbox 2241 3751 3831 3835">
     <span class='ocr_line' id='line_1_100' title="bbox 2241 3751 3831 3835; baseline -0.008 -18"><span class='ocrx_word' id='word_1_771' title='bbox 2241 3765 2331 3835; x_wconf 88' lang='lat' dir='ltr'><strong>qui</strong></span> <span class='ocrx_word' id='word_1_772' title='bbox 2365 3763 2454 3817; x_wconf 90' lang='lat' dir='ltr'><strong>illa</strong></span> <span class='ocrx_word' id='word_1_773' title='bbox 2480 3761 2739 3833; x_wconf 90' lang='lat' dir='ltr'><strong>promisit,</strong></span> <span class='ocrx_word' id='word_1_774' title='bbox 2762 3774 2949 3828; x_wconf 86' lang='lat' dir='ltr'><strong>magna</strong></span> <span class='ocrx_word' id='word_1_775' title='bbox 2966 3756 3239 3811; x_wconf 87' lang='lat' dir='ltr'><strong>alacritate</strong></span> <span class='ocrx_word' id='word_1_776' title='bbox 3258 3768 3615 3824; x_wconf 68' lang='lat' dir='ltr'><strong>prmparemus</strong></span> <span class='ocrx_word' id='word_1_777' title='bbox 3638 3766 3739 3805; x_wconf 87' lang='lat' dir='ltr'><strong>nos</strong></span> <span class='ocrx_word' id='word_1_778' title='bbox 3764 3751 3831 3804; x_wconf 86' lang='lat' dir='ltr'><strong>ad</strong></span> 
     </span>
    </p>
   </div>
   <div class='ocr_carea' id='block_1_101' title="bbox 2243 3844 3835 3924">
    <p class='ocr_par' dir='ltr' id='par_1_101' title="bbox 2243 3844 3835 3924">
     <span class='ocr_line' id='line_1_101' title="bbox 2243 3844 3835 3924; baseline -0.007 -16"><span class='ocrx_word' id='word_1_779' title='bbox 2243 3856 2450 3910; x_wconf 89' lang='lat' dir='ltr'><strong>virtutis</strong></span> <span class='ocrx_word' id='word_1_780' title='bbox 2470 3868 2686 3924; x_wconf 89' lang='lat' dir='ltr'><strong>agones,</strong></span> <span class='ocrx_word' id='word_1_781' title='bbox 2707 3859 2838 3907; x_wconf 91' lang='lat' dir='ltr'><strong>utet</strong></span> <span class='ocrx_word' id='word_1_782' title='bbox 2869 3847 3141 3919; x_wconf 90' lang='lat' dir='ltr'><strong>promissis</strong></span> <span class='ocrx_word' id='word_1_783' title='bbox 3163 3846 3316 3901; x_wconf 90' lang='lat' dir='ltr'><strong>bonis</strong></span> <span class='ocrx_word' id='word_1_784' title='bbox 3346 3845 3449 3899; x_wconf 82' lang='lat' dir='ltr'><strong>frui</strong></span> <span class='ocrx_word' id='word_1_785' title='bbox 3469 3844 3757 3913; x_wconf 86' lang='lat' dir='ltr'><strong>possimus,</strong></span> <span class='ocrx_word' id='word_1_786' title='bbox 3779 3852 3835 3897; x_wconf 85' lang='lat' dir='ltr'><strong>et</strong></span> 
     </span>
    </p>
   </div>
   <div class='ocr_carea' id='block_1_102' title="bbox 2242 3936 3834 4009">
    <p class='ocr_par' dir='ltr' id='par_1_102' title="bbox 2242 3936 3834 4009">
     <span class='ocr_line' id='line_1_102' title="bbox 2242 3936 3834 4009; baseline -0.009 -7"><span class='ocrx_word' id='word_1_787' title='bbox 2242 3963 2311 4003; x_wconf 90' lang='lat' dir='ltr'><strong>ne</strong></span> <span class='ocrx_word' id='word_1_788' title='bbox 2323 3947 2477 4002; x_wconf 84' lang='lat' dir='ltr'><strong>saluti</strong></span> <span class='ocrx_word' id='word_1_789' title='bbox 2492 3955 2685 3999; x_wconf 67' lang='lat' dir='ltr'><strong>nostrm</strong></span> <span class='ocrx_word' id='word_1_790' title='bbox 2699 3954 2749 3998; x_wconf 87' lang='lat' dir='ltr'><strong>et</strong></span> <span class='ocrx_word' id='word_1_791' title='bbox 2768 3944 2928 3997; x_wconf 91' lang='lat' dir='ltr'><strong>tantis</strong></span> <span class='ocrx_word' id='word_1_792' title='bbox 2937 3940 3090 3996; x_wconf 93' lang='lat' dir='ltr'><strong>bonis</strong></span> <span class='ocrx_word' id='word_1_793' title='bbox 3110 3950 3447 4009; x_wconf 87' lang='lat' dir='ltr'><strong>temporanea</strong></span> <span class='ocrx_word' id='word_1_794' title='bbox 3468 3936 3834 4005; x_wconf 66' lang='lat' dir='ltr'><strong>praeferamus,</strong></span> 
     </span>
    </p>
   </div>
   <div class='ocr_carea' id='block_1_103' title="bbox 2246 4028 3839 4111">
    <p class='ocr_par' dir='ltr' id='par_1_103' title="bbox 2246 4028 3839 4111">
     <span class='ocr_line' id='line_1_103' title="bbox 2246 4028 3839 4111; baseline -0.009 -16"><span class='ocrx_word' id='word_1_795' title='bbox 2246 4055 2416 4111; x_wconf 91' lang='lat' dir='ltr'><strong>neque</strong></span> <span class='ocrx_word' id='word_1_796' title='bbox 2431 4038 2724 4110; x_wconf 88' lang='lat' dir='ltr'><strong>cogitemus</strong></span> <span class='ocrx_word' id='word_1_797' title='bbox 2745 4035 2956 4090; x_wconf 87' lang='lat' dir='ltr'><strong>labores</strong></span> <span class='ocrx_word' id='word_1_798' title='bbox 2980 4033 3209 4095; x_wconf 90' lang='lat' dir='ltr'><strong>virtutis,</strong></span> <span class='ocrx_word' id='word_1_799' title='bbox 3237 4031 3331 4085; x_wconf 91' lang='lat' dir='ltr'><strong>sed</strong></span> <span class='ocrx_word' id='word_1_800' title='bbox 3353 4028 3566 4099; x_wconf 86' lang='lat' dir='ltr'><strong>pramia</strong></span> <span class='ocrx_word' id='word_1_801' title='bbox 3589 4028 3638 4080; x_wconf 90' lang='lat' dir='ltr'><strong>in</strong></span> <span class='ocrx_word' id='word_1_802' title='bbox 3654 4036 3839 4081; x_wconf 88' lang='lat' dir='ltr'><strong>mente</strong></span> 
     </span>
    </p>
   </div>
   <div class='ocr_carea' id='block_1_104' title="bbox 2245 4126 3838 4205">
    <p class='ocr_par' dir='ltr' id='par_1_104' title="bbox 2245 4126 3838 4205">
     <span class='ocr_line' id='line_1_104' title="bbox 2245 4126 3838 4205; baseline -0.011 -17"><span class='ocrx_word' id='word_1_803' title='bbox 2245 4148 2531 4205; x_wconf 88' lang='lat' dir='ltr'><strong>ponamus:</strong></span> <span class='ocrx_word' id='word_1_804' title='bbox 2557 4145 2730 4199; x_wconf 89' lang='lat' dir='ltr'><strong>neque</strong></span> <span class='ocrx_word' id='word_1_805' title='bbox 2757 4126 3097 4199; x_wconf 91' lang='lat' dir='ltr'><strong>pecuniarum</strong></span> <span class='ocrx_word' id='word_1_806' title='bbox 3129 4132 3370 4193; x_wconf 90' lang='lat' dir='ltr'><strong>sumptus</strong></span> <span class='ocrx_word' id='word_1_807' title='bbox 3399 4129 3604 4175; x_wconf 89' lang='lat' dir='ltr'><strong>tantum</strong></span> <span class='ocrx_word' id='word_1_808' title='bbox 3623 4126 3838 4188; x_wconf 86' lang='lat' dir='ltr'><strong>specte-</strong></span> 
     </span>
    </p>
   </div>
   <div class='ocr_carea' id='block_1_105' title="bbox 2246 4212 3837 4295">
    <p class='ocr_par' dir='ltr' id='par_1_105' title="bbox 2246 4212 3837 4295">
     <span class='ocr_line' id='line_1_105' title="bbox 2246 4212 3837 4295; baseline -0.011 -14"><span class='ocrx_word' id='word_1_809' title='bbox 2246 4242 2386 4292; x_wconf 90' lang='lat' dir='ltr'><strong>mus,</strong></span> <span class='ocrx_word' id='word_1_810' title='bbox 2414 4226 2459 4281; x_wconf 91' lang='lat' dir='ltr'><strong>si</strong></span> <span class='ocrx_word' id='word_1_811' title='bbox 2484 4225 2696 4295; x_wconf 84' lang='lat' dir='ltr'><strong>quando</strong></span> <span class='ocrx_word' id='word_1_812' title='bbox 2724 4237 2859 4293; x_wconf 92' lang='lat' dir='ltr'><strong>opus</strong></span> <span class='ocrx_word' id='word_1_813' title='bbox 2886 4232 2967 4276; x_wconf 91' lang='lat' dir='ltr'><strong>est</strong></span> <span class='ocrx_word' id='word_1_814' title='bbox 2989 4236 3082 4274; x_wconf 89' lang='lat' dir='ltr'><strong>eas</strong></span> <span class='ocrx_word' id='word_1_815' title='bbox 3112 4217 3433 4289; x_wconf 89' lang='lat' dir='ltr'><strong>pauperibus</strong></span> <span class='ocrx_word' id='word_1_816' title='bbox 3462 4228 3708 4283; x_wconf 84' lang='lat' dir='ltr'><strong>erogare,</strong></span> <span class='ocrx_word' id='word_1_817' title='bbox 3738 4212 3837 4265; x_wconf 86' lang='lat' dir='ltr'><strong>sed</strong></span> 
     </span>
    </p>
   </div>
   <div class='ocr_carea' id='block_1_106' title="bbox 2249 4306 3838 4391">
    <p class='ocr_par' dir='ltr' id='par_1_106' title="bbox 2249 4306 3838 4391">
     <span class='ocr_line' id='line_1_106' title="bbox 2249 4306 3838 4391; baseline -0.01 -17"><span class='ocrx_word' id='word_1_818' title='bbox 2249 4319 2422 4391; x_wconf 89' lang='lat' dir='ltr'><strong>potius</strong></span> <span class='ocrx_word' id='word_1_819' title='bbox 2470 4326 2695 4388; x_wconf 91' lang='lat' dir='ltr'><strong>quantus</strong></span> <span class='ocrx_word' id='word_1_820' title='bbox 2734 4316 2858 4370; x_wconf 84' lang='lat' dir='ltr'><strong>inde</strong></span> <span class='ocrx_word' id='word_1_821' title='bbox 2906 4314 3058 4368; x_wconf 87' lang='lat' dir='ltr'><strong>nobis</strong></span> <span class='ocrx_word' id='word_1_822' title='bbox 3111 4321 3400 4382; x_wconf 89' lang='lat' dir='ltr'><strong>proventus</strong></span> <span class='ocrx_word' id='word_1_823' title='bbox 3439 4316 3709 4363; x_wconf 87' lang='lat' dir='ltr'><strong>nascatur.</strong></span> <span class='ocrx_word' id='word_1_824' title='bbox 3761 4306 3838 4359; x_wconf 86' lang='lat' dir='ltr'><strong>Ea</strong></span> 
     </span>
    </p>
   </div>
   <div class='ocr_carea' id='block_1_107' title="bbox 2248 4398 3841 4474">
    <p class='ocr_par' dir='ltr' id='par_1_107' title="bbox 2248 4398 3841 4474">
     <span class='ocr_line' id='line_1_107' title="bbox 2248 4398 3841 4474; baseline -0.011 -8"><span class='ocrx_word' id='word_1_825' title='bbox 2248 4412 2393 4466; x_wconf 90' lang='lat' dir='ltr'><strong>enim</strong></span> <span class='ocrx_word' id='word_1_826' title='bbox 2433 4409 2501 4465; x_wconf 91' lang='lat' dir='ltr'><strong>de</strong></span> <span class='ocrx_word' id='word_1_827' title='bbox 2539 4423 2697 4463; x_wconf 88' lang='lat' dir='ltr'><strong>causa</strong></span> <span class='ocrx_word' id='word_1_828' title='bbox 2726 4407 2917 4462; x_wconf 88' lang='lat' dir='ltr'><strong>semini</strong></span> <span class='ocrx_word' id='word_1_829' title='bbox 2964 4406 3357 4474; x_wconf 84' lang='lat' dir='ltr'><strong>eleemosynam</strong></span> <span class='ocrx_word' id='word_1_830' title='bbox 3399 4399 3729 4469; x_wconf 87' lang='lat' dir='ltr'><strong>comparavit</strong></span> <span class='ocrx_word' id='word_1_831' title='bbox 3758 4398 3841 4451; x_wconf 88' lang='lat' dir='ltr'><strong>di-</strong></span> 
     </span>
    </p>
   </div>
   <div class='ocr_carea' id='block_1_108' title="bbox 2248 4492 3834 4570">
    <p class='ocr_par' dir='ltr' id='par_1_108' title="bbox 2248 4492 3834 4570">
     <span class='ocr_line' id='line_1_108' title="bbox 2248 4492 3834 4570; baseline -0.009 -13"><span class='ocrx_word' id='word_1_832' title='bbox 2248 4503 2368 4557; x_wconf 91' lang='lat' dir='ltr'><strong>vina</strong></span> <span class='ocrx_word' id='word_1_833' title='bbox 2393 4501 2685 4570; x_wconf 83' lang='lat' dir='ltr'><strong>Scriptura,</strong></span> <span class='ocrx_word' id='word_1_834' title='bbox 2713 4508 2770 4553; x_wconf 92' lang='lat' dir='ltr'><strong>ut</strong></span> <span class='ocrx_word' id='word_1_835' title='bbox 2786 4513 2905 4553; x_wconf 92' lang='lat' dir='ltr'><strong>cum</strong></span> <span class='ocrx_word' id='word_1_836' title='bbox 2930 4496 3124 4568; x_wconf 86' lang='lat' dir='ltr'><strong>gaudio</strong></span> <span class='ocrx_word' id='word_1_837' title='bbox 3147 4504 3202 4550; x_wconf 91' lang='lat' dir='ltr'><strong>et</strong></span> <span class='ocrx_word' id='word_1_838' title='bbox 3226 4492 3389 4548; x_wconf 90' lang='lat' dir='ltr'><strong>multa</strong></span> <span class='ocrx_word' id='word_1_839' title='bbox 3409 4492 3684 4546; x_wconf 87' lang='lat' dir='ltr'><strong>alacritate</strong></span> <span class='ocrx_word' id='word_1_840' title='bbox 3713 4504 3834 4544; x_wconf 86' lang='lat' dir='ltr'><strong>eam</strong></span> 
     </span>
    </p>
   </div>
   <div class='ocr_carea' id='block_1_109' title="bbox 2250 4581 3842 4663">
    <p class='ocr_par' dir='ltr' id='par_1_109' title="bbox 2250 4581 3842 4663">
     <span class='ocr_line' id='line_1_109' title="bbox 2250 4581 3842 4663; baseline -0.01 -14"><span class='ocrx_word' id='word_1_841' title='bbox 2250 4609 2552 4663; x_wconf 89' lang='lat' dir='ltr'><strong>operemur.</strong></span> <span class='ocrx_word' id='word_1_842' title='bbox 2580 4592 2710 4646; x_wconf 87' lang='lat' dir='ltr'><strong>Nam</strong></span> <span class='ocrx_word' id='word_1_843' title='bbox 2735 4592 2778 4645; x_wconf 91' lang='lat' dir='ltr'><strong>si</strong></span> <span class='ocrx_word' id='word_1_844' title='bbox 2810 4591 2842 4644; x_wconf 93' lang='lat' dir='ltr'><strong>ii</strong></span> <span class='ocrx_word' id='word_1_845' title='bbox 2869 4591 2957 4660; x_wconf 91' lang='lat' dir='ltr'><strong>qui</strong></span> <span class='ocrx_word' id='word_1_846' title='bbox 2990 4587 3194 4643; x_wconf 91' lang='lat' dir='ltr'><strong>semina</strong></span> <span class='ocrx_word' id='word_1_847' title='bbox 3223 4595 3379 4639; x_wconf 82' lang='lat' dir='ltr'><strong>teme</strong></span> <span class='ocrx_word' id='word_1_848' title='bbox 3408 4581 3756 4645; x_wconf 88' lang='lat' dir='ltr'><strong>concredunt,</strong></span> <span class='ocrx_word' id='word_1_849' title='bbox 3786 4591 3842 4634; x_wconf 83' lang='lat' dir='ltr'><strong>et</strong></span> 
     </span>
    </p>
   </div>
   <div class='ocr_carea' id='block_1_110' title="bbox 2250 4674 3841 4752">
    <p class='ocr_par' dir='ltr' id='par_1_110' title="bbox 2250 4674 3841 4752">
     <span class='ocr_line' id='line_1_110' title="bbox 2250 4674 3841 4752; baseline -0.01 -11"><span class='ocrx_word' id='word_1_850' title='bbox 2250 4688 2470 4741; x_wconf 89' lang='lat' dir='ltr'><strong>collecta</strong></span> <span class='ocrx_word' id='word_1_851' title='bbox 2498 4692 2556 4738; x_wconf 94' lang='lat' dir='ltr'><strong>et</strong></span> <span class='ocrx_word' id='word_1_852' title='bbox 2600 4685 2740 4738; x_wconf 89' lang='lat' dir='ltr'><strong>intus</strong></span> <span class='ocrx_word' id='word_1_853' title='bbox 2781 4681 3013 4752; x_wconf 90' lang='lat' dir='ltr'><strong>reposita</strong></span> <span class='ocrx_word' id='word_1_854' title='bbox 3048 4686 3383 4750; x_wconf 86' lang='lat' dir='ltr'><strong>spargentes,</strong></span> <span class='ocrx_word' id='word_1_855' title='bbox 3415 4675 3465 4730; x_wconf 92' lang='lat' dir='ltr'><strong>id</strong></span> <span class='ocrx_word' id='word_1_856' title='bbox 3494 4690 3616 4728; x_wconf 92' lang='lat' dir='ltr'><strong>cum</strong></span> <span class='ocrx_word' id='word_1_857' title='bbox 3649 4674 3841 4743; x_wconf 68' lang='lat' dir='ltr'><strong>gaudL.</strong></span> 
     </span>
    </p>
   </div>
   <div class='ocr_carea' id='block_1_111' title="bbox 2255 4766 3843 4847">
    <p class='ocr_par' dir='ltr' id='par_1_111' title="bbox 2255 4766 3843 4847">
     <span class='ocr_line' id='line_1_111' title="bbox 2255 4766 3843 4847; baseline -0.008 -16"><span class='ocrx_word' id='word_1_858' title='bbox 2255 4786 2530 4847; x_wconf 67' lang='lat' dir='ltr'><strong>praistaut,</strong></span> <span class='ocrx_word' id='word_1_859' title='bbox 2576 4784 2631 4829; x_wconf 90' lang='lat' dir='ltr'><strong>et</strong></span> <span class='ocrx_word' id='word_1_860' title='bbox 2670 4775 2805 4827; x_wconf 89' lang='lat' dir='ltr'><strong>bona</strong></span> <span class='ocrx_word' id='word_1_861' title='bbox 2835 4788 2929 4840; x_wconf 87' lang='lat' dir='ltr'><strong>spe</strong></span> <span class='ocrx_word' id='word_1_862' title='bbox 2974 4770 3241 4833; x_wconf 80' lang='lat' dir='ltr'><strong>fovemur,</strong></span> <span class='ocrx_word' id='word_1_863' title='bbox 3276 4778 3331 4823; x_wconf 93' lang='lat' dir='ltr'><strong>et</strong></span> <span class='ocrx_word' id='word_1_864' title='bbox 3379 4767 3489 4836; x_wconf 91' lang='lat' dir='ltr'><strong>jam</strong></span> <span class='ocrx_word' id='word_1_865' title='bbox 3538 4766 3843 4833; x_wconf 89' lang='lat' dir='ltr'><strong>manipulos</strong></span> 
     </span>
    </p>
   </div>
   <div class='ocr_carea' id='block_1_112' title="bbox 2254 4855 3845 4937">
    <p class='ocr_par' dir='ltr' id='par_1_112' title="bbox 2254 4855 3845 4937">
     <span class='ocr_line' id='line_1_112' title="bbox 2254 4855 3845 4937; baseline -0.009 -14"><span class='ocrx_word' id='word_1_866' title='bbox 2254 4869 2606 4937; x_wconf 86' lang='lat' dir='ltr'><strong>imaginantur</strong></span> <span class='ocrx_word' id='word_1_867' title='bbox 2634 4879 2695 4919; x_wconf 89' lang='lat' dir='ltr'><strong>ac</strong></span> <span class='ocrx_word' id='word_1_868' title='bbox 2714 4864 2897 4932; x_wconf 88' lang='lat' dir='ltr'><strong>plenas</strong></span> <span class='ocrx_word' id='word_1_869' title='bbox 2920 4876 3071 4915; x_wconf 89' lang='lat' dir='ltr'><strong>areas</strong></span> <span class='ocrx_word' id='word_1_870' title='bbox 3095 4880 3108 4914; x_wconf 88' lang='lat'><strong>:</strong></span> <span class='ocrx_word' id='word_1_871' title='bbox 3144 4860 3311 4913; x_wconf 90' lang='lat' dir='ltr'><strong>multo</strong></span> <span class='ocrx_word' id='word_1_872' title='bbox 3332 4857 3498 4927; x_wconf 88' lang='lat' dir='ltr'><strong>magis</strong></span> <span class='ocrx_word' id='word_1_873' title='bbox 3520 4856 3623 4910; x_wconf 84' lang='lat' dir='ltr'><strong>illis</strong></span> <span class='ocrx_word' id='word_1_874' title='bbox 3649 4855 3845 4925; x_wconf 85' lang='lat' dir='ltr'><strong>quibus</strong></span> 
     </span>
    </p>
   </div>
   <div class='ocr_carea' id='block_1_113' title="bbox 2253 4946 3846 5022">
    <p class='ocr_par' dir='ltr' id='par_1_113' title="bbox 2253 4946 3846 5022">
     <span class='ocr_line' id='line_1_113' title="bbox 2253 4946 3846 5022; baseline -0.009 -8"><span class='ocrx_word' id='word_1_875' title='bbox 2253 4960 2437 5014; x_wconf 89' lang='lat' dir='ltr'><strong>datum</strong></span> <span class='ocrx_word' id='word_1_876' title='bbox 2464 4967 2546 5013; x_wconf 87' lang='lat' dir='ltr'><strong>est</strong></span> <span class='ocrx_word' id='word_1_877' title='bbox 2587 4971 2768 5010; x_wconf 91' lang='lat' dir='ltr'><strong>semen</strong></span> <span class='ocrx_word' id='word_1_878' title='bbox 2810 4954 2913 5008; x_wconf 90' lang='lat' dir='ltr'><strong>hoc</strong></span> <span class='ocrx_word' id='word_1_879' title='bbox 2936 4952 3214 5022; x_wconf 83' lang='lat' dir='ltr'><strong>Spirituale</strong></span> <span class='ocrx_word' id='word_1_880' title='bbox 3242 4950 3510 5004; x_wconf 87' lang='lat' dir='ltr'><strong>seminare</strong></span> <span class='ocrx_word' id='word_1_881' title='bbox 3531 4946 3769 5017; x_wconf 84' lang='lat' dir='ltr'><strong>gaudere</strong></span> <span class='ocrx_word' id='word_1_882' title='bbox 3792 4955 3846 5000; x_wconf 85' lang='lat' dir='ltr'><strong>et</strong></span> 
     </span>
    </p>
   </div>
   <div class='ocr_carea' id='block_1_114' title="bbox 2254 5038 3844 5117">
    <p class='ocr_par' dir='ltr' id='par_1_114' title="bbox 2254 5038 3844 5117">
     <span class='ocr_line' id='line_1_114' title="bbox 2254 5038 3844 5117; baseline -0.01 -10"><span class='ocrx_word' id='word_1_883' title='bbox 2254 5055 2520 5108; x_wconf 89' lang='lat' dir='ltr'><strong>exsultare</strong></span> <span class='ocrx_word' id='word_1_884' title='bbox 2554 5051 2833 5113; x_wconf 86' lang='lat' dir='ltr'><strong>convenit,</strong></span> <span class='ocrx_word' id='word_1_885' title='bbox 2878 5047 3017 5117; x_wconf 81' lang='lat' dir='ltr'><strong>quod</strong></span> <span class='ocrx_word' id='word_1_886' title='bbox 3049 5047 3098 5099; x_wconf 89' lang='lat' dir='ltr'><strong>in</strong></span> <span class='ocrx_word' id='word_1_887' title='bbox 3150 5055 3291 5099; x_wconf 88' lang='lat' dir='ltr'><strong>terra</strong></span> <span class='ocrx_word' id='word_1_888' title='bbox 3322 5050 3562 5097; x_wconf 87' lang='lat' dir='ltr'><strong>serentes</strong></span> <span class='ocrx_word' id='word_1_889' title='bbox 3611 5038 3844 5094; x_wconf 88' lang='lat' dir='ltr'><strong>messuri</strong></span> 
     </span>
    </p>
   </div>
   <div class='ocr_carea' id='block_1_115' title="bbox 2255 5136 3844 5207">
    <p class='ocr_par' dir='ltr' id='par_1_115' title="bbox 2255 5136 3844 5207">
     <span class='ocr_line' id='line_1_115' title="bbox 2255 5136 3844 5207; baseline -0.013 -2"><span class='ocrx_word' id='word_1_890' title='bbox 2255 5146 2633 5204; x_wconf 67' lang='lat' dir='ltr'><strong>sintincoelo:</strong></span> <span class='ocrx_word' id='word_1_891' title='bbox 2672 5153 2726 5197; x_wconf 91' lang='lat' dir='ltr'><strong>et</strong></span> <span class='ocrx_word' id='word_1_892' title='bbox 2777 5156 3025 5195; x_wconf 89' lang='lat' dir='ltr'><strong>nummos</strong></span> <span class='ocrx_word' id='word_1_893' title='bbox 3070 5136 3454 5207; x_wconf 87' lang='lat' dir='ltr'><strong>expendentes,</strong></span> <span class='ocrx_word' id='word_1_894' title='bbox 3499 5142 3844 5203; x_wconf 85' lang='lat' dir='ltr'><strong>peccatorum</strong></span> 
     </span>
    </p>
   </div>
   <div class='ocr_carea' id='block_1_116' title="bbox 2258 5226 3845 5303">
    <p class='ocr_par' dir='ltr' id='par_1_116' title="bbox 2258 5226 3845 5303">
     <span class='ocr_line' id='line_1_116' title="bbox 2258 5226 3845 5303; baseline -0.013 -8"><span class='ocrx_word' id='word_1_895' title='bbox 2258 5239 2624 5295; x_wconf 89' lang='lat' dir='ltr'><strong>remissionem</strong></span> <span class='ocrx_word' id='word_1_896' title='bbox 2654 5234 2916 5303; x_wconf 82' lang='lat' dir='ltr'><strong>accipiant</strong></span> <span class='ocrx_word' id='word_1_897' title='bbox 2939 5240 2993 5285; x_wconf 91' lang='lat' dir='ltr'><strong>et</strong></span> <span class='ocrx_word' id='word_1_898' title='bbox 3015 5230 3218 5283; x_wconf 65' lang='lat' dir='ltr'><strong>ﬁducim</strong></span> <span class='ocrx_word' id='word_1_899' title='bbox 3243 5226 3521 5281; x_wconf 88' lang='lat' dir='ltr'><strong>materiam</strong></span> <span class='ocrx_word' id='word_1_900' title='bbox 3544 5226 3845 5288; x_wconf 82' lang='lat' dir='ltr'><strong>inveniant,</strong></span> 
     </span>
    </p>
   </div>
   <div class='ocr_carea' id='block_1_117' title="bbox 2257 5317 3847 5397">
    <p class='ocr_par' dir='ltr' id='par_1_117' title="bbox 2257 5317 3847 5397">
     <span class='ocr_line' id='line_1_117' title="bbox 2257 5317 3847 5397; baseline -0.013 -8"><span class='ocrx_word' id='word_1_901' title='bbox 2257 5333 2606 5389; x_wconf 89' lang='lat' dir='ltr'><strong>conciliantes</strong></span> <span class='ocrx_word' id='word_1_902' title='bbox 2634 5328 2732 5381; x_wconf 90' lang='lat' dir='ltr'><strong>sibi</strong></span> <span class='ocrx_word' id='word_1_903' title='bbox 2765 5340 2858 5397; x_wconf 92' lang='lat' dir='ltr'><strong>per</strong></span> <span class='ocrx_word' id='word_1_904' title='bbox 2892 5338 2955 5377; x_wconf 90' lang='lat' dir='ltr'><strong>ea</strong></span> <span class='ocrx_word' id='word_1_905' title='bbox 2998 5336 3117 5391; x_wconf 70' lang='lat' dir='ltr'><strong>qua:</strong></span> <span class='ocrx_word' id='word_1_906' title='bbox 3161 5317 3248 5373; x_wconf 88' lang='lat' dir='ltr'><strong>hic</strong></span> <span class='ocrx_word' id='word_1_907' title='bbox 3283 5318 3598 5386; x_wconf 89' lang='lat' dir='ltr'><strong>largiuntur,</strong></span> <span class='ocrx_word' id='word_1_908' title='bbox 3646 5328 3847 5383; x_wconf 80' lang='lat' dir='ltr'><strong>perpe-</strong></span> 
     </span>
    </p>
   </div>
   <div class='ocr_carea' id='block_1_118' title="bbox 2258 5405 3846 5491">
    <p class='ocr_par' dir='ltr' id='par_1_118' title="bbox 2258 5405 3846 5491">
     <span class='ocr_line' id='line_1_118' title="bbox 2258 5405 3846 5491; baseline -0.014 -11"><span class='ocrx_word' id='word_1_909' title='bbox 2258 5436 2401 5481; x_wconf 89' lang='lat' dir='ltr'><strong>tuam</strong></span> <span class='ocrx_word' id='word_1_910' title='bbox 2451 5422 2682 5491; x_wconf 90' lang='lat' dir='ltr'><strong>quietem</strong></span> <span class='ocrx_word' id='word_1_911' title='bbox 2710 5429 2763 5473; x_wconf 87' lang='lat' dir='ltr'><strong>et</strong></span> <span class='ocrx_word' id='word_1_912' title='bbox 2791 5430 2913 5471; x_wconf 90' lang='lat' dir='ltr'><strong>cum</strong></span> <span class='ocrx_word' id='word_1_913' title='bbox 2944 5413 3145 5469; x_wconf 87' lang='lat' dir='ltr'><strong>sanctis</strong></span> <span class='ocrx_word' id='word_1_914' title='bbox 3172 5407 3657 5465; x_wconf 88' lang='lat' dir='ltr'><strong>conversationem.</strong></span> <span class='ocrx_word' id='word_1_915' title='bbox 3706 5406 3773 5459; x_wconf 81' lang='lat' dir='ltr'><strong>Et</strong></span> <span class='ocrx_word' id='word_1_916' title='bbox 3799 5405 3846 5458; x_wconf 89' lang='lat' dir='ltr'><strong>si</strong></span> 
     </span>
    </p>
   </div>
   <div class='ocr_carea' id='block_1_119' title="bbox 2257 5498 3847 5580">
    <p class='ocr_par' dir='ltr' id='par_1_119' title="bbox 2257 5498 3847 5580">
     <span class='ocr_line' id='line_1_119' title="bbox 2257 5498 3847 5580; baseline -0.015 -8"><span class='ocrx_word' id='word_1_917' title='bbox 2257 5517 2639 5572; x_wconf 89' lang='lat' dir='ltr'><strong>continentiam</strong></span> <span class='ocrx_word' id='word_1_918' title='bbox 2693 5511 2891 5580; x_wconf 87' lang='lat' dir='ltr'><strong>eligere</strong></span> <span class='ocrx_word' id='word_1_919' title='bbox 2929 5507 3159 5576; x_wconf 89' lang='lat' dir='ltr'><strong>placeat,</strong></span> <span class='ocrx_word' id='word_1_920' title='bbox 3197 5517 3305 5556; x_wconf 91' lang='lat' dir='ltr'><strong>non</strong></span> <span class='ocrx_word' id='word_1_921' title='bbox 3328 5508 3632 5570; x_wconf 88' lang='lat' dir='ltr'><strong>spectemus</strong></span> <span class='ocrx_word' id='word_1_922' title='bbox 3663 5498 3847 5550; x_wconf 86' lang='lat' dir='ltr'><strong>virtuti</strong></span> 
     </span>
    </p>
   </div>
   <div class='ocr_carea' id='block_1_120' title="bbox 2259 5590 3848 5670">
    <p class='ocr_par' dir='ltr' id='par_1_120' title="bbox 2259 5590 3848 5670">
     <span class='ocr_line' id='line_1_120' title="bbox 2259 5590 3848 5670; baseline -0.016 -5"><span class='ocrx_word' id='word_1_923' title='bbox 2259 5610 2493 5665; x_wconf 90' lang='lat' dir='ltr'><strong>laborem</strong></span> <span class='ocrx_word' id='word_1_924' title='bbox 2518 5607 2714 5668; x_wconf 91' lang='lat' dir='ltr'><strong>inesse,</strong></span> <span class='ocrx_word' id='word_1_925' title='bbox 2746 5617 2811 5657; x_wconf 90' lang='lat' dir='ltr'><strong>ac</strong></span> <span class='ocrx_word' id='word_1_926' title='bbox 2839 5599 3192 5670; x_wconf 87' lang='lat' dir='ltr'><strong>virginitatem</strong></span> <span class='ocrx_word' id='word_1_927' title='bbox 3216 5607 3466 5662; x_wconf 88' lang='lat' dir='ltr'><strong>magnum</strong></span> <span class='ocrx_word' id='word_1_928' title='bbox 3503 5590 3701 5644; x_wconf 90' lang='lat' dir='ltr'><strong>habere</strong></span> <span class='ocrx_word' id='word_1_929' title='bbox 3730 5603 3848 5641; x_wconf 88' lang='lat' dir='ltr'><strong>cer-</strong></span> 
     </span>
    </p>
   </div>
   <div class='ocr_carea' id='block_1_121' title="bbox 2262 5682 3848 5759">
    <p class='ocr_par' dir='ltr' id='par_1_121' title="bbox 2262 5682 3848 5759">
     <span class='ocr_line' id='line_1_121' title="bbox 2262 5682 3848 5759; baseline -0.016 -1"><span class='ocrx_word' id='word_1_930' title='bbox 2262 5714 2488 5758; x_wconf 88' lang='lat' dir='ltr'><strong>tamen:</strong></span> <span class='ocrx_word' id='word_1_931' title='bbox 2537 5697 2632 5753; x_wconf 85' lang='lat' dir='ltr'><strong>sed</strong></span> <span class='ocrx_word' id='word_1_932' title='bbox 2673 5711 2791 5750; x_wconf 85' lang='lat' dir='ltr'><strong>eam</strong></span> <span class='ocrx_word' id='word_1_933' title='bbox 2831 5702 3202 5759; x_wconf 75' lang='lat' dir='ltr'><strong>sortetn,qttte</strong></span> <span class='ocrx_word' id='word_1_934' title='bbox 3252 5701 3350 5740; x_wconf 90' lang='lat' dir='ltr'><strong>nos</strong></span> <span class='ocrx_word' id='word_1_935' title='bbox 3401 5682 3649 5752; x_wconf 86' lang='lat' dir='ltr'><strong>excipiet,</strong></span> <span class='ocrx_word' id='word_1_936' title='bbox 3702 5696 3848 5747; x_wconf 80' lang='lat' dir='ltr'><strong>cogi-</strong></span> 
     </span>
    </p>
   </div>
   <div class='ocr_carea' id='block_1_122' title="bbox 2261 5773 3848 5856">
    <p class='ocr_par' dir='ltr' id='par_1_122' title="bbox 2261 5773 3848 5856">
     <span class='ocr_line' id='line_1_122' title="bbox 2261 5773 3848 5856; baseline -0.017 -4"><span class='ocrx_word' id='word_1_937' title='bbox 2261 5806 2435 5852; x_wconf 90' lang='lat' dir='ltr'><strong>temus</strong></span> <span class='ocrx_word' id='word_1_938' title='bbox 2484 5812 2498 5848; x_wconf 88' lang='lat'>:</span> <span class='ocrx_word' id='word_1_939' title='bbox 2545 5792 2682 5845; x_wconf 87' lang='lat' dir='ltr'><strong>hanc</strong></span> <span class='ocrx_word' id='word_1_940' title='bbox 2728 5801 2941 5856; x_wconf 86' lang='lat' dir='ltr'><strong>semper</strong></span> <span class='ocrx_word' id='word_1_941' title='bbox 2975 5782 3251 5841; x_wconf 85' lang='lat' dir='ltr'><strong>nobiscum</strong></span> <span class='ocrx_word' id='word_1_942' title='bbox 3312 5786 3641 5846; x_wconf 65' lang='lat' dir='ltr'><strong>reputantes,</strong></span> <span class='ocrx_word' id='word_1_943' title='bbox 3692 5773 3848 5826; x_wconf 69' lang='lat' dir='ltr'><strong>malm</strong></span> 
     </span>
    </p>
   </div>
   <div class='ocr_carea' id='block_1_123' title="bbox 2266 5864 3847 5957">
    <p class='ocr_par' dir='ltr' id='par_1_123' title="bbox 2266 5864 3847 5957">
     <span class='ocr_line' id='line_1_123' title="bbox 2266 5864 3847 5957; baseline -0.015 -13"><span class='ocrx_word' id='word_1_944' title='bbox 2266 5883 2707 5957; x_wconf 68' lang='lat' dir='ltr'><strong>concupiscentia:</strong></span> <span class='ocrx_word' id='word_1_945' title='bbox 2734 5879 3063 5935; x_wconf 75' lang='lat' dir='ltr'><strong>refrenemus</strong></span> <span class='ocrx_word' id='word_1_946' title='bbox 3101 5871 3300 5928; x_wconf 89' lang='lat' dir='ltr'><strong>rabiem</strong></span> <span class='ocrx_word' id='word_1_947' title='bbox 3326 5912 3342 5937; x_wconf 91' lang='lat'><strong>,</strong></span> <span class='ocrx_word' id='word_1_948' title='bbox 3368 5870 3642 5923; x_wconf 80' lang='lat' dir='ltr'><strong>vincamus</strong></span> <span class='ocrx_word' id='word_1_949' title='bbox 3670 5864 3847 5921; x_wconf 79' lang='lat' dir='ltr'><strong>carnis</strong></span> 
     </span>
    </p>
   </div>
  </div>
