4092 6408
256 401 366 456 539

256 515 474 582 σαυτὸν,
511 514 588 578 ὡς
607 513 748 586 ἔξεις
777 512 1108 585 κληρονόμον
1125 512 1218 566 τὸν
1247 512 1311 566 ἐκ
1331 511 1426 566 σοῦ
1461 512 1720 584 μέλλοντα
1745 511 1922 566 τίκτε-

255 605 402 659 σθαι.
441 597 572 658 Εἶτα
593 602 780 674 ἐπειδὴ
803 602 944 673 ὑπὲρ
967 601 1126 670 φύσιν
1155 597 1224 672 ἦν
1253 604 1286 670 ή
1313 600 1632 668 ἐπαγγελία,
1657 601 1752 654 καὶ
1773 600 1926 654 ἐνίκα

251 691 513 764 λογισμὸν
569 690 904 761 ἀνθρώπινον
951 688 1184 760 (πολλὴν
1219 690 1327 758 γὰρ
1383 688 1532 758 αὑτῷ
1563 688 1796 742 ἐνεποίει
1827 687 1925 758 τήν

251 779 423 849 ζάλην
443 779 512 832 τὰ
537 780 646 856 τῆς·
661 778 874 844 φύσεως
906 776 1224 846 κωλύματα,
1260 777 1321 830 τὸ
1349 777 1524 846 γῆρας
1541 777 1601 830 τὸ
1624 776 1810 842 αὑτοῦ,
1827 777 1926 847 τῆς

252 865 435 937 Σάρας
457 867 491 935 ἡ
525 865 827 935 στείρωσις,
857 862 956 931 τῆς
983 864 1196 933 μήτρας
1228 863 1262 932 ή
1291 863 1595 932 νέκρωσις)
1621 903 1636 924 ,
1669 862 1922 915 ἐπιτείνει

250 952 350 1022 τῆς
375 950 706 1018 ἐπαγγελίας
730 949 790 1002 τὸ
824 949 1070 1019 μέγεθος,
1107 949 1195 1002 ἵνα
1219 949 1354 1018 πρὸς
1393 949 1492 1017 τὴν
1523 948 1617 1000 τοῦ
1659 950 1922 1016 ἐπαγγει-

250 1038 488 1108 λαμένου
523 1037 834 1106 φιλοτιμίαν
865 1036 1083 1106 ἀφορῶν
1107 1033 1330 1106 θαρρεῖν
1355 1038 1384 1088 ὁ
1409 1037 1620 1097 δίκαιος
1641 1035 1760 1106 ἔχῃ.
1795 1037 1924 1100 Ἐξ-

251 1124 440 1194 ήτατε
462 1123 531 1176 δὲ
547 1123 734 1177 αὐτὸν
759 1121 894 1185 ἔξω,
919 1122 1074 1193 φησὶ,
1105 1122 1202 1174 καί
1237 1117 1406 1175 εἶπεν
1431 1120 1592 1187 αὐτῷ
1607 1140 1620 1152 ·
1657 1122 1923 1177 Ἀνάϐλε-

249 1215 380 1280 ψον
403 1214 490 1276 είς
502 1211 610 1263 τὸν
631 1210 910 1278 οὐρανὸν,
944 1207 1041 1262 καὶ
1069 1210 1408 1278 ἀρίθμησον
1433 1209 1575 1275 τοὺς
1631 1210 1920 1278 ἀστέρας,

250 1303 306 1354 εί
337 1299 580 1366 δυνήσῃ
601 1297 996 1366 ἐξαριθμῆσαι
1045 1298 1288 1362 αὐτούς.
1339 1297 1452 1350 Καὶ
1487 1295 1654 1352 εἶπεν
1674 1315 1688 1328 ’
1725 1299 1924 1364 Οὕτως

250 1386 422 1439 ἔσται
454 1383 522 1438 τὸ
563 1383 804 1452 σπέρμα
854 1399 992 1437 σου.
1037 1383 1144 1436 Καὶ
1173 1384 1538 1438 ἐπίστευσεν
1580 1387 1796 1453 Ἅϐραμ
1843 1387 1924 1450 τῷ

254 1471 396 1538 Θεῷ,
419 1471 518 1526 καὶ
545 1471 832 1538 ἐλογίσθη
855 1469 1016 1535 αὐτῷ
1035 1472 1124 1535 εις
1153 1469 1563 1537 δικαιοσύνην.
1589 1472 1746 1534 Τίνος
1763 1471 1922 1524 ἕνεκα

251 1561 656 1630 ἐπεσημήνατο,
685 1560 769 1610 ὅτι
809 1557 1137 1625 Ἐξήγτιτ-εν
1159 1557 1344 1612 αὐτὸν
1387 1558 1532 1622 Etim;
1565 1558 1781 1628 Ἐπειδὴ
1813 1559 1920 1630 γὰρ

250 1648 508 1718 ἀνωτέρω
535 1644 708 1710 εἶπεν,
733 1647 814 1698 ὅτι
851 1648 910 1698 ἐν
935 1647 1168 1715 ὁράματι
1189 1646 1288 1714 τῆς
1323 1647 1516 1710 νυκτὸς
1555 1645 1740 1714 ὀφθεὶς
1773 1645 1922 1715 αὑτῷ

249 1737 324 1790 τά
337 1737 473 1808 πρδς
489 1737 650 1792 αὑτὸν
665 1737 960 1804 ἐποιήσατο
987 1737 1228 1804 ῥήματα,
1257 1734 1502 1804 βούλεται
1521 1734 1578 1786 δέ
1593 1734 1740 1804 αὐτῷ
1753 1735 1921 1798 δεῖξαι

249 1825 360 1879 τῶν
383 1825 630 1895 ἀστέρων
657 1824 766 1878 τῶν
793 1825 852 1876 ἐν
875 1823 956 1894 τῷ
977 1822 1192 1893 οὐρανῷ
1215 1823 1276 1875 τδ
1301 1822 1695 1892 ἀναρίθμητον,
1735 1823 1918 1892 φησὶν,

263 1909 596 1982 Ἕξήταγεν
619 1913 808 1966 αὐτὸν
823 1911 962 1976 ἔξω,
983 1911 1080 1964 καὶ
1101 1907 1270 1964 εἶπεν
1285 1928 1302 1942 ο
1331 1910 1694 1978 Ἀνάϐλεψον
1711 1913 1799 1976 εἰς
1821 1911 1923 1962 τὸν

251 2001 535 2068 οὐρανὸν,
573 2001 672 2054 καί
701 2001 1044 2068 άρίθμησον
1077 1999 1219 2064 τοὺς
1259 1998 1516 2064 ἀστέρας
1537 2037 1550 2060 ,
1591 2001 1642 2051 εὶ
1681 1997 1920 2066 δυνήσῃ

249 2087 648 2157 ἐξαριθμῆσαι
693 2089 936 2153 αὐτούς.
991 2087 1100 2142 Καὶ
1160 2083 1360 2140 εἶπεν
1409 2087 1607 2150 Οὕτως
1651 2087 1820 2139 ἔσται
1861 2087 1922 2138 τὸ

249 2176 492 2244 σπέρμα
509 2190 648 2232 σου.
681 2175 840 2242 Μέγα
861 2176 922 2226 τὸ
953 2174 1296 2243 ἐπάγγελμα,
1321 2172 1454 2226 πολὺ
1486 2173 1545 2224 τὸ
1577 2173 1804 2243 μέγεθος
1825 2175 1924 2243 τῆς

252 2263 633 2332 ὑποσχέσεως·
696 2262 810 2316 ἀλλ’
863 2261 956 2330 ἐᾲν
1001 2261 1100 2332 τὴν
1136 2261 1364 2330 δύναμιν
1413 2259 1506 2312 τοῦ
1555 2260 1922 2330 ὑποσχομένου

255 2350 614 2420 ἐννοήσωμεν,
649 2349 800 2402 οὐδὲν
819 2350 950 2419 ήμῖν
985 2351 1231 2418 φανεῖται
1269 2347 1429 2417 μέγα.
1472 2347 1530 2400 Ὀ
1561 2349 1670 2418 γὰρ
1691 2347 1800 2400 ἀπὸ
1823 2350 1924 2416 γῆς

251 2437 416 2508 σῶμα
439 2436 762 2499 διαπλάσας,
784 2437 880 2490 καὶ
903 2439 968 2490 ἐκ
987 2435 1082 2488 τοῦ
1115 2435 1192 2506 μὴ
1214 2437 1366 2498 ὄντος
1387 2437 1468 2498 εἰς
1496 2435 1556 2487 τὺ
1579 2432 1716 2489 εἶναι
1747 2453 1926 2506 παρα-

250 2525 462 2594 γαγὼν,
493 2525 589 2577 καὶ
619 2524 1028 2594 δημιουργήσας
1085 2523 1298 2576 ἅπαντα
1350 2522 1418 2576 τὰ
1449 2522 1723 2594 ὁρώμενα,
1769 2519 1924 2589 οὗτος

250 2615 348 2668 καὶ
379 2613 448 2666 τά
481 2613 623 2683 ὑπὲρ
643 2612 804 2681 φύσιν
837 2610 1162 2683 χαρίσασθαι
1195 2611 1500 2680 δυνήσεται.

322 2699 548 2772 ε’.1570]
565 2697 718 2762 Εἶδες
739 2697 1006 2751 Δεσπότου
1024 2698 1352 2768 φιλοτιμίανς
1377 2696 1595 2768 Ἐπειδὴ
1619 2698 1728 2768 γάρ
1748 2694 1923 2764 εἶπεν,

262 2788 624 2854 Ἀπολύομαι
651 2785 924 2850 ἄτεκνος,
949 2785 1044 2838 καὶ
1073 2785 1274 2837 ὡσανεὶ
1295 2801 1362 2837 πε
1373 2786 1424 2855 pl
1447 2785 1613 2848 αὑτὰς
1642 2786 1734 2840 τοῦ
1759 2786 1926 2841 θανά-

249 2892 344 2929 του
384 2875 484 2938 τὰς
513 2873 683 2942 θύρας
707 2872 1010 2944 τυγχάνων,
1051 2873 1144 2925 καὶ
1173 2872 1273 2925 οὑκ
1311 2872 1392 2925 ἐτι
1429 2872 1612 2926 λοιπὸν
1633 2873 1924 2944 ἐνεργῆσαι

249 2962 552 3032 δυνάμενος
597 2960 736 3029 πρὸς
781 2959 1143 3018 παιδοποιίαν.
1187 2957 1328 3011 οὕτω
1357 2959 1426 3012 τά
1479 2961 1700 3030 ῥήματα
1745 2961 1926 3013 ἐκεῖνα

253 3050 536 3120 προήκατο
559 3047 756 3114 λέγων,
785 3047 869 3098 ὅτι
909 3046 974 3100 '0
1005 3047 1138 3111 υίὸς
1177 3043 1374 3105 Μαζὲκ
1419 3044 1522 3113 τῆς
1578 3047 1928 3114 οὶκογενοῦς

247 3153 369 3206 μου
425 3132 870 3202 κληρονομήσει
905 3151 1002 3201 με.
1053 3133 1152 3184 Διά
1194 3131 1352 3185 τοῦτο
1413 3133 1714 3202 ἀναστῆσαι
1759 3133 1925 3186 αὑτοῦ

253 3223 580 3294 βουλόμενος
609 3220 672 3273 τὸ
723 3221 1000 3292 φρόνημα.
1037 3221 1130 3272 καὶ
1161 3219 1478 3289 ἀκμάζοντα
1521 3219 1614 3272 τὸν
1668 3220 1926 3291 λογισμὸν

251 3309 614 3382 ἐργάσασθαι,
639 3309 734 3362 καὶ
761 3308 856 3360 τοῦ
885 3307 1036 3369 δέους
1064 3308 1226 3360 αὐτὸν
1245 3306 1574 3360 ἀπαλλάττει
1595 3307 1690 3360 τοῦ
1717 3310 1926 3361 ἐπικει-

256 3400 442 3470 μένου,
473 3399 568 3451 καὶ
617 3399 682 3467 τῇ
728 3395 1020 3464 ὑποσχέσει
1056 3394 1278 3464 ἀνορθοῖ
1323 3393 1488 3448 αὑτοῦ
1535 3394 1634 3464 τὴν
1665 3395 1924 3458 διάνοιαν,

254 3489 348 3542 καὶ
375 3487 456 3558 τῷ
487 3485 706 3557 parias:
728 3486 826 3554 τῆς
852 3485 1082 3554 δωρεᾶς,
1109 3483 1206 3536 καὶ
1231 3483 1308 3553 τῷ
1335 3483 1610 3548 ὑποδεῖξαι
1631 3485 1740 3538 τῶν
1762 3484 1926 3536 ἀστέ-

257 3594 368 3648 ρων
391 3576 454 3628 τδ
485 3574 709 3642 πλῆθος,
745 3573 842 3624 καὶ
870 3572 1056 3642 ἐξίσης
1077 3572 1282 3624 τούτων
1307 3571 1734 3638 ἐπαγγείλασθαι
1775 3573 1928 3642 γενή-

258 3664 448 3720 σεσθαι
481 3663 606 3726 τοὺς
637 3660 1008 3729 τικτομένους,
1038 3661 1118 3721 είς
1145 3659 1385 3729 χρηστὰς
1417 3660 1622 3728 ἢγαγεν
1647 3660 1808 3714 αὑτὸν
1843 3659 1927 3713 ἐλ-

259 3751 438 3814 πίδας.
474 3749 648 3820 Ὁρῶν
693 3747 803 3816 γὰρ
835 3744 930 3798 τοῦ
975 3745 1242 3798 Δεσπότου
1293 3745 1392 3815 τὴν
1420 3747 1752 3814 ἐπαγγελίαν
1773 3789 1787 3812 ,
1833 3747 1928 3800 καὶ

259 3839 438 3892 πάντα
493 3835 830 3906 ἀνθρώπινον
863 3834 1120 3904 λογισμὸν
1164 3835 1610 3904 ἀποσεισάμενος,
1665 3835 1758 3887 καὶ
1803 3833 1928 3887 οὗτε

260 3927 397 3999 πρὸς
425 3925 614 3979 ἑαυτὸν
647 3922 786 3983 ἰδὼν,
822 3920 944 3975 οὔτε
973 3921 1108 3992 πρὸς
1141 3921 1237 3992 τὴν
1280 3922 1460 3992 Σάραν
1493 3921 1716 3975 πλείονα
1755 3923 1926 3975 κωλύ-

263 4033 410 4088 ματα
435 4015 684 4084 έχουσαν,
715 4009 853 4068 ἀλλὰ
879 4009 950 4064 τὰ
986 4009 1300 4079 ἀνθρώπινα
1325 4009 1502 4062 πάντα
1541 4010 1802 4082 ὑπερϐάς,
1837 4013 1930 4064 καὶ

259 4104 415 4166 εἰδὼς
441 4103 522 4156 ὅτι
544 4097 764 4160 δυνατὸς
783 4098 812 4150 ὁ
835 4097 968 4160 Θεὸς
994 4097 1090 4152 καὶ
1110 4096 1180 4150 τὰ
1203 4097 1342 4166 ὑπὲρ
1374 4096 1534 4165 φύσιν
1561 4097 1925 4168 δωρήσασθαι,

259 4192 534 4262 ἐθάρρησε
559 4191 672 4250 τοῖς
693 4186 1022 4257 εἰρημένοις,
1059 4185 1151 4237 καὶ
1179 4183 1430 4253 οὐδεμίαν
1460 4183 1788 4254 ἀμφιϐολίαν
1818 4185 1931 4240 ἐδέ-

261 4279 410 4345 ξατο,
441 4278 562 4332 οὑδέ
594 4276 840 4330 ἐδίστασε
867 4273 1005 4344 πρὸς
1027 4274 1092 4324 τὰ
1125 4271 1376 4342 ῥηθέντα.
1401 4269 1572 4323 Τοῦτο
1591 4272 1930 4344 γὰράληθῶς

260 4368 520 4432 πίστεως,
549 4365 678 4418 ὅταν
714 4362 788 4433 μὴ
819 4361 959 4414 κατά
985 4357 1330 4430 ἀνθρωπίνην
1359 4357 1678 4412 ἀκολουθίαν
1705 4363 1929 4431 γινομέ-

261 4472 362 4526 νης
388 4455 490 4523 τῆς
512 4449 859 4519 ἐπαγγελίας,
889 4449 1051 4519 ἡμεῖς
1077 4445 1368 4516 θαρρῶμεν
1393 4447 1458 4515 τῇ
1495 4445 1588 4498 τοῦ
1619 4447 1928 4518 ὑποσχομέ-

261 4560 354 4595 νου
409 4540 657 4608 δυνάμει.
689 4538 900 4600 Πίστις
937 4533 1045 4602 γάρ
1068 4533 1220 4595 ἐστι,
1265 4531 1446 4594 καθὼς
1481 4531 1576 4584 καὶ
1607 4535 1636 4585 ὁ
1664 4535 1932 4604 μακάριος

265 4627 474 4690 namus;
518 4641 703 4694 φησιν,
737 4621 1134 4690 ἐλπιζομένων·
1175 4619 1516 4684 ὑπόστασις
1542 4619 1928 4690 πραγμάτων,

261 4717 515 4784 ἐλεγχος
551 4713 622 4766 οὐ
643 4709 1042 4778 ,ϐλεπομένων
1061 4722 1074 4735 ο
1107 4705 1202 4758 καὶ
1221 4706 1380 4761 πάλιν
1399 4723 1412 4736 ·
1449 4709 1518 4759 Ὃ
1563 4708 1672 4776 γὰρ
1712 4708 1931 4772 ,βλέπει

179 4805 182 4812 ’
263 4819 376 4868 τις,
417 4801 476 4854 τι
515 4799 614 4854 καὶ
663 4797 916 4860 ἐλπίζεις
957 4797 1166 4848 Ἐκεῖνο
1197 4795 1376 4848 τοίνυν
1413 4795 1532 4848 ἐστὶ
1573 4796 1772 4860 πίστις,
1803 4797 1931 4851 ὅταν

264 4887 496 4950 ἐκείνοις
549 4885 898 4954 πιστεύωμεν
951 4887 1063 4946 τοῖς
1129 4883 1202 4953 μὴ
1232 4881 1598 4953 βλεπομένοις,
1653 4884 1788 4947 πρὸς
1831 4886 1933 4954 τὴν

263 4974 608 5044 ἀξιοπιστίαν
635 4972 730 5026 τοῦ
761 4971 1228 5040 ἐπαγγειλαμένου
1254 4969 1353 5039 τὴν
1381 4970 1614 5024 διάνοιαν
1635 4971 1930 5037 τείναντεςι

262 5065 292 5118 ὃ
323 5065 388 5133 δὴ
415 5063 510 5116 καὶ
533 5063 562 5115 ὁ
589 5060 793 5121 δίκαιος
815 5051 970 5121 οὗτος
1015 5057 1302 5128 πεποίηκε,
1360 5059 1557 5129 πολλὴν
1587 5060 1678 5112 καὶ
1705 5061 1934 5130 γνησίαν

265 5152 450 5205 πίστιν
475 5148 884 5217 ἐπιδειξάμενος
931 5146 1060 5216 περὶ
1087 5145 1156 5198 τά
1209 5145 1640 5214 ἐπαγγελθένταο
1671 5147 1739 5200 δι’
1784 5147 1812 5200 ὃ
1841 5150 1934 5201 καὶ

263 5237 698 5310 ἀνακηρύττεται
764 5234 864 5288 ὑπὸ
917 5236 1010 5303 τῆς
1059 5233 1208 5296 θείας
1254 5233 1502 5304 Γωφῆς·
1536 5235 1784 5306 ἐπήγαγε
1826 5237 1934 5307 γὰρ

267 5327 493 5390 εὐθέως,
528 5325 637 5380 Καὶ
675 5323 1040 5378 ἐπίστευσεν
1069 5321 1282 5388 Ἄϐραμ
1315 5320 1394 5386 τῷ
1439 5320 1583 5388 Θεῷ,
1623 5323 1720 5378 καὶ
1747 5323 1936 5393 ἐλογί-

267 5419 388 5482 σθη
427 5411 586 5478 αὐτῷ
614 5413 699 5476 είς
733 5409 1146 5474 δικαιοσύνην.
1189 5404 1339 5470 Εἶδες
1391 5408 1510 5472 πῶς
1556 5410 1650 5462 καὶ
1699 5410 1804 5481 πρὸ
1837 5411 1936 5481 τῆς

267 5503 552 5564 ἐκϐάσεως
593 5499 702 5554 τῶν
727 5495 1192 5565 ἐπαγγελθέντων,
1223 5495 1308 5546 ἐπ’
1355 5495 1500 5566 αὑτῷ
1525 5496 1601 5567 τῷ
1652 5498 1937 5552 πιστεῦσαι

265 5589 548 5662 ἀρκοῦσαν
597 5587 697 5656 τὴν
757 5583 988 5655 ἀμοιϐὴν
1017 5581 1268 5647 ἐδέξατο;
1322 5583 1415 5645 Εἰς
1457 5583 1564 5654 γὰρ
1593 5583 1938 5654 δικαιοσύνην

269 5676 422 5746 αὑτῷ
453 5673 706 5744 ἐλογίσθη
725 5672 785 5725 τὺ
814 5670 1099 5724 πιστεῦσαι
1120 5671 1184 5739 τῇ
1219 5669 1364 5738 παρὰ
1393 5668 1488 5722 τοῦ
1533 5669 1668 5723 Θεοῦ
1703 5673 1940 5740 ἐπαγγε-

269 5765 384 5834 λία.
411 5763 508 5816 καὶ
532 5762 606 5832 μὴ
630 5760 908 5828 λογισμοῖς
957 5756 1316 5828 ἀνθρωπίνοις
1369 5757 1832 5826 περιεργάσασθαι
1871 5760 1940 5813 τά

269 5851 426 5916 παρά
451 5849 546 5906 τοῦ
573 5847 708 5904 Θεοῦ
755 5844 905 5916 αὑτῷ
957 5845 1240 5920 εἰρημένα.
1293 5844 1684 5914 Παιδευώμεθα
1737 5847 1933 5918 τοίνυν,
1985 5883 1988 5888 -

1311 395 1384 452 ΙΝ
1417 395 1572 453 CAP.
1611 393 1708 448 XV
1747 390 1992 450 GENES.
2031 389 2268 450 HOMIL.
2299 395 2541 452 XXXVI.

3588 403 3696 458 5ίο

2033 510 2355 581 παρακαλῶ,
2409 513 2504 565 καὶ
2553 513 2714 583 ἡμεῖς
2747 512 2897 585 παρά
2925 513 3016 566 τοῦ
3051 514 3388 586 πατριάρχου
3419 515 3694 570 πιστεύειν

2026 601 2136 660 τοῖς
2171 599 2322 669 παρά
2349 599 2444 652 τοῦ
2471 599 2606 652 Θεοῦ
2657 601 2987 672 εἰρημένοις,
3023 601 3118 653 καὶ
3166 605 3286 663 ταῖς
3333 602 3694 670 ὑποσχέσεσιν

2027 686 2190 740 αὑτοῦ
2230 687 2470 758 θαρῥεῖν,
2515 687 2608 740 καὶ
2667 689 2742 759 μὴ
2763 691 2876 750 τοῖς
2905 690 3124 752 οἰκείοις
3149 690 3424 758 λογισμοῖς
3457 707 3693 744 κατακο-

2025 775 2257 840 λουθεῖν,
2289 777 2383 828 καὶ
2435 776 2633 847 πολλὴν
2665 776 2762 848 τὴν
2792 778 3209 849 εὐγνωμοσύνην
3263 777 3688 832 ἐπιδείκνυσθαι.

2026 862 2196 914 Τοῦτο
2221 863 2328 933 γὰρ
2361 866 2508 934 ἡμᾶς
2541 865 2633 917 καὶ
2663 864 2903 926 δικαίους
2937 865 3211 934 ἀποφῆναι
3241 865 3301 916 δυ
3315 869 3526 935 θήσεται
3547 905 3561 926 ,
3597 865 3693 920 καὶ

2025 949 2232 1018 ταχέως
2260 951 2664 1020 παρασκευάσει
2709 951 2819 1004 τῶν
2871 955 3002 1021 παρ’
3045 951 3210 1004 αὑτοῦ
3269 954 3692 1024 ἐπηγγελμένων

2025 1036 2321 1106 ἐπιτυχεῖν.
2375 1037 2532 1090 Ἀλλά
2557 1038 2635 1108 τῷ
2671 1039 2770 1108 μέν
2807 1039 3054 1109 Ἀϐραὰμ
3097 1041 3464 1108 ἐπηγγείλατο
3505 1044 3568 1093 ἐκ
3597 1042 3692 1096 τοῦ

2027 1123 2338 1194 σπέρματος
2359 1125 2522 1177 αὑτοῦ
2543 1126 2733 1194 όλόκλη
2741 1143 2832 1195 ρον
2849 1126 3048 1196 πλῆθος
3071 1128 3416 1196 γενήσεσθαι,
3437 1129 3528 1180 καὶ
3553 1130 3693 1200 ὑπὲρ

2027 1211 2184 1279 φύσιν
2210 1212 2302 1262 καὶ
2337 1211 2652 1264 ἀκολουθίαν
2681 1213 3024 1284 ἀνθρωπίνην
3045 1215 3112 1266 τά
3134 1215 3230 1285 τῆς
3255 1215 3582 1282 ἐπαγγελίας
3601 1211 3692 1286 ἦν,

2023 1298 2090 1350 δι’
2119 1297 2148 1350 ὂ
2177 1298 2270 1352 καὶ
2298 1301 2330 1368 ὴ
2371 1300 2550 1360 πίστις
2589 1301 2622 1370 ή
2667 1300 2793 1370 περὶ
2821 1301 2983 1353 αὑτὸν
3011 1301 3110 1372 τὴν
3145 1301 3490 1372 δικαιοσύνην
3543 1303 3694 1374 αὑτῷ

2024 1386 2278 1455 ἐκόμισεν
2309 1402 2322 1414 ·
2359 1389 2491 1457 ἡμῖν
2527 1387 2604 1448 δέ,
2641 1387 2738 1440 ἐὰν
2769 1389 3027 1457 νήφωμεν
3049 1429 3062 1448 ,
3097 1388 3276 1458 πολλῷ
3311 1389 3534 1458 μείζονα
3563 1391 3694 1443 ὑπέ-

2026 1491 2202 1544 σχετο,
2227 1475 2320 1528 καί
2343 1475 2524 1543 πολλῷ
2541 1474 2620 1544 τῷ
2648 1475 2830 1546 μέτρῳ
2857 1478 2982 1539 τοὺς
3003 1476 3374 1548 ἀνθρωπίνους
3403 1479 3694 1548 λογισμοὺς

2025 1557 2444 1627 ὑπερακοντίσαι
2493 1557 2802 1626 δυνάμεθα⁹
2841 1559 3000 1628 μόνον
3035 1561 3132 1612 ἐὰν
3187 1561 3574 1630 πιστεύσωμεν
3628 1563 3690 1632 τῇ

2023 1643 2114 1696 τοῦ
2147 1645 2516 1714 ὑποσχομένου
2553 1645 2798 1716 δυνάμει,
2841 1647 2926 1699 ἵνα
2979 1648 3071 1700 καὶ
3111 1648 3208 1716 τὴν
3237 1651 3302 1700 ἐκ
3345 1649 3580 1711 πίστεως
3609 1649 3692 1700 δι-

2025 1731 2314 1803 καιοσύνην
2343 1733 2718 1803 κομισώμεθα,
2749 1735 2844 1786 καὶ⁵
2871 1733 2978 1788 τῶν
3021 1735 3448 1804 ἐπηγγελμένων
3473 1735 3694 1801 ἀγαθῶν

2023 1818 2385 1888 ἐπιτύχωμεν.
2415 1820 2496 1872 Τά
2517 1820 2626 1890 γὰρ
2647 1821 2777 1890 ἡμῖν
2809 1821 3042 1890 μάλιστα
3071 1822 3496 1889 ἐπαγγελθέντα,
3517 1821 3695 1876 πάντα

2024 1905 2282 1974 λογισμὸν
2319 1906 2656 1976 ἀνθρώπινον
2693 1910 2838 1978 νικᾷ,
2891 1909 2984 1962 καὶ
3023 1911 3202 1962 πᾶσαν
3255 1909 3490 1962 διάνοιαν
3524 1909 3694 1978 ὑπερ-

2025 1993 2198 2050 ϐαίνει
2219 2013 2232 2026 °
2271 1996 2420 2068 [571]
2447 1997 2670 2050 τοσοῦτο
2691 1997 2799 2050 τῶν
2845 1998 3190 2068 ὑποσχέσεων
3219 2001 3330 2051 ἐστι
3357 1999 3420 2052 τὸ
3447 1999 3694 2068 μέγεθος.

2024 2083 2160 2138 Οῦδέ
2193 2085 2302 2155 γὰρ
2347 2085 2416 2138 τὰ
2450 2088 2506 2138 ἐν
2557 2086 2636 2156 τῷ
2671 2087 2898 2157 παρόντι
2951 2087 3107 2157 μόνον
3141 2087 3426 2156 ὑπέσχετο,
3476 2087 3696 2155 καὶτῆς

2025 2173 2258 2226 ἐνταῦθα
2301 2174 2446 2242 ζωῆς
2491 2173 2590 2244 τὴν
2637 2173 2914 2236 σύστασιν,
2967 2176 3060 2227 καὶ
3093 2175 3190 2242 τὴν
3240 2174 3537 2226 ἀπόλαυσιν
3587 2175 3696 2226 τῶν

2023 2259 2333 2330 ὁρωμένων,
2361 2260 2498 2314 ἀλλά
2524 2261 2616 2312 καὶ
2648 2261 2786 2330 μετά
2826 2262 2922 2330 τὴν
2973 2261 3220 2313 ἐντεῦθεν
3249 2259 3424 2324 ἐξοδον
3477 2261 3570 2312 καὶ
3597 2259 3698 2328 τὴν

2024 2349 2132 2401 τῶν
2165 2349 2432 2418 σωμάτων
2457 2348 2686 2418 φθορὰν,
2715 2349 2934 2402 ἐπειδὰν
2955 2351 3034 2412 εἰς
3055 2349 3258 2418 τέφραν
3289 2349 3384 2401 καὶ
3418 2348 3564 2400 κόνιν
3587 2347 3698 2399 δια-

2025 2435 2158 2506 λυθῇ
2184 2435 2340 2506 ήμῶν
2372 2434 2440 2488 τά
2467 2436 2714 2506 σώματα,
2743 2436 2864 2488 τότε
2895 2437 3217 2503 ἀναστήσειν
3247 2435 3387 2487 αὑτά
3432 2433 3696 2503 ἐπηγγεί-

2025 2523 2176 2588 λατο,
2205 2525 2380 2578 καὶέν
2407 2523 2614 2593 μείζονι
2641 2523 2768 2594 δόξῃ
2807 2525 3187 2594 καταστήσειν.
3221 2522 3320 2576 Δεῖ
3353 2523 3463 2591 γὰρ
3485 2562 3502 2587 ,
3534 2525 3698 2592 φησὶν

2025 2615 2055 2666 ὁ
2087 2613 2351 2686 μακάριος
2387 2613 2618 2676 Παῦλος,
2673 2613 2742 2666 τὸ
2794 2613 3059 2681 φθαρτὸν
3095 2612 3272 2665 τοῦτο
3322 2611 3696 2664 ἐνδύσασθαι

2025 2703 2386 2772 ἀφθαρσίαν,
2407 2703 2508 2756 καὶ
2543 2701 2610 2754 τὸ
2641 2703 2864 2768 θνητὸν
2884 2700 3058 2754 τοῦτο
3077 2701 3449 2754 ἐνδύσασθαι
3475 2702 3697 2754 ἀθανα-

2026 2791 2190 2843 σίαν.
2225 2789 2335 2844 Καὶ
2372 2787 2512 2858 μετά
2537 2789 2634 2858 τὴν
2663 2788 2772 2840 τῶν
2798 2789 3064 2858 σωμάτων
3090 2790 3386 2841 ἀνάστασιν
3419 2789 3518 2858 τῆς
3545 2785 3698 2855 βασι-

2027 2877 2176 2940 λείας
2215 2877 2346 2947 ἠμῖν
2373 2875 2470 2945 τὴν
2505 2877 2806 2930 ἀπόλαυσιν
2833 2875 3116 2945 δωρεῖσθαι
3165 2875 3447 2945 ὑπέσχετο,
3481 2875 3574 2926 καὶ
3599 2874 3698 2941 τὴν

2031 2966 2168 3035 μετά
2211 2965 2318 3018 τῶν
2349 2964 2524 3032 ἁγίων
2571 2963 2865 3034 διαγωγὴν,
2902 2965 2997 3016 καὶ
3035 2964 3134 3034 τὴν
3182 2966 3240 3017 ἐν
3275 2964 3512 3033 διηνεκεῖ
3543 2961 3697 3014 αἰῶνι

2027 3054 2346 3116 ἀπόλαυσιν,
2377 3053 2466 3106 καὶ
2501 3052 2568 3105 τὰ
2595 3052 2880 3124 ἀπόρρητα
2915 3054 3096 3104 ἐκεῖνα
3118 3052 3314 3119 ἀγαθὰ.
3367 3053 3426 3106 Ἃ
3466 3051 3696 3119 654-0111-

2023 3141 2139 3210 μός
2170 3143 2282 3195 οὐκ
2309 3136 2450 3202 εἶδε,
2484 3141 2582 3194 καὶ
2610 3136 2720 3204 οὖς
2744 3143 2855 3193 οὐκ
2890 3140 3142 3209 ἤκουσε,
3179 3141 3276 3194 καὶ
3305 3140 3402 3192 ἐπὶ
3445 3137 3698 3206 καρδίαν

2028 3227 2340 3296 ἀνθρώπου
2385 3231 2496 3282 οὐκ
2527 3227 2731 3294 ἀνέϐη.
2765 3224 2918 3290 Εἶδες
2969 3229 3108 3300 πόση
3143 3229 3252 3281 τῶν
3283 3227 3626 3296 ὑποσχέσεων
3663 3228 3700 3296 ἡ

2031 3317 2335 3388 ὑπερϐολή;
2369 3313 2510 3380 εἶδες
2541 3316 2757 3388 δωρεῶν
2793 3316 3020 3386 μέγεθος
3044 3333 3058 3383 ;

2102 3413 2176 3470 ς’.
2197 3404 2382 3458 Ταῦτα
2405 3404 2727 3468 ἐννοοῦντες,
2750 3404 2844 3456 καὶ
2861 3403 3062 3465 εἰδότες
3074 3401 3132 3455 τὸ
3155 3400 3382 3470 ἀψευδὲς
3400 3401 3493 3454 τοῦ
3523 3402 3697 3468 ἐπαγ-

2028 3493 2371 3563 γειλαμένου,
2403 3491 2540 3561 μετά
2571 3491 2877 3561 προθυμίας
2899 3491 3034 3560 πρὸς
3059 3491 3186 3553 τοὺς
3207 3492 3304 3559 τῆς
3328 3491 3526 3560 ἀρετῆς
3547 3488 3697 3556 ἀγῶ-

2029 3598 2126 3644 νας
2157 3579 2538 3649 ἀποδυώμεθα,
2591 3579 2677 3632 ἴνα
2711 3581 2804 3632 καὶ
2850 3580 2957 3632 τῶν
3013 3577 3436 3648 ἐπηγγελμένων
3476 3577 3698 3646 ἀγαθῶν

2027 3667 2330 3724 ἀπολαῦσαι
2353 3666 2687 3737 δυνηθῶμεν,
2711 3667 2803 3718 καὶ
2831 3667 2902 3736 μὴ
2929 3666 3282 3736 προτιμῶμεν
3309 3665 3405 3734 τῆς
3423 3664 3698 3736 ἡμετέρας

2031 3755 2304 3827 σωτηρίας
2330 3755 2423 3806 καὶ
2453 3753 2560 3805 τῶν
2591 3752 2856 3806 τοσούτων
2889 3752 3108 3820 ἀγαθῶν
3133 3752 3231 3822 τῆς
3256 3751 3604 3814 ἀπολαύσεως
3631 3751 3700 3804 τὰ

2032 3843 2358 3914 πρόσκαιρα,
2396 3839 2528 3910 μηδὲ
2561 3839 2688 3902 τοὺς
2733 3839 2932 3901 πόνους
2957 3839 3056 3909 τῆς
3078 3839 3276 3909 ἀρετῆς
3315 3837 3655 3908 λογιζώμεθα
3679 3879 3696 3900 ,

2031 3931 2168 3984 ἀλλὰ
2225 3929 2326 3992 τὰς
2379 3928 2676 3990 ἀντιδόσεις
2729 3925 3024 3996 ἐννοῶμεν·
3070 3926 3205 3996 μηδὲ
3259 3925 3370 3978 τῶν
3403 3928 3699 3996 χρημάτων

2032 4019 2132 4088 τὴν
2175 4017 2420 4084 δαπάνην
2448 4016 2580 4086 όρᾷν
2611 4013 2948 4084 βουλώμεθα,
2977 4013 3197 4066 ἐπειδὰν
3225 4013 3318 4082 δέῃ
3367 4013 3538 4064 ταῦτα
3587 4013 3699 4074 τοῖς

2033 4107 2228 4175 πένησι
2257 4102 2460 4163 δοῦναι,
2487 4101 2621 4156 ἀλλά
2645 4101 2744 4171 τὴν
2792 4101 3040 4154 ἐντεῦθεν
3088 4102 3379 4171 γινομένην
3417 4101 3695 4172 πρόσοδον.

2033 4193 2130 4246 Διά
2153 4191 2262 4259 γὰρ
2291 4190 2450 4244 τοῦτο
2479 4189 2558 4260 τῷ
2609 4189 2795 4261 σπόρῳ
2833 4188 2930 4258 τὴν
2963 4188 3331 4258 ἐλεημοσύνην
3363 4188 3700 4260 παρείκασεν

2034 4282 2068 4351 ή
2095 4278 2214 4332 θεία
2235 4275 2444 4348 Γραφὴ.
2460 4277 2546 4329 ἵνα
2579 4275 2716 4346 μετά
2738 4277 2911 4345 χαρᾶς
2935 4275 3029 4332 καὶ
3051 4274 3246 4344 πολλῆς
3272 4275 3368 4344 τῆς
3391 4274 3701 4344 προθυμίας

2033 4365 2202 4436 αὐτὴν
2229 4363 2608 4436 ἐργαζώμεθα.
2635 4363 2698 4414 Et
2721 4365 2830 4433 γὰρ
2859 4363 2908 4414 οἱ
2934 4364 3000 4432 τῇ
3028 4364 3098 4432 γῇ
3119 4361 3188 4414 τὰ
3214 4362 3501 4432 σπέρματα
3524 4377 3702 4430 παρα-

2033 4451 2467 4521 κατατιθέμενοι,
2511 4451 2606 4502 καὶ
2628 4449 2698 4502 τὰ
2742 4449 3054 4520 συνηγμένα
3083 4449 3176 4500 καὶ
3196 4448 3340 4502 ἐνδον
3363 4448 3702 4517 ἀποκείμενα

2035 4537 2417 4608 σκορπίζοντες
2455 4538 2594 4608 μετὰ
2623 4539 2795 4608 χαρᾶς
2824 4538 2978 4589 τοῦτο
3002 4537 3439 4606 διαπράττονται,
3463 4537 3557 4590 καὶ
3581 4539 3701 4598 τοῖς

2033 4630 2298 4700 χρησταῖς
2328 4625 2507 4680 ἐλπίσι
2554 4625 2872 4695 τρεφόμενοι
2903 4625 3002 4694 ἤδη
3043 4625 3112 4676 τὰ
3143 4623 3429 4694 δράγματα
3469 4622 3563 4676 καὶ
3601 4621 3700 4693 τὴν

2036 4717 2148 4770 ἆλω
2171 4712 2605 4785 πεπληρωμένην
2630 4713 2740 4774 τοῖς
2769 4711 3046 4779 λογισμοῖς
3079 4711 3454 4780 ὑπογράφουσι
3472 4725 3487 4741 ·
3521 4709 3701 4780 πολλῷ

2034 4803 2098 4874 δὴ
2127 4801 2326 4873 μᾶλλον
2343 4801 2471 4860 τοὺς
2491 4797 2582 4850 τὸν
2613 4798 2811 4868 σπόρον
2835 4797 3018 4850 τοῦτον
3038 4797 3128 4850 τὸν
3157 4795 3520 4866 πνευματικὸν
3544 4797 3699 4850 σπεί-

2037 4909 2151 4962 ρειν
2183 4887 2638 4957 καταξιουμένους
2678 4885 2884 4956 χαίρειν
2924 4883 3018 4935 καὶ
3069 4883 3361 4952 γεγηθέναι
3410 4885 3698 4956 προσήκει,

2035 4983 2116 5034 ὃτι
2147 4979 2240 5032 ἐπὶ
2269 4979 2370 5050 γῆς
2404 4977 2751 5046 σπείροντες,
2805 4977 2860 5027 ἐν
2886 4973 3100 5044 οὐρανῷ
3139 4971 3376 5043 θερίζειν
3425 4973 3698 5043 μέλλουσι,

2037 5067 2130 5120 καὶ
2159 5065 2399 5136 ἀργύρια
2432 5061 2874 5124 καταϐάλλοντες,
2913 5060 3323 5132 ἁμαρτημάτων
3358 5059 3701 5132 συγχώρησιν

2037 5153 2302 5226 δέχονται,
2353 5149 2447 5202 καὶ
2487 5148 2798 5220 παρρησίας
2829 5147 3080 5216 ἀφορμὴν
3125 5145 3457 5217 εὑρίσκουσι,
3508 5148 3704 5216 προξε-

2036 5239 2250 5300 νοῦντες
2287 5237 2496 5296 ἑαυτοῖς
2522 5234 2608 5286 διὰ
2641 5233 2746 5286 τῶν
2783 5231 3014 5285 ἐνταῦθα
3045 5233 3333 5304 διδομένων
3361 5234 3458 5304 τὴν
3481 5233 3703 5303 διηνεκῆ

2038 5325 2362 5384 ἀνάπαυσιν,
2399 5321 2489 5373 καὶ
2517 5321 2614 5388 τὴν
2640 5321 2775 5389 μετά
2799 5319 2907 5372 τῶν
2929 5320 3098 5387 ἁγίων
3122 5319 3414 5389 διαγωγήν.
3447 5319 3565 5373 Κᾶν
3595 5335 3702 5371 aw-

2039 5413 2279 5482 φροσύνῃ
2311 5407 2586 5482 ήδώμεθα,
2639 5407 2714 5478 μὴ
2755 5407 2914 5460 τοῦτο
2943 5408 3254 5478 σκοπῶμεν,
3284 5409 3366 5460 ὅτι
3398 5407 3556 5460 πόνον
3587 5406 3702 5476 ἔχει

2039 5501 2073 5569 ή
2106 5499 2302 5568 ἀρετή·
2338 5497 2468 5566 μηδέ
2497 5495 2577 5547 ὃτι
2611 5495 2644 5564 ὴ
2685 5493 2950 5564 παρθενία
2989 5493 3154 5547 πολὺν
3202 5493 3314 5562 ἔχει
3357 5493 3448 5546 τὸν
3492 5493 3700 5560 ἀγῶνα,

2041 5587 2176 5641 ἀλλά
2195 5585 2294 5655 τὴν
2313 5581 2694 5654 διαδεξομένην
2715 5581 2862 5652 ἡμᾶς
2887 5580 3038 5651 λῆξιν
3065 5581 3355 5650 ἐννοῶμεν,
3379 5581 3474 5634 καὶ
3499 5580 3703 5651 ταύτην

2041 5674 2128 5728 ἀεὶ
2165 5671 2606 5741 ἀναλογιζόμενοι
2630 5669 2728 5740 τῆς
2751 5667 3046 5739 ἐπιθυμίας
3081 5668 3179 5737 τῆς
3209 5672 3450 5739 πονηράς
3477 5669 3704 5738 χαλινώ-

2044 5779 2224 5832 σωμεν
2247 5763 2346 5831 τὴν
2379 5759 2599 5822 λύτταν,
2631 5755 3040 5831 περιγινώμεθα
3068 5755 3174 5808 τῶν
3201 5756 3298 5826 τῆς
3331 5755 3534 5827 σαρκὸς
3554 5773 3706 5828 σκιρ-

2045 5849 2323 5921 τημάτων,
2351 5849 2444 5902 καὶ
2472 5850 2538 5919 τῇ
2568 5847 2674 5902 τῶν
2695 5845 2936 5917 ἀμοιϐῶν
2961 5844 3222 5899 ἀντιδόσει
3268 5843 3364 5916 τὴν
3391 5844 3708 5916 δυσχέρειαν
