4092 6408
367 352 462 408 3H

366 469 472 522 τῶν
502 469 681 526 πόνων
731 472 1178 548 ὑποτεμνώμεθα.
1233 478 1412 552 Ἱκανὴ
1449 481 1615 552 γάρὴ
1647 483 1756 536 τῶν
1782 486 2032 556 χρηστῶν

366 557 520 620 ἐλπὶς
547 559 638 612 καὶ
667 562 924 617 κινδύνων
969 568 1382 635 παρασκευάσαι
1415 571 1778 643 κατατολμᾷν,
1811 579 1940 644 μήτι
1971 593 2034 642 γε

363 645 426 714 δὴ
456 647 554 717 τῆς
575 649 772 720 ἀρετῆς
807 653 930 714 τοὺς
951 653 1145 714 πόνους
1165 656 1428 722 γενναίως
1454 659 1714 726 ἐνεγκεῖν.
1743 660 1910 714 Ὅταν
1927 663 2035 732 γὰρ
2073 683 2103 698 τ

365 732 641 805 ἐννοήσῃς,
694 737 775 788 ὅτι
831 739 966 808 πρὸς
999 738 1206 810 βραχὺν
1241 743 1644 813 ἀγωνισάμενος
1681 747 1889 816 χρόνον,
1940 749 2033 802 καὶ

361 820 458 890 τῆς
483 822 778 892 παρθενίας
800 825 894 895 τὴν
920 826 1177 896 λαμπάδα
1198 831 1428 900 φαιδρὰν
1445 833 1799 904 διατηρήσας,
1819 837 2032 906 ἐκείνης

361 905 640 979 ἀξιωθήσῃ
667 912 765 978 τῆς
793 915 1063 981 μακαρίας
1098 913 1394 986 διαγωγῆς,
1423 919 1514 970 καὶ
1536 918 1614 987 τῷ
1658 920 1873 991 νυμφίῳ
1914 939 2032 974 συν-

360 996 617 1048 εισελθεῖν
643 997 864 1069 δυνήσῃ,
897 1001 943 1051 εἰ
974 1001 1071 1064 τάς
1091 1000 1378 1072 λαμπάδας
1405 1004 1547 1075 ἔχοις
1577 1007 1915 1078 ἀνημμένας,
1936 1011 2030 1064 καὶ

359 1083 561 1153 ἀρκοῦν
594 1086 822 1155 ἐχούσας
849 1087 1045 1151 ἔλαιον,
1069 1089 1211 1143 τοῦτ’
1241 1090 1377 1152 ἐστι,
1413 1093 1509 1163 τὴν
1538 1095 1644 1147 ἀπὸ
1673 1095 1782 1147 τῶν
1811 1098 2028 1166 ἀγαθῶν

359 1171 608 1236 πράξεων
632 1173 911 1240 ἐργασίαν,
945 1175 1060 1237 πῶς
1084 1178 1204 1247 οὐχὶ
1226 1177 1375 1249 [572]
1413 1180 1548 1250 μετά
1568 1182 1749 1251 πάσης
1780 1184 2028 1249 εὐκολίας

358 1256 569 1309 ἃπαντα
603 1259 670 1312 τά
703 1260 940 1331 δυσχερῆ
978 1262 1292 1335 διαδραμεῖν
1340 1267 1566 1340 δυνήσῃ,
1617 1271 1811 1325 ἐννοῶν
1852 1274 2026 1326 ἐκεῖνο

354 1344 415 1396 τὸ
435 1346 584 1414 παρά
603 1347 694 1398 τοῦ
723 1350 994 1419 μακαρίου
1023 1351 1235 1404 Παύλου
1265 1355 1581 1424 εἰρημένον·
1603 1359 1868 1425 Εἰρήνην
1899 1359 2022 1412 διώ-

356 1449 488 1485 κετε
508 1435 659 1501 μετὰ
691 1435 950 1499 πάντων,
989 1439 1087 1491 καί
1115 1440 1222 1492 τὸν
1253 1442 1567 1511 ἁγιασμόν,
1605 1441 1676 1500 οὗ
1707 1447 1886 1514 χωρίς
1922 1451 2024 1503 οὺς

355 1518 480 1585 διεὶς
515 1520 724 1588 ὄψεται
757 1523 864 1576 τὸν
887 1526 1142 1593 Κύριον;
1176 1524 1328 1591 Εἶδες
1357 1530 1476 1592 πῶς
1518 1535 1584 1602 τῇ
1612 1534 1888 1608 ἁγιωσύνῃ
1925 1535 2022 1606 τὴν

356 1611 579 1680 εἰρήνην
620 1613 967 1679 συνέζευξενς
1023 1615 1137 1671 Ἵνα
1168 1617 1278 1689 γάρ
1327 1621 1584 1690 μάθωμεν
1622 1623 1704 1675 ὅτι
1753 1624 1813 1676 οὐ
1865 1625 2022 1694 μόνον

352 1698 574 1763 ἁγνείαν
624 1699 872 1768 σώματος
906 1703 1167 1774 ἐπιζητεῖ,
1202 1706 1337 1760 ἀλλά
1365 1709 1457 1760 καὶ
1481 1711 1722 1781 εἰρήνην,
1753 1711 2022 1784 εὐκαίρως

351 1784 752 1853 ἐμνημόνευσεν
781 1826 796 1850 ,
865 1789 1202 1861 ἑκατέρωθεν
1249 1795 1638 1862 ἀσφαλίξεσθαι
1702 1798 2021 1870 βουλόμενος

349 1869 597 1932 ἕκαστον,
627 1873 721 1925 καὶ
747 1875 806 1926 ἐν
843 1879 1171 1932 καταστάσει
1206 1875 1344 1935 εἶναι
1381 1883 1490 1936 τῶν
1533 1885 1826 1956 λογισμῶν,
1879 1888 2019 1942 ὥστε

352 1958 620 2027 μηδεμίαν
649 1956 788 2014 εἶναι
820 1965 1063 2035 ταραχήν
1089 1966 1121 2036 ἢ
1160 1967 1384 2037 θόρυϐον
1413 1971 1471 2022 ἐν
1498 1974 1658 2042 ἡμῖν,
1693 1974 1807 2027 ἀλλ’
1836 1977 1893 2028 ἐν
1917 1994 2019 2044 γα-

349 2045 483 2116 λήνῃ
512 2047 605 2098 καὶ
638 2049 836 2118 ήσυχίᾳ
871 2051 1100 2119 διάγειν,
1143 2056 1236 2108 καὶ
1287 2058 1422 2126 μετὰ
1468 2060 1687 2114 πάντων
1732 2065 2020 2134 εἰρηνικῶς

345 2133 664 2199 διακεῖσθαι,
693 2137 785 2189 καὶ
809 2137 1047 2209 ἡμέρους
1081 2136 1220 2194 εἶναι
1253 2144 1345 2196 καὶ
1374 2146 1579 2215 πράους
1604 2149 1696 2201 καὶ
1735 2133 2015 2215 ἐπιεικεῖς,

345 2219 486 2272 ὅστε
526 2221 702 2274 πάντα
721 2224 824 2293 τῆς
844 2225 1043 2297 ἀρετῆς
1073 2229 1139 2280 τά
1166 2229 1428 2301 χρώματα
1456 2234 1709 2289 ἐπανθεῖν
1741 2239 1900 2308 ἡμῶν
1940 2240 2018 2310 τῷ

344 2307 640 2378 προσώπῳ.
675 2309 831 2364 Οὕτω
851 2311 960 2384 γάρ
998 2314 1180 2369 λοιπὸν
1209 2320 1420 2388 καὶτῆς
1447 2321 1606 2392 δόξης
1631 2324 1724 2376 τοῦ
1756 2307 2018 2396 παρόντος

345 2395 462 2465 βίου
497 2396 770 2467 ὑπερορᾷν
800 2399 1140 2471 δυνησόμεθα
1165 2403 1263 2475 τὴν
1297 2407 1468 2478 ἀληθῆ
1503 2409 1660 2474 δόξαν
1707 2395 2014 2484 προτιμῶν-

341 2500 450 2546 τες,
476 2485 571 2538 καὶ
597 2485 695 2556 τῆς
719 2490 1218 2562 ταπεινοφροσύνης
1247 2495 1444 2566 πολλὴν
1473 2499 1742 2553 ποιεῖσθαι
1777 2501 1874 2572 τὴν
1901 2503 2016 2556 ἐπι-

344 2570 583 2639 μέλειαν,
620 2573 715 2625 καὶ
761 2574 938 2644 πάσης
965 2577 1063 2646 τῆς
1102 2579 1196 2631 τοῦ
1245 2583 1510 2652 παρόντος
1567 2584 1686 2655 βίου
1717 2587 2014 2660 εὐημερίας

341 2659 667 2730 καταγελᾷν,
695 2662 778 2713 ἵνα
809 2663 906 2732 τῆς
942 2665 1174 2735 ἀληθοῦς
1197 2671 1290 2720 καὶ
1317 2669 1539 2738 βεϐαίας
1563 2675 1863 2747 εὐημερίας
1888 2659 2014 2730 ἀπο-

339 2742 647 2816 λαύσωμεν,
685 2749 775 2801 καὶ
807 2749 898 2802 τὸν
929 2753 1160 2820 Χριστὸν
1187 2756 1312 2808 ἰδεῖν
1339 2742 1781 2831 καταξιωθῶμεν.
1805 2765 2010 2818 Μακά-

335 2832 600 2902 ριοιγάρ,
626 2835 812 2906 φησὶν,
853 2841 907 2891 οἰ
941 2843 1185 2908 καθαροὶ
1214 2842 1288 2910 τῇ
1322 2847 1555 2913 καρδίᾳ,
1595 2849 1685 2902 ότι
1706 2852 1873 2904 αὐτοὶ
1907 2853 2014 2906 τὸν

340 2916 490 2970 Θεὸν
507 2918 778 2987 ὄψονται.
808 2923 1209 2996 Καθαρίσωμεν
1239 2930 1416 2983 τοίνυν
1465 2934 1495 3002 ή
1507 2933 1624 3001 μῶν
1661 2935 1720 2988 τὸ
1754 2937 2008 3003 συνειδὸς,

340 3005 432 3057 καὶ
464 3006 602 3076 μετὰ
633 3009 917 3079 ἀκριϐείας
955 3013 1048 3065 τὸν
1082 3015 1288 3069 ἑαυτῶν
1343 3017 1454 3086 βίον
1499 3023 1892 3094 οἰκονομῶμεν,
1925 3027 2011 3080 ἵνα

335 3091 436 3162 τὴν
468 3092 750 3164 παροῦσαν
771 3095 914 3168 ζωὴν
949 3100 1088 3169 μετά
1111 3103 1292 3172 πάσης
1315 3105 1516 3175 ἀρετῆς
1535 3091 1870 3178 ὁδεύσαντες,
1904 3113 2011 3167 τῶν

334 3179 572 3238 ἐνταῦθα
605 3183 780 3236 πόνων
808 3185 906 3249 τάς
934 3187 1165 3256 ἀμοιϐάς
1194 3191 1377 3244 λαϐεῖν
1400 3194 1825 3268 καταξιωθῶμεν
1852 3203 1910 3253 ἐν
1933 3202 2010 3272 τῷ

341 3267 587 3336 μέλλοντι
633 3270 826 3337 αἰῶνι,
885 3273 1067 3345 χάριτι
1098 3279 1191 3330 καὶ
1229 3279 1607 3353 φιλανθρωπίᾳ
1657 3267 1751 3338 τοῦ
1801 3267 2008 3359 Κυρίου

338 3355 495 3422 ἡμῶν
537 3356 712 3427 Ἰησοῦ
747 3361 1003 3430 Χριστοῦ,
1038 3365 1157 3434 μεθ’
1187 3359 1247 3419 οὗ
1275 3367 1352 3437 τῷ
1382 3371 1575 3439 Ila-:91,
1609 3372 1723 3443 ἅμα
1758 3375 1834 3446 τῷ
1871 3355 2010 3446 άγίῳ

339 3443 638 3514 Ιίνεύματι,
671 3447 817 3513 δόξα,
851 3451 1070 3520 κράτος,
1095 3456 1250 3528 τιμὴ,
1281 3457 1375 3514 νῦν
1402 3461 1494 3514 καὶ
1532 3462 1638 3528 ἀεὶ,
1668 3466 1759 3518 καὶ
1780 3443 1860 3530 εἰς
1885 3443 2009 3530 τοὺς

335 3531 538 3597 αἰῶνας
569 3533 678 3588 τῶν
699 3537 930 3592 αἰώνων.
973 3541 1165 3612 ’Λμήν.

977 3691 1223 3746 ΟΜΙΛΙΑ
1267 3695 1388 3750 ΛΖ’.

333 3783 483 3843 Εἷπε
503 3791 571 3876 δέ
599 3794 815 3876 Κύριος
841 3797 989 3876 πρὸς
1029 3801 1085 3854 Ἀ
1095 3803 1264 3876 ϐραμς
1287 3803 1428 3876 Ἐγώ
1449 3805 1569 3873 εἰμι
1597 3811 1631 3861 ό
1659 3809 1801 3875 Θεὸς
1825 3813 1858 3864 ό
1876 3813 2007 3876 ἑξαο

406 3862 704 3939 ταγῶν-,σε
743 3867 812 3939 ἐκ
857 3862 1050 3936 χώρας
1099 3862 1430 3939 Χαλδαιών,
1474 3862 1630 3931 ὥστε
1666 3862 2003 3936 δοῦλοαίννῦοι

405 3930 522 3996 τὴν
549 3931 668 4000 γῆν
695 3930 950 4004 tata-ir;
963 3930 1428 4011 κληρονομῆσαί
1451 3930 1684 4015 αὐτήν-’ὴ

404 4000 678 4076 Δέσποτα
703 4008 900 4076 Κύριε,
931 4011 1082 4064 κατὰ
1107 4013 1164 4065 τί
1207 4015 1530 4076 γνώσομαι,
1578 4018 1666 4072 ὅτι
1721 4025 1998 4076 κληρονο-

404 4025 678 4057 αεσποτα
703 4025 900 4074 nupta,
931 4025 1082 4064 κατα
1107 4025 1160 4065 τι
1207 4025 1530 4086 γνώσομαι,
1578 4025 1666 4072 ὅτι
1721 4025 1874 4090 κλιιρ

398 4073 576 4140 μήσω
601 4074 796 4143 αὐτήν

403 4184 472 4230 α’.
490 4179 713 4250 Μεγάλη
733 4182 833 4252 τῆς
849 4185 997 4249 θείας
1007 4187 1272 4260 Γραφῆςή
1289 4191 1534 4263 δύναμις,
1553 4196 1646 4249 καὶ
1661 4196 1826 4261 πολὺς
1846 4201 1874 4252 ό
1892 4203 2003 4263 τοῖς

336 4265 576 4336 ῥήμασιν
624 4269 1073 4342 ἐγκεκρυμμένος
1118 4277 1344 4342 πλοῦτος
1377 4281 1485 4335 τῶν
1511 4285 1814 4354 νοημάτων.
1874 4290 1950 4340 Δι’
1974 4289 2003 4342 ὃ

333 4356 602 4425 προσήκει
665 4358 802 4426 μετὰ
863 4361 1147 4432 ἀκριϐείας
1196 4367 1344 4435 ἡμᾶς
1386 4371 1748 4440 προσέχοντας
1802 4375 2002 4447 πολλὴν

332 4443 604 4497 ποιεῖσθαι
622 4445 722 4515 τὴν
747 4445 994 4517 ἔρευναν,
1019 4449 1102 4504 ἵνα
1127 4451 1319 4524 δαψιλῆ
1340 4455 1438 4526 τὴν
1463 4457 1727 4525 ὠφέλειαν
1752 4443 2001 4520 ἐντεῦθεν

334 4532 779 4604 καρπωσώμεθα.
804 4535 900 4590 Διά
927 4537 1033 4609 γὰρ
1053 4539 1209 4593 τοῦτο
1233 4542 1322 4594 καὶ
1350 4544 1378 4594 ὁ
1404 4545 1638 4615 Χριστὸς
1665 4552 2000 4621 παρήγγειλε

331 4617 527 4688 λέγων,
580 4620 895 4690 Ἐρευνᾶτε
922 4625 1029 4692 τὰς
1073 4629 1350 4697 Γραφὰςο
1384 4631 1469 4684 ἵνα
1510 4635 1583 4705 μὴ
1635 4617 1837 4702 ἁπλῶς-
1865 4617 1999 4715 ψιλῇ

331 4709 689 4779 προσέχωμεν
724 4715 790 4782 τῇ
827 4713 1149 4782 ἀναγνώσει,
1179 4717 1314 4771 ἀλλά
1339 4719 1398 4772 τὸ
1428 4720 1588 4790 βάθος
1629 4709 2000 4797 ἀνιχνεύοντες

329 4795 422 4848 τὸν
449 4796 626 4866 ἀληθῆ
647 4798 744 4868 τῆς
769 4801 990 4872 Γραφῆς
1011 4802 1134 4856 νοῦν
1163 4805 1486 4860 καταλαϐεῖν
1511 4795 1845 4883 δυνηθῶμεν.
1875 4817 1999 4871 Τοι-

329 4882 485 4936 οῦτον
516 4885 624 4955 γάρ
653 4889 751 4956 τῆς
773 4889 993 4960 Γραφῆς
1017 4890 1080 4943 τὸ
1100 4891 1218 4956 ἔθος
1243 4909 1257 4922 ο
1284 4895 1341 4947 ἐν
1367 4895 1591 4966 βραχέσι
1621 4882 1856 4970 ῥήμασίν
1883 4907 2000 4959 ἐστι

331 4970 591 5035 πολλάκις
614 4974 792 5044 εὑρεῖν
817 4975 950 5028 πολὺ
989 4978 1194 5048 πλῆθος
1225 4983 1530 5052 νοημάτων.
1557 4986 1689 5040 Θεῖα
1728 4989 1836 5059 γάρ
1883 4993 1998 5047 ἐστι

327 5059 397 5113 τά
419 5059 742 5131 διδάγματα,
762 5062 858 5114 καὶ
881 5063 981 5117 οὐκ
999 5064 1334 5135 ἀνθρώπινα,
1362 5071 1458 5123 καὶ
1478 5071 1566 5125 διά
1595 5073 1752 5128 τοῦτο
1773 5078 1999 5133 ἀπεναν-

326 5147 448 5212 τίας
476 5150 541 5219 τῇ
571 5149 732 5220 σοφίᾳ
761 5152 828 5219 τῇ
864 5151 1177 5224 ἀνθρωπίνῃ
1229 5157 1408 5211 πᾶσαν
1453 5160 1620 5233 αὐτήν
1669 5165 1818 5218 ἐστιν
1871 5168 1998 5220 ἰδεῖν

328 5237 714 5308 συγκειμένην.
749 5239 860 5292 Καὶ
882 5239 1020 5305 πῶς,
1047 5241 1160 5310 ἐγὼ
1191 5242 1351 5313 λέγω.
1400 5247 1546 5302 Ἐκεῖ
1603 5251 1700 5321 μὲν
1729 5253 1857 5326 γὰρ,
1902 5256 1996 5310 ἐπὶ

326 5325 426 5395 τῆς
481 5324 825 5398 ἀνθρωπίνης
875 5329 1066 5396 σοφίας
1097 5330 1260 5398 λέγω,
1316 5336 1463 5387 πᾶσα
1507 5337 1690 5402 αὐτοῖς
1731 5324 1994 5414 ήσπουδὴ

328 5411 460 5480 περὶ
487 5414 584 5482 τὴν
610 5413 716 5466 τῶν
744 5413 942 5478 λέξεων
973 5417 1247 5489 συνθήκην
1269 5420 1640 5493 ἐπινενόηται·
1673 5428 1908 5483 ἐνταῦθα
1939 5411 1996 5484 δέ

329 5499 634 5553 τούναντίον
669 5501 833 5556 ἅπαν.
863 5505 1052 5568 Οὐδεὶς
1076 5509 1142 5577 τῇ
1168 5507 1353 5579 Γραφῇ
1397 5509 1554 5578 λόγος
1603 5515 1731 5586 περὶ
1764 5517 1992 5584 κάλλους

332 5586 592 5654 ῥημάτων
620 5587 652 5658 ἢ
681 5590 952 5662 συνθήκης
973 5608 986 5621 ·
1015 5592 1126 5662 ἔχει
1165 5595 1274 5665 γὰρ
1300 5597 1506 5651 οἴκοθεν
1534 5601 1633 5669 τὴν
1665 5602 1812 5657 θείαν
1835 5606 1992 5676 χάριν

331 5673 670 5729 ἐπανθοῦσαν
702 5678 796 5730 καὶ
822 5680 882 5732 τὸ
912 5681 1104 5745 κάλλος
1125 5683 1193 5736 τά
1219 5683 1503 5756 λεγόμενα.
1533 5690 1706 5742 Κάκεῖ
1735 5673 1994 5763 μὲν-μετά

333 5756 529 5832 πολλὴν
565 5763 655 5816 καί⁵
686 5765 887 5834 ἄφατον
925 5768 1192 5840 φλυαρίαν
1219 5772 1339 5826 τότε
1385 5773 1492 5830 τῶν
1521 5756 1804 5849 νοημάτων
1835 5756 1985 5857 [375]

1168 349 1224 405 S.
1267 348 1550 408 JOANNIS
1588 353 2066 412 CIIRYSOSTOMI
2105 355 2426 414 ARCIIIEP.
2466 345 3020 423 CONSTANTINOP:

3695 382 3809 439 342

2138 483 2253 535 ἐστὶ
2280 483 2704 554 περιδράξασθαι
2726 503 2738 516 ·
2790 488 3020 541 ἐνταῦθα
3066 489 3141 554 δέ,
3167 491 3242 555 ώς
3276 493 3412 557 ῐστε,
3449 495 3541 549 καὶ
3576 496 3798 567 βραχεῖα

2133 571 2276 635 λέξις
2308 571 2565 635 πολλάκις
2587 575 2820 644 ἤρκεσεν
2841 578 2969 645 ἡμῖν
2999 579 3176 631 πᾶσαν
3204 581 3403 649 ὑφάναι
3431 583 3530 653 τὴν
3551 584 3814 639 διδασκα-

2131 659 2270 712 λίαν.
2297 660 2395 713 Διά
2422 676 2500 712 τοι
2534 661 2690 716 τοῦτο
2721 665 2815 716 καὶ
2840 664 2966 733 χθὲς
2997 666 3286 736 προθέντες
3310 670 3438 737 ὑμῖν
3460 669 3528 723 τὰ
3561 673 3790 740 ἀνεγνω-

2133 744 2320 814 σμένα,
2351 747 2443 799 καὶ
2466 746 2575 800 τῶν
2610 751 2910 819 προοιμίων
2932 751 3218 822 ἁψάμενοι.
3244 756 3430 827 ἐπειδὴ
3459 761 3623 813 πολὺν
3650 760 3797 832 εὖρον

2132 850 2230 902 μεν
2251 833 2360 886 τῶν
2398 836 2684 905 νοημάτων
2718 838 2808 890 τὸν
2840 840 3088 905 πλοῦτον,
3123 843 3222 894 οὑκ
3267 843 3570 912 ἰσχύσαμεν
3599 866 3798 919 περαι-

2127 917 2269 987 τέρω
2317 919 2635 988 προελθεῖν
2679 921 2820 974 ὥστε
2863 923 2934 994 μὴ
2991 925 3066 996 τῷ
3107 926 3300 996 πλήθει
3347 917 3797 1005 καταχῶσαιήτὴν

2130 1008 2346 1076 μνήμην
2377 1009 2548 1078 ὑμῶν,
2579 1010 2672 1063 καὶ
2699 1010 3039 1081 λυμήνασθαι
3067 1017 3181 1077 τοῖς
3205 1017 3303 1087 ήδη
3324 1017 3554 1088 ῥηθεῖσι.
3589 1021 3680 1073 Διὸ
3694 1026 3795 1092 τῆς

2125 1093 2295 1162 αὐτῆς
2327 1095 2645 1159 ἀκολουθίας
2675 1097 2911 1165 ἅψασθαι
2941 1099 3218 1170 βούλομαι,
3270 1103 3364 1156 καὶ
3416 1105 3650 1174 συνάψαι
3683 1111 3794 1171 τοῖς

2124 1181 2250 1250 χθὲς
2279 1184 2590 1254 εἰρημένοις
2615 1186 2709 1239 καὶ¹
2737 1186 2806 1239 τά
2844 1187 3104 1256 μέλλοντα
3139 1190 3468 1262 ῥηθήσεσθαι
3493 1235 3508 1254 ,
3555 1196 3622 1247 ἵν’
3649 1195 3796 1250 οὕτω

2124 1271 2304 1321 πᾶσαν
2350 1270 2444 1322 τοῦ
2495 1271 2921 1342 ἀναγνώσματος
2980 1279 3333 1347 ποιησάμενοι
3369 1279 3467 1350 τήν
3509 1281 3793 1350 ἐξήγησιν.

2121 1349 2293 1414 οὑτως
2324 1352 2469 1421 ὑμᾶς
2497 1354 2746 1408 ἐντεῦθεν
2773 1357 3207 1429 ἀποπέμψωμεν.
3279 1349 3436 1416 Ἀλλά
3470 1349 3794 1434 προσέχετε,

2123 1438 2444 1507 παρακαλῶ,
2474 1441 2715 1510 ἀκριϐῶς
2741 1446 2853 1506 τοῖς
2880 1443 3211 1516 λεγομένοις.
3246 1450 3307 1502 Εἰ
3333 1450 3440 1520 γὰρ
3462 1453 3552 1503 καὶ
3574 1454 3602 1505 ὁ
3632 1454 3795 1516 πόνος

2121 1521 2408 1592 ἡμέτερος,
2449 1523 2586 1578 ἀλλά
2611 1524 2670 1578 τὸ
2715 1527 2904 1597 κέρδος
2936 1529 3221 1600 ὑμέτερον,
3266 1532 3464 1602 μᾶλλον
3491 1534 3546 1586 δέ
3588 1536 3790 1589 κοινόν.

2121 1608 2185 1660 Τί
2220 1609 2276 1661 δέ
2302 1610 2442 1678 λέγω
2469 1612 2498 1663 ό
2522 1613 2681 1677 πόνος
2705 1615 2971 1686 ἡμέτερος
2995 1634 3008 1681 ;
3039 1617 3209 1688 Οὐχί·
3240 1620 3374 1674 ἀλλά
3402 1622 3500 1690 τῆς
3535 1622 3626 1674 τοῦ
3653 1623 3792 1676 Θεοῦ

2119 1692 2338 1761 χάριτός
2359 1695 2504 1746 ἐστιν
2537 1695 2570 1764 ἡ
2599 1695 2796 1768 δωρεά.
2825 1699 2978 1751 Μετά
3005 1701 3279 1771 προσοχῆς
3305 1703 3483 1756 τοίνυν
3509 1705 3791 1774 ὑποδεχώ-

2122 1781 2260 1848 μεθα
2292 1783 2384 1836 καὶ
2413 1784 2573 1853 ἡμεῖς
2603 1785 2671 1838 τά
2712 1787 2863 1857 παρὰ
2891 1787 2986 1841 τοῦ
3021 1789 3156 1842 Θεοῦ
3176 1790 3513 1862 δωρούμενα,
3545 1795 3630 1848 ἵνα
3655 1813 3792 1867 κερ-

2116 1866 2371 1932 δάναντές
2392 1887 2444 1922 τι
2467 1873 2546 1934 εἰς
2565 1872 2664 1942 τὴν
2685 1873 2825 1926 κατά
2844 1874 3022 1945 ψυχὴν
3041 1879 3329 1947 σωτηρίαν,
3349 1880 3521 1943 οὕτως
3539 1866 3792 1937 ἐντεῦθεν

2117 1956 2388 2026 ἀπίωμεν.
2413 1959 2510 2011 Διά
2538 1959 2653 2031 ,γάρ
2683 1961 2840 2014 τοῦτο
2867 1963 2988 2015 καθ’
3013 1964 3252 2036 ἑκάστην
3276 1967 3374 2038 τὴν
3409 1973 3791 2042 πνευματικὴν

2115 2044 2320 2112 ταύτην
2342 2046 2711 2116 παρατίθεμεν
2735 2049 2862 2119 ὑμῖν
2884 2051 3184 2120 τράπεζαν,
3207 2054 3295 2108 ἵνα
3326 2058 3390 2126 τῇ
3417 2059 3667 2130 συνεχείᾳ
3688 2061 3791 2130 τῆς

2117 2132 2487 2200 παραινέσεως
2541 2137 2633 2188 καὶ
2666 2138 2732 2207 τῇ
2773 2137 2940 2211 πολλῇ
2974 2140 3084 2192 τῶν
3138 2139 3297 2194 θείων
3323 2143 3555 2214 Γραφῶν
3587 2148 3790 2221 μελέτῃ

2119 2217 2294 2269 πᾶσαν
2311 2219 2744 2291 ἀποτειχίσωμεν
2763 2223 2841 2294 τῷ
2864 2226 3083 2298 πονηρῷ
3103 2227 3319 2298 δαίμονι
3342 2231 3441 2302 τὴν
3466 2217 3783 2304 ἐπιϐουλήν-ξ

2118 2301 2286 2356 Ὅταν
2317 2305 2425 2376 γὰρ
2460 2307 2542 2378 ίδῃ
2576 2308 2774 2380 πολλὴν
2825 2312 2973 2381 ἡμᾶς
3021 2319 3150 2384 περὶ
3197 2315 3266 2368 τά
3305 2301 3651 2388 πνευματικά
3685 2301 3786 2390 τήν

2115 2390 2353 2464 σπουδὴν
2373 2394 2710 2466 τιθεμένους,
2744 2399 2805 2451 οὐ
2838 2400 2998 2469 μόνον
3025 2402 3124 2454 οὐκ
3153 2404 3492 2474 ἐπιθήσεται,
3526 2407 3641 2460 ἀλλ’
3662 2409 3786 2462 οὐδὲ

2112 2480 2428 2550 ἀντιϐλέψαι
2451 2483 2732 2554 τολμήσει,
2759 2486 2914 2550 εἰδὼς
2935 2490 3017 2542 ὃτι
3045 2490 3280 2561 ἀνόνητα
3301 2495 3660 2566 ἐπιχειρήσει,
3687 2499 3784 2550 καὶ

2111 2564 2250 2653 κατά
2276 2566 2374 2637 τῆς
2403 2568 2596 2622 ἑαυτοῦ
2626 2572 2867 2643 κεφαλῆς
2903 2574 3000 2644 τὴν
3035 2577 3238 2647 τόλμαν
3265 2564 3610 2646 ἐπιδείξεται.
3642 2584 3781 2653 Φέρε

2109 2647 2202 2704 οὖν
2250 2653 2357 2705 τῶν
2386 2654 2510 2724 χθὲς
2557 2659 2861 2728 εἰρημένων
2887 2663 2988 2734 τὴν
3027 2664 3348 2720 ἀκολουθίαν
3394 2647 3779 2734 ἀναλαϐόντες,

2109 2739 2218 2791 τῶν
2240 2739 2572 2812 λειπομένων
2591 2745 2688 2816 τὴν
2712 2747 2971 2818 ἐξήγησιν
2996 2751 3372 2823 ποιησώμεθα.
3397 2755 3462 2808 Τί
3483 2757 3540 2810 δὲ
3558 2754 3625 2828 ἦν
3647 2760 3783 2829 ἡμῖν

2109 2827 2234 2895 χθὲς
2265 2828 2326 2880 τὸ
2348 2829 2670 2902 λεγόμενον;
2696 2834 2806 2906 Τὴν
2829 2837 3158 2905 ἐπαγγελίαν
3183 2840 3280 2912 τὴν
3300 2842 3434 2913 πρὸς
3448 2843 3538 2897 τὸν
3557 2827 3783 2918 ’Ἄϐραμ

2111 2917 2573 2988 περιεγράφομεν,
2628 2920 2754 2974 ἔνθα
2788 2923 3152 2995 προσέταττεν
3186 2929 3335 2998 αὑτῷ
3367 2931 3662 3001 ἀναϐλέψαι
3697 2917 3781 2995 εἰς

2106 3001 2199 3053 τὸν
2230 3001 2476 3072 οὐρανὸν,
2503 3008 2598 3058 καὶ
2621 3006 2681 3060 τὸ
2715 3009 2917 3080 πλῆθος
2945 3011 3053 3066 τῶν
3072 3014 3316 3086 ἀστέρων
3345 3017 3491 3071 ἰδεῖν.
3511 3020 3780 3088 Ἀριθμη-

2108 3107 2224 3146 cor
2247 3094 2377 3165 γάρ,
2410 3098 2561 3165 φησὶ,
2585 3098 2726 3165 τοὺς
2749 3101 3027 3172 ἀστέρας,
3052 3108 3100 3158 εἰ
3124 3105 3364 3175 δυνήσῃ
3383 3107 3780 3178 ἐξαριθμῆσαι

2107 3183 2347 3248 αὐτούς.
2386 3184 2496 3237 Kal
2535 3187 2738 3239 εἶπεν*
2797 3189 2994 3255 Οὕτως
3045 3191 3217 3245 ἐσται
3262 3193 3329 3246 τὸ
3361 3195 3596 3264 σπέρμα
3632 3213 3772 3252 σου.

2109 3267 2239 3324 Εἶτα
2271 3272 2593 3327 δεικνύουσα
2643 3276 2773 3344 ήμῖν
2807 3279 2840 3346 ή
2894 3277 3014 3330 θεία
3065 3279 3255 3350 Γραφὴ
3288 3281 3388 3350 τῆς
3420 3283 3642 3352 γνώμης
3679 3284 3776 3336 τοῦ

2109 3360 2448 3430 πατριάρχου
2482 3361 2541 3413 τὸ
2570 3362 2837 3431 φιλόθεον,
2861 3367 2953 3417 καὶ
2979 3367 3059 3418 ὅτι
3092 3367 3229 3438 πρὸς
3257 3367 3346 3419 τὸν
3374 3369 3779 3442 ἐπαγγειλάμε-

2105 3464 2193 3499 νον
2215 3448 2375 3518 όρῶν,
2400 3450 2494 3502 καὶ
2522 3450 2620 3520 τὴν
2639 3451 2869 3520 δύναμιν
2895 3451 2988 3504 τοῦ
3015 3454 3388 3524 ὑποσχομένου
3417 3458 3630 3515 ἐννοῶν,
3654 3460 3778 3510 ἐπί-

2107 3552 2260 3588 στευε
2308 3539 2421 3600 τοῖς
2451 3539 2780 3608 εἰρημένοις,
2816 3541 2980 3609 φησί·
3013 3542 3121 3595 Καὶ
3160 3543 3525 3598 ἐπίστευσεν
3558 3549 3775 3615 Ἀϐίαμ

2104 3617 2184 3682 τῷ
2223 3619 2364 3685 Θεῷ,
2401 3622 2499 3674 καί
2525 3623 2810 3691 ἐλογίσθη
2830 3624 2994 3688 αὐτῷ
3018 3627 3106 3690 εἰς
3143 3626 3556 3696 δικαιοσύνην.
3595 3631 3775 3701 Μέχρι

2028 3763 2032 3768 _
2102 3707 2290 3760 τούτου
2313 3708 2437 3776 χθὲς
2465 3710 2726 3774 εἰπόντες,
2761 3711 2860 3763 οὑκ
2907 3712 3200 3783 ἰσχύσαμεν
3234 3717 3541 3788 περαιτέρω
3579 3720 3775 3787 προελ-

2103 3793 2236 3856 θεῖν,
2271 3795 2338 3848 δι”
2360 3796 2387 3849 ὅ
2413 3799 2708 3864 ἀναγκαῖον
2733 3799 2801 3851 τά
2829 3799 2953 3870 ἑξῆς
2982 3802 3302 3870 ἐπαγαγεῖν.
3335 3804 3399 3856 Τί
3429 3805 3537 3876 γάρ
3569 3825 3770 3875 φησι-η

2098 3882 2141 3933 Ε
2148 3879 2243 3935 ἷπε
2267 3883 2334 3936 δὲ
2356 3886 2568 3952 Κύριος
2586 3887 2732 3953 πρὸς
2760 3889 2972 3958 Ἅϐραμ
2993 3906 3006 3920 ο
3049 3889 3187 3958 Ἐγώ
3210 3893 3326 3960 εἰμι
3349 3895 3380 3945 ὁ
3411 3893 3554 3959 Θεὸς
3576 3898 3607 3946 ὁ
3629 3895 3772 3958 ἑξα-

2101 3969 2298 4039 ταγών
2321 3987 2394 4024 σε
2425 3973 2492 4025 ἐκ
2521 3973 2632 4041 τῆς
2654 3973 2847 4042 χώρας
2868 3976 3199 4040 Χαλδαίων,
3236 3977 3392 4032 ὥστε
3420 3979 3634 4035 δοῦναί
3670 4001 3772 4037 σοι

2101 4057 2217 4124 τὴν
2247 4057 2365 4127 γῆν
2391 4061 2636 4128 ταύτην,
2673 4063 3126 4132 κληρονομῆσαι
3179 4064 3391 4134 αὐτήν.
3444 4069 3585 4139 Ὅρα
3633 4071 3772 4124 Θεοῦ

2103 4148 2530 4216 συγκατάϐασιν,
2566 4151 2681 4214 πῶς
2714 4151 2880 4205 αὑτοῦ
2905 4153 3150 4224 βούλεται
3183 4156 3282 4226 τὴν
3324 4156 3505 4210 πίστιν
3537 4157 3771 4226 βεϐαιῶ-

2103 4255 2214 4301 σαι,
2244 4241 2338 4292 καὶ
2367 4243 2572 4304 πεῖσαι,
2603 4241 2803 4312 πολλὴν
2831 4241 2973 4313 ἔχειν
3001 4242 3098 4313 τὴν
3124 4243 3491 4315 πληροφορίαν
3515 4249 3635 4316 περὶ
3656 4249 3771 4302 τῶν

2103 4322 2550 4393 ἐπηγγελμένων,
2581 4326 2865 4395 μονονουχὶ
2887 4325 3091 4394 λέγων·
3145 4329 3410 4397 μνήσθητι
3448 4330 3530 4381 ὅτι
3559 4330 3668 4397 ἐγώ
3706 4347 3766 4384 σε

2099 4410 2309 4463 οἴκοθεν
2330 4411 2623 4480 ἀνέστησα.
2665 4413 2796 4465 Ἰδοὺ
2826 4413 2895 4466 τά
2915 4413 3064 4485 παρὰ
3088 4414 3180 4466 τοῦ
3207 4415 3340 4469 Θεοῦ
3369 4416 3601 4486 ρηθέντα
3623 4419 3770 4472 κατά

2099 4497 2188 4550 τὸν
2218 4497 2561 4568 πατριάρχην
2585 4499 2851 4570 σύμφωνα
2877 4500 3146 4555 δείκνυται
3169 4505 3281 4565 τοῖς
3295 4503 3446 4574 παρά
3469 4503 3562 4556 τοῦ
3587 4523 3766 4575 μακα-

2101 4584 2218 4656 ρίου
2247 4585 2520 4652 Στεφάνου
2551 4587 2884 4658 εἰρημένοις,
2907 4588 2988 4641 ὃτι
3017 4589 3112 4644 καὶ
3130 4588 3358 4655 οἴκοθεν,
3385 4591 3476 4644 καὶ
3511 4591 3571 4657 ἐξ
3598 4593 3769 4662 αὐτῆς

2098 4675 2197 4744 τῆς
2229 4675 2501 4740 Χαλδαίας
2529 4675 2624 4729 τοῦ
2656 4678 2928 4730 Δεσπότου
2965 4677 3027 4731 τὸ
3073 4679 3399 4749 πρόσταγμα
3444 4680 3606 4733 αὑτὸν
3633 4681 3769 4734 ἀνα-

2100 4760 2288 4830 στῆναι
2321 4761 2721 4832 παρεσκεύασε.
2752 4765 2862 4817 Καὶ
2884 4767 2948 4835 τῇ
2984 4764 3172 4818 τούτου
3210 4766 3404 4839 γνώμῃ
3448 4767 3712 4837 ἑπόμενος
3738 4771 3769 4823 ό

2099 4849 2301 4920 πατὴρ,
2334 4851 2583 4923 καθάπερ
2605 4853 2699 4905 καὶ
2732 4852 3035 4921 φθάσαντες
3061 4853 3308 4926 εἴπομεν,
3347 4858 3395 4908 εἰ
3423 4857 3517 4909 καὶ
3537 4858 3768 4921 ἄπιστος

2095 4933 2185 5009 ἦν,
2213 4937 2327 4991 ἀλλ’
2354 4935 2450 4992 οὖν
2485 4939 2725 5009 μεγάλην
2766 4939 3021 4993 ὑπόθεσιν
3057 4942 3254 5013 δεσμοῦ
3285 4943 3346 4996 τὸ
3380 4944 3600 5014 φίλτρον
3625 4945 3768 5015 ἔχων

2095 5026 2155 5078 τὸ
2186 5027 2312 5098 περί¹
2339 5025 2520 5089 αὐτὸν,
2555 5026 2836 5095 ἠκολούθει
2864 5030 2958 5081 καὶ
2983 5028 3148 5100 ἐξῄει.
3193 5031 3622 5102 ’Υπομιμνήσκει
3649 5035 3768 5088 τοί-

2098 5131 2193 5166 νυν
2225 5115 2389 5167 αὑτὸν
2421 5113 2513 5166 ἐπὶ
2544 5114 2639 5167 τοῦ
2684 5115 2974 5186 παρόντος,
3011 5118 3144 5188 ὅσην
3177 5119 3240 5171 ἐκ
3286 5122 3583 5190 προοιμίων
3612 5119 3764 5196 [5741

2097 5203 2388 5271 ἐποιήσατο
2424 5203 2552 5274 περὶ
2601 5203 2763 5257 αὑτὸν
2804 5205 2901 5274 τὴν
2940 5206 3216 5277 πρόνοιαν,
3260 5207 3438 5278 δηλῶν
3473 5210 3642 5281 αὐτῷ,
3681 5213 3765 5267 ὅτι

2098 5289 2308 5358 μεγάλα
2355 5289 2476 5343 τινά
2535 5291 2666 5361 περί⁸
2713 5291 2874 5345 αὑτοῦ
2937 5291 3356 5363 βουλευόμενος,
3410 5296 3503 5348 καὶ
3555 5298 3765 5364 ταύτας

2095 5373 2260 5426 θέλων
2299 5373 2396 5438 τάς
2426 5376 2745 5447 ὑποσχέσεις
2793 5378 2928 5449 πρὸς
2962 5380 3120 5432 αὑτὸν
3150 5381 3475 5450 ποιήσασθαι
3531 5385 3628 5437 καὶ
3683 5389 3764 5450 εἰς

2093 5457 2251 5529 ἔργον
2279 5459 2524 5526 ἀγαγεῖν,
2552 5460 2819 5530 τοσαύτην
2860 5462 2976 5514 ὁδὸν
3011 5463 3258 5517 διανύσαι
3286 5466 3559 5538 ἐποίησεν.
3624 5468 3767 5537 Ἐγώ

2091 5545 2208 5610 εἰμι
2238 5545 2270 5594 ό
2294 5543 2601 5612 ἐξαγαγών
2627 5560 2702 5598 σε
2755 5546 2822 5598 ἐκ
2876 5546 2984 5615 τῆς
3037 5549 3230 5615 χώρας
3269 5547 3387 5602 τῶν
3423 5551 3761 5615 Χαλδαίων,

2090 5623 2305 5679 δοῦναί
2339 5642 2438 5679 σοι
2470 5626 2585 5693 τὴν
2611 5627 2728 5695 γῆν
2764 5630 3008 5697 ταύτην,
3055 5631 3505 5702 κληρονομῆσαι
3542 5633 3762 5699 αὑτήν.

2091 5706 2183 5774 Μὴ
2229 5705 2338 5777 γάρ
2365 5707 2548 5771 ἀπλῶς
2579 5725 2652 5772 σε,
2679 5710 2888 5764 ἐκεῖθεν
2917 5713 3222 5784 ἀνέστησας
3283 5715 3358 5786 μὴ
3389 5716 3498 5786 γὰρ
3521 5717 3641 5785 εἰκῆ
3665 5715 3761 5768 καὶ

2100 5789 2276 5857 μάτην
2298 5790 2543 5846 ἐνθεῦθέν
2591 5809 2650 5846 σε
2695 5794 2930 5864 ἡγαγον;
2975 5798 3076 5874 Διά
3121 5798 3278 5854 τοῦτό
3318 5815 3379 5852 σε
3433 5798 3761 5856 καταλαϐεῖν
