4092 6408
325 411 421 468 stt
1355 409 1422 466 IN
1458 410 1612 467 car.
1653 409 1769 465 xv.
1801 387 2043 466 Games.
2071 406 2300 464 noun.
2340 407 2601 463 xxxvn.

326 538 505 580 nimus
530 525 836 581 indecentes
851 535 905 582 et
929 540 1024 596 spe
1049 523 1310 581 mercedis
1337 523 1576 579 laborum
1605 522 1907 577 molestiam

325 619 685 674 sublevemus.
730 618 936 676 Sufﬁcit
977 620 1120 675 enim
1146 619 1408 674 bonorum
1452 631 1598 686 Spes,
1655 626 1712 670 ιιι
1748 617 1908 670 etiam

329 696 561 776 pericula
582 707 836 764 audacter
858 709 1227 780 aggrediamur
1257 717 1493 776 :quanto
1519 707 1684 774 magis
1715 715 1770 758 ut
1799 704 1910 758 vir-

328 801 452 852 tutis
481 799 689 854 labores
731 799 939 853 fortiter
977 799 1250 854 feramus?
1279 799 1499 864 Quando
1546 801 1686 850 enim
1728 797 1910 849 animo

325 903 531 955 versas,
565 891 610 944 si
637 890 704 946 ad
755 892 914 945 breve
944 899 1154 962 tempus
1190 891 1497 954 certaveris,
1556 899 1610 944 et
1655 887 1911 958 fulgidam

326 985 625 1038 servaveris
667 984 983 1054 virginitatis
1027 983 1361 1052 lampadem,
1410 991 1461 1036 te
1503 982 1708 1035 beatam
1749 981 1910 1033 vitam

324 1084 781 1144 consequuturum
809 1089 950 1139 esse,
993 1084 1197 1128 etcum
1241 1089 1438 1143 sponso
1492 1073 1689 1126 intrare
1731 1087 1907 1141 posse.

323 1164 485 1219 modo
513 1180 764 1220 accensas
788 1165 980 1220 habeas
1009 1164 1298 1234 lampades,
1328 1173 1380 1218 et
1404 1163 1674 1216 sufliciens
1695 1163 1907 1225 oleum;

324 1257 587 1313 bonorum
619 1273 842 1327 operum
892 1259 1155 1310 actionem
1175 1296 1191 1321 ,
1226 1255 1439 1324 inquam
1469 1272 1482 1308 :
1511 1253 1777 1324 quomodo
1804 1267 1910 1305 non

325 1364 447 1404 cum
478 1351 620 1404 onmi
656 1351 901 1404 facilitate
928 1349 1158 1402 difficilia
1188 1349 1363 1400 omnia
1417 1357 1776 1399 transcurrere
1817 1359 1912 1412 po-

326 1441 477 1506 teris,
503 1441 741 1510 cogitans
783 1440 910 1494 illud
940 1440 1078 1509 quod
1108 1455 1136 1492 a
1175 1439 1330 1493 beato
1360 1437 1520 1490 Paulo
1551 1437 1750 1489 dictum
1787 1445 1863 1488 est
1893 1450 1908 1488 :

327 1531 514 1585 Pacem
544 1533 796 1585 sectemini
819 1549 933 1585 cum
955 1531 1205 1597 omnibus,
1236 1541 1284 1584 et
1306 1531 1773 1595 sanctiﬁcationem,
1805 1529 1914 1581 sine

325 1640 427 1692 qua
455 1624 626 1676 nullus
652 1623 834 1676 videbit
884 1623 1158 1676 Dominum
1201 1621 1385 1690 (Hebr.
1416 1621 1503 1675 12.
1553 1619 1694 1691 M)?
1725 1619 1913 1673 Vidisti

326 1715 594 1784 quomodo
649 1715 1056 1769 sanctilieationi
1101 1729 1282 1785 pacem
1332 1711 1647 1781 conjunxit?
1694 1709 1826 1764 Nam
1857 1718 1914 1764 ut

327 1808 557 1860 sciamus
577 1821 700 1860 eum
720 1822 824 1859 non
853 1807 1027 1860 solum
1046 1805 1284 1874 corporis
1307 1804 1588 1873 puritatem
1617 1802 1910 1872 requirere,

328 1895 420 1951 sed
444 1907 497 1950 et
522 1911 729 1965 pacem,
762 1896 878 1950 hzcc
899 1904 1195 1966 Opportune
1217 1903 1622 1958 commemorat,
1666 1893 1914 1961 utrinque

329 1985 516 2039 volens
566 1986 794 2053 munire,
848 1995 904 2040 ut
941 1994 998 2042 et
1047 1985 1394 2056 cogitationes
1431 1983 1698 2050 sedemus,
1741 1983 1812 2037 ita
1858 1990 1915 2036 ut

329 2077 470 2130 nulla
497 2077 569 2132 sit
598 2078 650 2132 in
696 2078 850 2133 nobis
903 2077 1153 2142 turbatio,
1183 2077 1463 2146 nullusque
1502 2074 1756 2129 tumultus
1784 2091 1796 2126 :
1820 2071 1914 2128 sed

329 2169 380 2222 in
410 2169 790 2240 tranquillitate
815 2180 868 2224 et
894 2169 1072 2238 quiete
1103 2183 1379 2222 versemur
1397 2207 1412 2232 ,
1440 2177 1495 2220 et
1526 2179 1648 2218 cum
1668 2163 1916 2218 omnibus

329 2263 546 2333 pacilice
565 2278 787 2332 agamus
810 2273 863 2316 et
883 2261 1144 2316 mansueti
1166 2262 1331 2314 simus
1353 2270 1406 2314 et
1422 2259 1577 2313 mites
1596 2265 1652 2312 et
1674 2255 1911 2322 humani,

328 2367 486 2427 atque
527 2357 662 2411 adeo
692 2366 749 2410 ut
775 2371 963 2412 omnes
990 2356 1206 2410 virtutis
1231 2355 1439 2410 colores
1469 2355 1518 2407 in
1559 2352 1696 2407 facie
1731 2361 1914 2405 nostra

327 2452 614 2503 reluceant.
631 2449 706 2504 Ita
724 2449 863 2503 enim
885 2448 1136 2518 deinceps
1157 2447 1442 2516 etgloriam
1467 2445 1745 2516 pnesentis
1766 2443 1909 2509 vitae,

329 2540 621 2608 poterimus
648 2540 926 2608 despicere
971 2553 1154 2592 veram
1184 2538 1408 2608 gloriam
1458 2536 1829 2606 praeferentes,
1861 2542 1916 2587 et

327 2629 640 2684 humilitatis
665 2629 921 2699 majorem
952 2629 1146 2683 habere
1171 2643 1374 2692 curam,
1402 2628 1679 2696 ridereque
1699 2639 1913 2678 onmem

329 2723 604 2791 praesentis
632 2723 752 2775 vita:
778 2723 1203 2789 prosperitatem,
1230 2728 1287 2773 ut
1319 2736 1434 2772 vera
1465 2731 1520 2772 et.
1548 2717 1714 2772 so'.ida
1744 2715 1913 2769 felici-

331 2823 436 2867 tate
482 2813 740 2878 fruamur,
781 2823 836 2865 ct
857 2811 1131 2866 Christum
1171 2811 1355 2864 videre
1405 2823 1724 2864 mereamur.
1768 2805 1914 2858 Beati

327 2903 492 2968 enim,
523 2903 712 2971 inquit,
753 2902 867 2972 puri
889 2903 1058 2970 corde,
1085 2904 1322 2974 quoniam
1365 2901 1462 2970 ipsi
1488 2899 1652 2952 Deunt
1680 2898 1916 2952 videbunt

329 2993 540 3063 (Matth.
570 2995 624 3049 5.
656 2994 736 3064 8).
765 2994 1114 3048 Purilicemus
1161 2993 1337 3062 itaque
1367 3003 1600 3046 nostram
1633 2990 1912 3046 conscien-

329 3088 477 3153 tiam,
501 3096 556 3140 et
597 3100 786 3155 magna
833 3101 957 3139 cura
982 3085 1144 3138 vitam
1181 3094 1413 3138 nostram
1448 3083 1826 3152 gubernemus,
1858 3089 1916 3134 ut

329 3195 448 3234 cum
475 3190 790 3249 prmsentem
815 3178 973 3232 vitam
1003 3179 1054 3232 in
1082 3179 1226 3232 omni
1247 3178 1495 3232 virtutum
1516 3191 1710 3246 genere
1738 3185 1914 3228 trans-

331 3271 567 3334 ierimus,
613 3271 800 3324 ltorum
828 3270 1065 3324 laborum
1093 3268 1310 3339 praemia
1335 3283 1638 3322 mereantur
1673 3267 1917 3336 accipere

332 3363 383 3413 in
419 3360 594 3415 futuro
615 3362 832 3424 saeculo,
857 3361 1023 3430 gratia
1051 3359 1484 3413 etmiserieordia
1513 3356 1723 3411 Domini
1749 3356 1916 3410 nostri

329 3451 457 3506 Jesu
479 3452 698 3518 Christi,
732 3453 814 3505 cui
841 3467 961 3505 cum
993 3451 1151 3504 Patre
1179 3459 1234 3504 et
1260 3458 1445 3502 sancto
1473 3448 1672 3517 Spiritu
1699 3449 1766 3499 sit
1795 3447 1912 3516 glo-

331 3543 432 3608 ria,
460 3543 762 3610 imperium,
806 3541 999 3608 honor,
1027 3556 1170 3595 nunc
1216 3546 1271 3594 et
1297 3554 1532 3608 semper,
1562 3546 1617 3594 et
1643 3539 1694 3594 in
1721 3538 1916 3592 saecula

332 3636 671 3690 smettlorutn.
706 3638 898 3689 Amen.

825 3724 1100 3780 HOMILIA
1154 3723 1418 3779 XXXVII.

335 3817 478 3872 Dixit
502 3829 668 3872 autent
696 3818 740 3870 ei
767 3833 787 3872 :
814 3817 925 3889 Ego
975 3834 1087 3872 sum
1113 3816 1282 3882 Deus,
1313 3817 1397 3887 qui
1440 3814 1588 3869 eduxi
1619 3824 1665 3867 te
1689 3813 1751 3867 de
1780 3823 1916 3867 terra

406 3911 780 3974 Chaldaeorum,
809 3920 863 3963 ut
909 3911 1081 3963 darent
1109 3910 1198 3963 tibi
1227 3920 1411 3962 terram
1439 3910 1588 3974 hanc,
1617 3916 1672 3960 ut
1696 3908 1749 3961 in
1774 3907 1916 3961 here-

406 4001 612 4054 ditatem
639 4001 901 4071 possideas
929 4017 1060 4055 eant.
1088 3999 1230 4054 Dixit
1250 4008 1416 4052 autent
1454 4015 1474 4052 :
1519 3997 1754 4064 Domine,
1801 3996 1914 4052 Do-

405 4095 537 4146 mine
554 4135 570 4159 ,
595 4093 868 4146 secundum
886 4093 1007 4164 quid
1035 4107 1330 4163 cognoscam
1356 4091 1490 4162 quod
1515 4092 1568 4144 in
1591 4090 1918 4145 hereditatem

404 4187 649 4256 accipiant
673 4201 783 4238 eam
808 4182 957 4256 (Gen.
984 4186 1071 4240 15.
1102 4201 1148 4238 υ.
1183 4187 1233 4239 7.
1267 4185 1358 4255 δη

407 4279 459 4332 1.
490 4279 773 4349 Scriptura:
796 4280 970 4332 virtus.
997 4279 1184 4333 Divina
1208 4279 1444 4349 dogmata
1463 4284 1704 4348 quantum
1737 4275 1918 4328 huma-

335 4371 416 4425 nis
468 4369 788 4425 antecellunt.
834 4400 904 4410 —
943 4371 1129 4442 Magna
1186 4371 1380 4426 divinae
1419 4371 1706 4440 Scriptura:
1749 4369 1918 4424 virtus

335 4475 438 4531 est,
463 4473 517 4518 et
537 4465 717 4518 multa:
744 4464 795 4517 in
840 4464 1020 4519 verbis
1065 4465 1229 4518 latent
1274 4464 1654 4518 sententiarum
1692 4462 1914 4516 divitize.

336 4554 462 4608 Ideo
506 4571 600 4624 pur
631 4564 714 4610 est
757 4563 815 4609 ut
859 4555 1140 4624 diligenter
1192 4555 1546 4620 intendamus,
1589 4561 1645 4609 et
1692 4554 1917 4610 sollicite

336 4659 660 4715 scrutemur,
703 4665 810 4719 quo
837 4651 1150 4718 ampliorem
1184 4650 1465 4704 utilitatem
1495 4650 1621 4704 inde
1649 4650 1917 4719 percipia-

338 4756 479 4796 mus.
505 4741 638 4795 Nam
663 4753 882 4809 propter
902 4741 1004 4794 hoc
1029 4752 1081 4794 et
1106 4741 1350 4795 Christus
1397 4741 1665 4810 prmcepit,
1688 4741 1869 4796 dicens
1899 4758 1914 4796 :

337 4833 648 4890 Scrutantini
686 4833 980 4903 Scripturas
1023 4832 1200 4904 (Joan.
1247 4833 1300 4887 5.
1325 4831 1429 4903 '59)
1460 4850 1471 4883 :
1498 4840 1555 4886 ut
1579 4847 1682 4885 non
1713 4841 1916 4886 tantum

339 4924 496 4978 nudae
528 4923 750 4977 lectioni
802 4938 1070 4987 vacemus,
1111 4923 1205 4977 sed
1249 4923 1556 4992 profundius
1595 4931 1914 4988 scrutantes,

337 5032 526 5071 verum
559 5016 847 5084 Scriptura:
873 5032 1087 5071 sensum
1129 5019 1403 5086 percipere
1441 5016 1734 5071 valeamus.
1775 5015 1918 5070 Talis

337 5109 480 5162 enim
511 5107 799 5176 Scriptura:
843 5121 959 5160 mos
1008 5115 1111 5172 est,
1136 5116 1193 5160 ut
1222 5117 1275 5161 et
1300 5109 1352 5161 in
1397 5107 1572 5175 parvis
1600 5107 1775 5161 verbis
1805 5107 1921 5175 plu-

337 5199 476 5253 rima
527 5213 671 5268 saepe
721 5197 1004 5252 multitudo
1055 5212 1304 5252 sensuum
1349 5198 1667 5252 inveniatur.
1731 5197 1918 5252 Divina

334 5289 479 5344 enim
501 5299 627 5343 sunt
652 5288 918 5367 dogmata,
947 5304 1053 5342 non
1080 5287 1328 5354 humana,
1359 5300 1412 5343 et
1437 5298 1652 5359 propter
1677 5288 1779 5342 hoc
1804 5303 1921 5342 om-

335 5395 460 5434 nem
489 5380 636 5435 illam
663 5380 844 5434 videre
889 5379 1013 5433 licet
1048 5394 1204 5434 secus
1233 5395 1290 5434 se
1328 5380 1522 5434 habere
1549 5394 1705 5449 quam
1732 5378 1921 5432 huma-

337 5489 462 5528 nam
498 5473 832 5543 sapientiam.
875 5474 942 5527 Et
970 5473 1236 5544 quomodo
1267 5475 1389 5540 hoc,
1419 5488 1519 5544 ego
1567 5474 1761 5528 dicam.
1808 5472 1921 5528 lllic

336 5568 504 5632 enim,
531 5569 584 5622 in
612 5567 842 5622 humana
869 5567 1125 5637 sapientia
1169 5566 1307 5632 dico,
1338 5570 1501 5621 omne
1531 5567 1765 5621 studium
1790 5580 1920 5620 con-

337 5659 618 5714 cinnandis
637 5659 815 5715 verbis
842 5658 1134 5714 adhibitum
1155 5669 1237 5713 est
1271 5674 1286 5712 :
1313 5659 1400 5714 hic
1420 5675 1546 5714 vero
1574 5674 1793 5729 prorsus
1821 5659 1918 5713 ali-

342 5761 446 5806 ter.
476 5752 685 5808 Nullam
733 5753 1022 5823 Scriptura:
1052 5750 1250 5806 habent
1289 5750 1546 5805 rationem
1573 5749 1920 5820 pulchritudi-

342 5847 429 5936 μὴ
448 5848 533 5906 vel
567 5848 965 5924 compositionis
991 5845 1273 5910 verborum
1319 5859 1334 5899 ε
1371 5843 1568 5901 habent
1604 5845 1747 5902 enim
1775 5845 1829 5904 in
1856 5859 1916 5902 se

3502 411 3607 466 543

2017 519 2251 576 divinam
2264 519 2485 590 gratiam
2497 519 2857 590 efl‘ulgcntem,
2883 530 2933 575 et
2951 521 3394 590 pulchritudinem
3415 523 3467 578 in
3493 525 3603 594 ipsa

2016 615 2299 669 verborum
2327 614 2532 668 ratione
2563 614 2742 666 sitam.
2767 613 2832 667 Et
2864 613 2968 667 illic
3002 614 3216 684 quidem
3248 625 3368 684 post
3393 616 3602 686 longam

2017 721 2070 764 et
2114 711 2379 779 ingentem
2444 710 2796 778 nugacitatem
2845 707 3040 777 aliquid
3083 724 3272 763 sensus
3319 709 3594 779 percipere

2016 809 2134 855 est:
2164 800 2249 854 hic
2269 810 2467 864 autem,
2490 811 2546 853 ut
2566 799 2731 862 scitis,
2761 800 2923 853 etiam
2953 814 3112 868 parva
3151 798 3316 852 dictio
3350 814 3493 869 saepe
3517 810 3602 852 to-

2018 901 2129 945 tum
2158 889 2312 944 nobis
2339 891 2596 944 doctrina:
2623 904 2930 944 sermonem
2970 889 3262 943 contexuit.
3313 889 3603 958 Propterea

2016 995 2071 1038 et
2096 985 2232 1048 heri,
2263 984 2530 1054 proposita
2561 985 2708 1038 vobis
2736 985 3024 1053 Scriptura:
3049 985 3301 1046 lectione,
3334 985 3434 1038 sub
3484 986 3601 1053 ipso

2015 1076 2264 1141 exordio,
2293 1077 2414 1146 quia
2429 1076 2649 1130 multum
2670 1077 2970 1130 invenimus
2992 1092 3246 1131 sensuum
3273 1076 3603 1138 thesaurum,

2017 1183 2124 1222 non
2155 1168 2424 1237 potuimus
2452 1169 2590 1222 ultra
2618 1168 2886 1239 progredi,
2916 1178 2975 1222 ut
3008 1185 3073 1222 ne
3116 1169 3381 1222 dictorum
3425 1169 3606 1221 multi-

2017 1259 2205 1314 tudine
2236 1261 2548 1314 memoriam
2591 1270 2821 1313 vestram
2849 1261 3219 1323 obrucremus,
3249 1269 3302 1314 et
3322 1261 3432 1329 jam
3465 1261 3606 1312 dicta

2017 1349 2440 1403 obliteraremus.
2500 1349 2620 1403 Ideo
2662 1349 2905 1404 eamdem
2957 1349 3154 1403 seriem
3184 1351 3480 1419 attingere,
3517 1351 3606 1402 he-

2016 1441 2320 1510 sternisque
2347 1441 2503 1496 dictis
2529 1458 2590 1496 ea
2615 1458 2732 1510 qum
2775 1443 2933 1496 hodie
2975 1442 3198 1498 dicenda
3229 1453 3353 1496 sunt
3378 1443 3498 1496 volo
3518 1457 3607 1496 co—

2018 1531 2202 1600 pulare
2225 1573 2240 1596 ,
2274 1541 2333 1585 ut
2369 1531 2440 1586 ita
2485 1544 2728 1586 enarrata
2753 1533 2979 1587 lectione
3022 1541 3132 1587 tota
3161 1548 3255 1587 vos
3284 1533 3405 1587 hinc
3431 1533 3608 1586 dimit-

2019 1630 2146 1673 tam.
2174 1619 2302 1686 Sed,
2332 1636 2450 1686 oro,
2476 1618 2545 1674 iis
2559 1623 2946 1690 qumdicuntur
2966 1624 3272 1678 auscultate
3306 1623 3605 1693 diligenter.

2017 1713 2150 1769 Nam
2177 1715 2276 1769 etsi
2299 1715 2451 1768 labor
2491 1723 2694 1782 noster,
2724 1715 2920 1770 utilitas
2958 1726 3132 1769 tamen
3162 1726 3337 1770 vestra
3365 1725 3466 1781 est,
3500 1716 3608 1770 imo

2017 1805 2334 1860 connnunis.
2366 1806 2430 1858 Et
2456 1805 2580 1875 quid
2603 1805 2722 1859 dico
2752 1805 2902 1859 labor
2920 1805 3144 1860 noster?
3172 1805 3388 1860 Minime
3417 1815 3598 1871 certe;

2018 1897 2112 1950 sed
2143 1896 2340 1950 donum
2361 1907 2442 1950 est
2465 1897 2648 1966 gratia:
2680 1897 2794 1950 Dei.
2817 1896 2952 1950 Cum
2981 1899 3276 1951 attentione
3303 1897 3461 1968 igitur
3486 1913 3606 1952 sus-

2016 1990 2276 2060 cipiamus
2313 2005 2374 2044 ea
2400 2006 2518 2059 quae
2537 2005 2568 2044 a
2593 1990 2700 2043 Deo
2720 1989 3006 2055 donantur,
3027 2000 3083 2043 ut
3116 1990 3238 2043 hinc
3260 1989 3600 2045 lucrifacicn-

2018 2091 2098 2137 tes
2140 2082 2336 2153 aliquid
2387 2083 2440 2136 in
2489 2083 2784 2136 animarum
2835 2083 3060 2136 salutem
3094 2124 3109 2148 ,
3165 2083 3288 2138 inde
3329 2084 3604 2138 abeamus.

2018 2174 2142 2228 Ideo
2164 2175 2304 2229 enim
2327 2173 2563 2243 quotidie
2584 2172 2915 2241 spiritualem
2948 2172 3085 2227 hanc
3113 2174 3265 2226 vobis
3291 2175 3607 2242 apponimus

2018 2280 2282 2331 mensam,
2307 2275 2364 2318 ut
2381 2265 2743 2319 admonitione
2769 2265 3022 2318 continua
3046 2273 3100 2316 et
3125 2267 3289 2318 multa
3305 2265 3603 2318 divinarum

2017 2355 2407 2426 Seripturarum
2447 2355 2790 2409 meditatione
2826 2370 3014 2410 omnes
3058 2356 3276 2424 maligni
3331 2355 3593 2409 datmonis

2017 2448 2362 2503 excludamus
2407 2447 2649 2502 insidias.
2681 2447 2814 2502 Cum
2845 2449 2987 2502 enim
3033 2464 3131 2502 nos
3155 2449 3349 2503 viderit
3378 2451 3601 2502 multum

2018 2539 2070 2592 in
2103 2539 2465 2608 Spiritnalibus
2515 2540 2784 2608 occupari,
2827 2554 2934 2593 non
2987 2540 3160 2594 solum
3211 2555 3317 2593 non
3371 2540 3604 2603 invadet,

2018 2630 2111 2683 sed
2155 2643 2326 2698 neque
2355 2628 2564 2682 obtueri
2593 2629 2810 2683 audebit
2839 2646 2852 2682 :
2883 2630 3058 2684 sciens
3083 2643 3142 2683 se
3180 2629 3232 2682 in
3267 2645 3459 2682 vanum
3493 2646 3608 2682 mo-

2022 2719 2126 2783 liri,
2152 2729 2205 2774 et
2233 2719 2488 2774 adversus
2517 2729 2676 2788 caput
2714 2734 2868 2774 suum
2909 2735 3074 2774 ausus
3116 2735 3242 2774 suos
3270 2729 3607 2776 convertere.

2017 2811 2129 2881 Age
2151 2811 2305 2880 igitur
2326 2811 2559 2864 hesterni
2583 2812 2847 2865 sermonis
2868 2815 3092 2880 repetita
3115 2811 3272 2874 serie,
3295 2811 3442 2880 quod
3471 2811 3602 2866 reli-

2017 2919 2178 2972 quum
2206 2901 2302 2955 fuit
2326 2894 2658 2956 enarretttns.
2689 2901 2826 2967 Quid
2865 2912 3044 2956 autem
3088 2901 3201 2955 heri
3231 2902 3431 2956 dictum
3470 2900 3607 2955 fuit?

2019 2995 2433 3049 Promissionem
2471 3009 2631 3063 quam
2670 2993 2809 3048 Deus
2849 2993 2972 3048 fecit
3012 2992 3170 3047 Abrae
3199 2991 3605 3060 descripsimus,

2019 3085 2108 3139 ubi
2138 3085 2417 3155 imperavit
2443 3085 2492 3140 ei
2514 3095 2573 3139 ut
2598 3085 2893 3154 suspiceret
2919 3085 2973 3137 in
3004 3083 3192 3138 ets-lum
3211 3123 3226 3148 ,
3254 3092 3309 3137 et
3335 3091 3602 3153 spectaret

2017 3178 2290 3232 stellarum
2336 3177 2746 3232 multitudinem.
2782 3173 3012 3230 Numera
3061 3175 3238 3241 enim,
3269 3174 3458 3245 inquit,
3490 3176 3610 3228 stel-

2019 3270 2115 3337 las,
2145 3269 2188 3324 si
2212 3270 2397 3341 poteris
2426 3286 2510 3323 eas
2535 3284 2819 3323 numerare.
2841 3267 2909 3320 Et
2929 3267 3058 3320 dixit
3083 3268 3128 3320 ei
3161 3281 3179 3320 :
3204 3265 3294 3321 Sic
3325 3265 3417 3320 erit
3440 3282 3608 3320 semen

2019 3371 2182 3416 tuum.
2203 3361 2404 3417 Deinde
2421 3377 2542 3416 eum
2559 3361 2921 3417 demontraret
2938 3359 3090 3414 nobis
3111 3359 3290 3413 divina
3335 3357 3610 3427 Scriptura

2018 3453 2321 3524 religiosam
2351 3453 2664 3523 patriarchae
2693 3461 2947 3516 mentem,
2994 3458 3050 3504 et
3074 3449 3344 3520 quomodo
3390 3448 3457 3503 ad
3484 3463 3611 3518 pro-

2019 3547 2318 3600 mittentem
2343 3546 2635 3615 respiciens
2661 3585 2677 3611 ,
2707 3553 2763 3597 et.
2805 3542 3092 3614 potentiam
3137 3541 3495 3611 promittentis
3515 3556 3611 3595 co-

2017 3638 2192 3706 gitans
2219 3677 2235 3703 ,
2290 3633 2576 3690 crediderit
2625 3634 2798 3698 dictis,
2853 3633 3023 3686 dicit:
3051 3630 3119 3684 Et
3170 3631 3387 3685 credidit
3423 3629 3612 3683 Abram

2019 3730 2152 3797 Deo,
2180 3737 2227 3783 et
2269 3737 2566 3799 reputatum
2605 3736 2678 3781 est
2704 3727 2748 3780 ei
2774 3727 2826 3779 in
2835 3726 3114 3796 justitiam.
3165 3724 3449 3792 HucuSque
3497 3722 3611 3775 heri

2019 3835 2320 3877 sermonem
2351 3819 2713 3889 produximus,
2748 3831 2918 3886 neque
2949 3815 3170 3870 ulterius
3209 3813 3456 3884 progredi
3509 3827 3606 3883 po-

2021 3917 2218 3971 tuimus
2247 3931 2264 3968 :
2289 3913 2409 3968 ideo
2425 3926 2604 3981 operte
2633 3910 2861 3980 pretium
2883 3917 2967 3963 est
2995 3916 3051 3961 ut
3078 3907 3338 3960 addamus
3368 3921 3607 3976 sequen-

2020 4009 2113 4062 tia.
2136 4005 2273 4072 Quid
2300 4019 2428 4074 ergo
2443 4002 2606 4058 dicit?
2628 4003 2680 4056 7.
2695 4000 2837 4054 Dixit
2858 4009 3026 4053 autem
3041 3996 3292 4051 Dontinus
3309 3997 3377 4050 ad
3399 3997 3609 4049 Abram:

2021 4102 2134 4172 Ego
2161 4117 2274 4156 sum
2298 4099 2458 4166 Deus,
2497 4097 2582 4168 qui
2605 4096 2759 4151 eduxi
2789 4104 2836 4148 te
2874 4095 2936 4148 de
2962 4103 3098 4148 terra
3127 4092 3501 4154 Chaldaeorum,
3553 4099 3609 4142 ut

2021 4194 2196 4248 darem
2224 4191 2311 4246 tibi
2337 4200 2523 4244 terram
2573 4189 2722 4253 hanc,
2765 4195 2822 4241 ut
2865 4187 2920 4240 in
2965 4185 3291 4240 hereditatem
3327 4182 3611 4253 possideres

2021 4301 2152 4339 eam.
2187 4284 2319 4342 Vide
2347 4279 2615 4352 quomodo
2645 4280 2784 4334 Deus
2813 4293 2872 4332 se
2917 4276 3166 4330 humanae
3195 4273 3492 4329 inﬁrmitati
3517 4283 3603 4328 at-

2021 4382 2298 4445 temperet,
2328 4370 2596 4442 quomodo
2624 4369 2780 4424 fidem
2806 4369 2946 4423 illius
2971 4367 3322 4422 corroborare
3352 4365 3498 4430 velit,
3527 4367 3612 4419 ei-

2020 4485 2124 4540 que
2149 4466 2469 4538 persuadere
2493 4473 2548 4518 ut
2563 4463 2631 4518 de
2647 4463 2710 4518 iis
2724 4477 2841 4531 quae
2857 4461 3117 4532 promissa
3143 4457 3356 4513 fuerant
3382 4457 3602 4511 minime

2019 4561 2222 4616 dubitet
2244 4577 2258 4613 :
2277 4557 2424 4628 quasi
2451 4556 2688 4611 diceret:
2717 4555 2918 4608 Memor
2937 4563 3071 4617 esto,
3095 4567 3180 4606 tne
3202 4567 3233 4605 a
3257 4551 3415 4605 domo
3444 4559 3531 4604 tua
3561 4558 3612 4603 te

2019 4652 2342 4709 evocavisse.
2365 4648 2523 4704 Certe
2542 4663 2660 4719 qua:
2678 4663 2708 4701 a
2736 4649 2957 4702 Domino
2979 4647 3087 4700 Deo
3107 4645 3353 4700 dicuntur
3369 4657 3607 4698 consona

2020 4753 2144 4800 sunt
2168 4741 2307 4798 beati
2328 4741 2581 4810 Stephani
2601 4740 2775 4802 dictis,
2804 4739 2892 4808 qui
2909 4748 2964 4792 et
2983 4738 3051 4791 de
3076 4737 3317 4797 domo,et
3345 4734 3411 4788 de
3434 4732 3609 4787 Chal-

2019 4835 2134 4890 daaa
2163 4832 2375 4888 Domini
2415 4838 2682 4902 praecepto
2709 4838 2986 4885 evocatura
3012 4842 3135 4882 eum
3164 4825 3291 4879 dicit
3320 4822 3472 4896 (Act.
3503 4824 3535 4877 7
3561 4825 3604 4896 ).

2023 4928 2092 4982 Et
2116 4928 2232 4996 ejus
2255 4925 2534 4993 sententia:
2562 4907 2894 4992 obseq‘uutus
2917 4931 3085 4989 pater,
3112 4929 3164 4973 et
3195 4925 3255 4970 ut
3279 4925 3435 4971 antea
3461 4915 3605 4970 dixi-

2022 5035 2162 5085 mus,
2188 5018 2430 5090 quamvis
2454 5017 2680 5071 inlidelis
2709 5025 2876 5080 esset,
2904 5027 3145 5082 magnam
3171 5019 3346 5064 tamen
3374 5009 3606 5064 societa-

2023 5115 2096 5170 tis
2115 5127 2331 5169 causam
2373 5111 2595 5174 habens,
2624 5122 2817 5177 nempe
2860 5106 2952 5161 ftlii
2997 5118 3259 5170 amorem,
3287 5104 3386 5158 viae
3425 5118 3610 5158 comes

2021 5205 2128 5264 fuit
2169 5213 2224 5260 et
2251 5203 2404 5259 exiit.
2439 5203 2620 5270 Itaque
2646 5201 2698 5254 in
2729 5209 2959 5252 mentem
2987 5196 3037 5251 ei
3077 5202 3293 5250 revocat
3324 5193 3425 5247 hoc
3461 5194 3602 5260 loco,

2022 5305 2272 5369 quantam
2299 5295 2366 5350 ab
2393 5293 2546 5349 initio
2575 5291 2692 5362 ejus
2716 5306 2898 5345 curam
2949 5287 3206 5358 gesserit,
3249 5286 3529 5341 declarans
3553 5286 3604 5339 ei

2023 5403 2084 5443 se
2119 5396 2176 5442 ut
2195 5401 2315 5441 eum
2343 5385 2409 5438 ad
2431 5398 2620 5452 magna
2645 5381 2981 5452 proveheret,
3003 5388 3058 5435 et
3075 5388 3151 5433 tot
3180 5379 3252 5431 illi
3284 5377 3420 5431 bona
3449 5376 3605 5446 polli-

2022 5486 2233 5532 ceretur
2257 5485 2311 5530 et
2330 5475 2592 5543 impleret,
2619 5481 2821 5527 tantum
2848 5470 3052 5526 itineris
3067 5470 3335 5524 conﬁcere
3353 5468 3599 5536 jussisse.

2023 5567 2134 5638 Ego
2156 5582 2266 5621 sum
2291 5564 2451 5632 Deus,
2477 5565 2563 5636 qui
2587 5563 2739 5618 eduxi
2763 5571 2811 5616 te
2834 5562 2897 5615 de
2919 5561 3122 5631 regione
3139 5559 3515 5622 Chaldaeorum,
3545 5566 3601 5610 ut

2021 5659 2198 5712 darem
2246 5656 2334 5710 tibi
2379 5666 2565 5710 terram
2611 5654 2763 5718 hanc,
2795 5663 2849 5706 ut
2877 5652 2928 5704 in
2965 5651 3291 5705 hereditatem
3319 5646 3601 5719 possideres

2022 5767 2154 5805 eam.
2184 5748 2321 5804 Num
2347 5757 2399 5804 te
2441 5749 2640 5818 absque
2664 5759 2824 5801 causa
2867 5744 3009 5799 illinc
3036 5741 3291 5799 evocavi?
3334 5756 3460 5794 num
3491 5739 3602 5794 fru-

2023 5853 2132 5901 stra
2158 5852 2210 5900 et
2238 5843 2292 5902 in
2331 5857 2517 5899 vanum
2547 5850 2599 5899 te
2623 5839 2767 5897 illinc
2791 5837 2992 5896 eduxi?
3013 5835 3300 5908 Propterea
3326 5850 3424 5908 ego
3451 5831 3594 5906 pra:-
