4092 6408
453 376 558 432 315

455 494 568 561 cepi
599 499 654 545 ut
685 498 735 546 te
759 491 809 543 in
834 488 1167 542 Pabestinam
1191 484 1489 548 conferres,
1518 491 1572 537 ct
1599 481 1780 535 relicta
1805 487 2025 547 paterna

458 583 620 635 domo
653 581 861 635 venires
903 579 954 632 in
1001 589 1194 632 terram
1253 576 1427 639 hanc,
1477 583 1536 627 ut
1586 572 1637 625 in
1694 569 2040 624 hereditatem

463 689 581 727 eam
612 671 930 740 possideres.
978 669 1232 738 Cogitans
1279 667 1435 735 igitur
1464 675 1657 734 quanta
1687 661 1878 715 fruaris
1928 673 2043 711 mea

447 764 818 832 ‘providentia,
850 779 912 817 ex
941 777 1006 817 eo
1047 770 1286 829 tempore
1314 775 1419 828 quo
1446 757 1750 810 Chaldaeum
1783 749 2044 820 reliquisti

467 872 634 924 usque
663 856 712 909 in
743 869 976 923 pra‘scns
999 863 1225 922 tempus.
1259 863 1310 906 et
1353 849 1620 920 quomodo
1658 846 1832 900 clarus
1863 843 1956 905 sis,
1987 857 2048 893 ac

469 961 563 1015 per
589 961 764 1000 meum
793 945 1086 998 subsidium
1119 953 1174 996 et
1224 957 1406 993 curam
1451 937 1690 1008 quotidie
1716 935 1910 988 clarior
1929 948 2053 986 eva-

469 1036 584 1097 das,
611 1035 766 1088 dictis
797 1034 929 1087 meis
959 1032 1186 1087 conﬁde.
1224 1031 1407 1084 Vidisti
1461 1030 1725 1096 ingentem
1754 1022 2054 1093 benignita-

473 1125 614 1179 tem?
643 1123 814 1177 vidisti
860 1136 1114 1192 quantum
1143 1136 1203 1175 se
1241 1129 1556 1187 attemperet
1585 1115 1764 1168 Deus?
1799 1121 2053 1182 quantum

475 1217 591 1281 ejus
620 1214 848 1267 animam
889 1213 1260 1272 eorroborare,
1289 1219 1344 1263 et
1375 1209 1529 1262 ﬁdem
1561 1206 1879 1260 confirmare
1907 1205 2054 1268 velit,

481 1319 536 1362 ut
588 1324 654 1360 ne
691 1305 908 1374 posthac
963 1304 1028 1357 ad
1072 1314 1274 1357 natura:
1323 1300 1592 1354 obstacula
1637 1306 1876 1366 spectare
1931 1309 2060 1364 pos-

478 1402 548 1454 sit
578 1417 590 1451 :
621 1399 712 1452 sed
741 1404 860 1466 ejus
895 1399 1129 1465 cogitare
1158 1395 1447 1464 potentiam
1477 1393 1562 1460 qui
1595 1389 1866 1459 promisit.
1911 1397 1964 1442 ct
1991 1388 2061 1439 ita

481 1493 702 1547 credere
731 1501 785 1545 et
824 1490 1115 1556 conlidere,
1147 1487 1298 1558 quasi
1323 1486 1432 1555 jam
1473 1485 1687 1552 impleta
1728 1487 1910 1535 essent
1937 1492 2062 1547 pro-

490 1583 671 1637 missa.

557 1672 609 1726 2.
656 1672 849 1725 Verum
873 1670 1062 1724 iterum
1085 1667 1299 1723 attende
1323 1673 1379 1721 et
1399 1663 1772 1735 patriarcham,
1800 1658 2067 1730 quomodo

492 1773 611 1832 post
641 1763 882 1815 ﬁduciam
906 1777 967 1813 ex
1000 1760 1152 1812 dictis
1181 1767 1450 1826 acceptam
1482 1756 1704 1808 certiora
1736 1753 1963 1819 inquirat
1984 1766 2072 1802 ar-

490 1863 762 1926 gumenta.
806 1856 858 1908 8.
892 1852 1032 1904 Dixit
1055 1852 1184 1905 enim
1209 1867 1227 1904 :
1261 1849 1493 1909 Domine,
1528 1846 1760 1907 Domine,
1797 1843 2070 1897 secundum

492 1946 612 2012 quid
634 1961 929 2014 cognoscam
951 1944 1149 2012 quodin
1173 1941 1492 1995 hereditatem
1513 1948 1807 2006 accepturus
1826 1937 1918 1988 sim
1939 1936 2075 1987 eam?

496 2035 727 2089 Tametsi
752 2035 1022 2102 Scriptura
1055 2035 1198 2102 prius
1221 2039 1406 2084 testata
1434 2029 1609 2089 fuerit,
1639 2044 1759 2080 enm
1785 2025 2075 2078 credidisse

497 2125 652 2179 dctis
677 2125 790 2189 Dei,
817 2134 869 2178 et
900 2124 1017 2177 ideo
1039 2131 1336 2191 reputatnm
1363 2136 1482 2174 esse
1507 2119 1555 2172 ei
1588 2120 1638 2171 in
1665 2117 1945 2186 justitiam,
1982 2130 2077 2167 ve-

500 2227 796 2272 rumtamen
820 2216 940 2286 quia
971 2216 1170 2268 audivit
1194 2233 1206 2267 :
1237 2214 1457 2282 Propter
1481 2213 1580 2265 hoc
1602 2211 1673 2264 Te
1692 2211 1844 2265 eduxi
1869 2211 1930 2262 de
1947 2221 2080 2262 terra

500 2308 758 2368 Chaideaz,
788 2320 839 2359 ut
871 2307 1043 2359 darem
1073 2307 1158 2358 tibi
1185 2319 1368 2357 terram
1411 2304 1561 2365 hanc,
1593 2313 1644 2354 ut
1674 2302 1723 2354 in
1758 2301 2078 2355 hereditate»:

506 2400 784 2468 possideres
812 2413 962 2461 eam;
991 2396 1118 2449 dicit
1147 2413 1159 2448 :
1195 2395 1286 2448 [iis
1321 2395 1530 2462 quidem
1561 2409 1676 2461 qu:e
1703 2407 1732 2444 a
1766 2402 1814 2444 te
1837 2390 2084 2444 dicuntur

508 2489 832 2560 impossibile
861 2497 944 2542 est
970 2498 1022 2541 ιιι
1047 2487 1203 2540 ﬁdem
1233 2503 1335 2540 non
1356 2485 1576 2538 habeam
1599 2500 1612 2546 ;
1635 2494 1862 2536 attamen
1889 2482 2081 2535 vellem

506 2589 562 2635 et
582 2581 793 2632 modum
821 2579 1024 2634 discere
1053 2595 1158 2648 quo
1189 2593 1303 2631 eam
1348 2577 1396 2629 in
1435 2576 1778 2630 hereditatem
1811 2589 1927 2627 sum
1963 2590 2086 2641 pth".-

507 2688 771 2727 sessnrus.
804 2671 966 2724 Video
991 2671 1130 2726 enim
1158 2685 1241 2722 me
1265 2685 1403 2722 nunc
1428 2684 1537 2738 pro;
1559 2666 1806 2720 emndum
1829 2665 1891 2717 ad
1914 2675 2093 2717 extre-

512 2781 650 2818 mam
683 2774 1008 2817 senectutem
1057 2761 1360 2831 pervenisse
1383 2801 1397 2818 .
1431 2769 1483 2812 et
1511 2774 1675 2827 usque
1703 2758 1752 2810 in
1781 2756 1920 2809 hunc
1949 2755 2088 2809 diem

510 2855 854 2908 obamlmlare
884 2854 1029 2922 quasi
1071 2867 1348 2916 erronem;
1380 2860 1432 2902 et
1462 2865 1566 2902 non
1608 2863 1820 2918 possunt
1862 2847 2091 2900 humana

515 2947 717 3000 ratione
743 2945 1144 3012 deprehendere
1169 2939 1436 3012 quomodo
1461 2942 1560 2993 hoc
1580 2941 1648 2993 sit
1669 2941 1898 2992 futurqu
1931 2955 1943 2989 :
1973 2937 2095 2990 licet

519 3039 663 3106 prius
706 3037 1022 3090 crediderim
1051 3035 1204 3088 dictis
1236 3033 1369 3095 luis,
1417 3042 1681 3099 tamquam
1714 3028 1957 3081 videlicet
1983 3042 2011 3079 a
2045 3036 2095 3080 te

522 3130 758 3198 prolatis,
789 3132 876 3197 qui
913 3138 1062 3196 potes
1090 3127 1137 3178 id
1167 3124 1308 3194 quod
1336 3140 1439 3176 non
1466 3131 1566 3188 est,
1599 3134 1649 3174 ttt
1675 3122 1760 3184 sit,
1788 3119 2020 3182 efﬁcere,
2045 3129 2098 3172 et

521 3220 696 3274 omnia
728 3221 900 3273 faeere
930 3230 981 3272 et
1013 3217 1406 3271 transformare.
1439 3215 1552 3268 Non
1589 3214 1741 3282 igitur
1776 3221 1832 3266 ut
1865 3210 2099 3266 incredu-

523 3313 604 3366 lus
630 3312 729 3363 hoc
757 3311 1045 3376 interrogo,
1091 3309 1182 3361 sed
1214 3309 1334 3376 quia
1363 3307 1551 3358 iterum
1583 3303 1709 3356 mihi
1751 3303 2097 3357 hereditatem

524 3403 764 3456 nominas
786 3443 800 3467 ,
847 3403 1090 3454 volebam
1119 3411 1174 3454 et
1199 3400 1428 3452 crassius
1466 3408 1626 3467 atque
1655 3397 1848 3450 clarius
1892 3395 2100 3464 signum

523 3495 783 3564 accipere,
811 3493 948 3562 quod
975 3493 1139 3560 possit
1164 3491 1399 3544 inlirmas
1428 3505 1572 3543 meas
1598 3489 1945 3558 cogitationes
1975 3486 2102 3539 soli-

524 3589 676 3641 dare.
702 3587 835 3655 Quid
866 3586 1022 3654 igitur
1053 3584 1225 3637 bonus
1255 3583 1544 3636 llontinus?
1574 3581 1771 3635 Morem
1807 3597 1995 3650 gerens
2023 3579 2103 3632 fa-

529 3678 674 3730 ntulo
699 3692 817 3742 suo,
862 3687 916 3730 et
948 3676 1131 3729 volens
1157 3675 1271 3743 ejus
1301 3674 1648 3728 eorroborare
1694 3672 1944 3733 animam,
1974 3686 2101 3740 quo-

529 3772 669 3824 niam
722 3770 851 3822 vidit
898 3772 1238 3822 conlitentem
1269 3783 1416 3820 suam
1449 3765 1882 3826 imbecillitatem,
1911 3773 1966 3818 et
1992 3779 2108 3816 cre-

527 3862 744 3916 dentem
770 3861 984 3930 quidem
1013 3859 1367 3928 promissioni,
1392 3858 1693 3925 cupientem
1713 3864 1888 3909 autem
1911 3854 2110 3907 certio-

528 3968 585 4006 ra
639 3951 877 4020 qna-dam
924 3959 1232 4020 argumenta
1279 3950 1540 4017 accipere,
1571 3948 1696 4002 dicit
1738 3948 1786 4000 ei
1818 3965 1831 4000 :
1865 3946 1917 4000 9.
1953 3946 2112 4000 Smne

531 4045 653 4096 mihi
678 4059 876 4096 vaccam
908 4045 1148 4095 triennem
1169 4083 1184 4108 ,
1217 4052 1260 4094 et
1289 4058 1497 4110 capram
1530 4041 1731 4093 trimam
1750 4081 1763 4103 ,
1796 4048 1842 4092 et
1881 4039 2106 4102 arietem,

530 4144 576 4188 et
607 4144 866 4197 turturem,
889 4145 932 4188 et
962 4135 1262 4186 columbam.
1296 4133 1426 4186 Vide
1453 4131 1719 4200 quomodo
1749 4145 1896 4184 more
1924 4129 2112 4182 huma-

532 4241 604 4278 no
633 4226 728 4278 init
755 4241 875 4278 cum
898 4241 962 4277 eo
990 4223 1211 4279 fmdera.
1240 4224 1694 4290 Quemadmodum
1716 4222 1857 4277 enim
1891 4236 1987 4275 nos
2017 4220 2114 4274 ho-

538 4317 726 4381 mines,
754 4316 965 4385 quando
1002 4317 1194 4386 aliquid
1225 4318 1613 4384 promittimus,
1645 4325 1697 4367 et
1725 4315 1968 4367 volumus
2005 4327 2112 4366 cer-

537 4416 645 4459 tum
675 4406 898 4460 reddere
922 4422 1040 4461 eum
1062 4408 1145 4461 cui
1175 4408 1454 4476 promissio
1477 4406 1555 4469 ﬁt,
1580 4406 1649 4458 ita
1673 4413 1728 4458 ut
1748 4404 1814 4458 de
1840 4405 2114 4474 promissis

539 4497 667 4552 nihil
695 4499 946 4567 ambigat,
979 4500 1184 4569 signum
1227 4499 1436 4568 aliquod
1463 4500 1670 4564 damus,
1694 4507 1749 4553 et
1779 4489 1964 4567 pignus
1996 4496 2068 4566 (α)
2093 4536 2108 4559 ,

538 4599 594 4641 ιιι
635 4587 701 4642 ad
746 4587 870 4641 illud
917 4598 1197 4656 spectans,
1239 4589 1376 4644 scire
1405 4599 1563 4659 queat
1609 4588 1869 4658 promissa
1899 4587 2116 4641 omnino

536 4691 789 4735 eventura
820 4698 834 4734 :
865 4680 933 4733 ita
973 4689 1028 4735 et
1064 4681 1324 4749 benignus
1362 4681 1647 4745 Dominus,
1683 4690 1956 4749 postquam
1984 4679 2119 4732 dixit

537 4771 735 4825 Abram
767 4789 778 4824 :
815 4770 1080 4838 Quomodo
1117 4770 1453 4840 cognoscam?
1491 4771 1691 4839 inquit,
1737 4770 1877 4824 Eece
1919 4779 1972 4823 et
2004 4770 2119 4824 hoc

539 4864 633 4916 tibi
666 4862 907 4932 prmbeo;
951 4863 1105 4915 Smne
1133 4862 1254 4914 mihi
1277 4877 1476 4914 vaccam
1507 4863 1746 4930 triennem
1767 4903 1780 4923 ,
1820 4872 1866 4914 et
1907 4877 2113 4931 capram

538 4954 758 5018 trimam,
788 4962 836 5007 et
860 4957 1084 5018 arietem,
1109 4962 1153 5006 et
1177 4963 1438 5017 turturem,
1470 4963 1514 5005 et
1539 4952 1839 5005 columbam.
1867 4952 2114 5016 Attende,

538 5045 784 5109 obsecro,
836 5044 886 5097 in
937 5056 1185 5114 quantam
1227 5043 1633 5097 crassitudinem
1689 5043 2117 5097 descendendum

540 5133 640 5187 sibi
669 5133 880 5188 duxerit
906 5135 1078 5189 bonus
1109 5134 1361 5188 Dominus
1383 5175 1397 5199 ,
1429 5149 1533 5203 quo
1577 5133 1927 5203 patriarcham
1973 5147 2122 5202 argn-

599 5307 679 5381 _(_a)
713 5307 794 5381 illa
815 5309 951 5374 signa
986 5310 1281 5381 et__pignmfa
1315 5311 1606 5381 vocabantur
1645 5311 1807 5381 etiam,
1837 5307 2122 5381 symbolo;

752 5370 954 5446 tesseris
975 5374 1152 5433 quibus
1189 5373 1308 5446 fides
1348 5372 1426 5444 vel
1455 5372 1746 5430 exhibenda,
1773 5371 1849 5442 vel
1868 5370 1965 5432 jam
1990 5370 2125 5420 exhi-

543 5431 642 5506 bita
665 5431 1019 5506 signiﬁcabatur
1039 5449 1050 5506 ς
1081 5443 1315 5506 erantque
1338 5436 1479 5506 signa
1491 5441 1778 5506 contractus,
1804 5431 2019 5506 iteinque
2044 5446 2125 5494 pa-

543 5495 606 5568 cti
629 5493 731 5568 vel:
750 5494 946 5568 fcpderis
985 5497 1111 5568 inter
1146 5493 1405 5557 principes,
1436 5498 1545 5568 _sive
1591 5497 1716 5568 inter
1751 5493 1977 5568 ιιοιιιιιοδΖ
1996 5493 2124 5542 Inter

543 5555 758 5618 symbols
779 5555 1049 5618 hujusmodi
1073 5555 1221 5616 ﬁgura
1245 5555 1414 5606 manus
1436 5557 1656 5610 humanm
1682 5555 1877 5607 formam
1900 5555 2127 5618 referens

547 5615 702 5687 iocum
726 5615 950 5687 habebat.
979 5615 1157 5687 Mantua
1184 5619 1783 5687 hujnstnodi_ex|ti_l_mimus
1800 5618 1922 5666 libro
1943 5616 2126 5687 (ιω-Αυ-

547 5679 770 5741 tignitatc
794 5679 1133 5741 explanatione
1155 5687 1207 5730 et
1241 5679 1566 5731 Schematibus
1585 5679 1819 5730 illustrata
1841 5687 1985 5728 't‘omo
2000 5679 2049 5739 3,
2075 5693 2122 5741 p.

547 5736 657 5787 56L

1151 372 1209 426 S.
1248 365 1526 425 JOANNIS
1561 357 2032 421 CHRYSOSTOMI
2074 355 2392 412 ARCHIEP.
2431 349 2970 410 CONSTANTINOP.

2150 474 2344 526 mentis
2387 470 2488 525 ﬁde
2514 469 2688 540 dignis
2727 466 3008 520 certiorem
3035 457 3238 514 reddat.
3283 454 3415 510 Nam
3442 452 3564 522 quia
3595 451 3721 505 olim

2147 565 2224 620 eis
2251 565 2320 618 ita
2349 580 2462 617 mos
2488 572 2602 616 erat
2633 557 2950 629 paciscendi,
2979 564 3033 608 et
3058 563 3204 620 pacta
3237 545 3500 610 ﬁrmandi,
3535 543 3653 597 ideo
3673 550 3727 594 et

2151 660 2262 727 ipse
2290 659 2367 710 via
2391 655 2489 710 hac
2514 652 2823 723 ingreditur.
2848 649 2933 704 10.
2961 646 3024 700 Et
3045 645 3256 712 accepit,
3287 641 3476 710 inquit,
3497 647 3543 691 et
3564 635 3732 688 divisit

2151 750 2280 804 eain
2310 749 2438 800 duas
2480 755 2665 814 partes.
2702 737 3105 797 Observandum
3145 751 3247 789 non
3279 733 3476 799 absque
3503 726 3732 789 ratione,

3615 335 3718 390 3M

2156 854 2327 909 neque
2367 838 2419 891 in
2465 851 2654 890 vanum
2700 834 2858 886 etiam
2909 840 3115 896 tempus
3154 821 3440 893 designari.
3481 815 3734 872 Triennia

2155 907 2296 985 enim
2326 929 2566 1004 accipere
2589 926 2747 992 jussit
2775 944 2789 980 :
2823 922 2922 975 hoc
2961 928 3070 981 est,
3119 915 3348 986 perfecta
3394 919 3448 964 et
3471 907 3737 962 absoluta.

2161 1020 2228 1074 Et
2254 1021 2420 1074 divisit
2443 1035 2502 1072 ea
2526 1017 2727 1071 induas
2766 1023 2933 1085 partes
2966 1027 2984 1065 :
3014 1020 3060 1064 et
3090 1019 3325 1069 utrasque
3350 1013 3514 1073 partes
3539 1003 3667 1052 inter
3690 1013 3743 1049 se

2163 1117 2327 1186 posuit
2369 1113 2598 1166 obversus
2621 1127 2637 1171 ;
2661 1125 2776 1162 aves
2803 1117 2969 1159 autem
2998 1119 3097 1156 non
3119 1100 3304 1152 divisit.
3333 1097 3396 1150 Et
3417 1094 3610 1149 sedens
3639 1091 3740 1142 ob-

2164 1184 2442 1266 servabat,
2471 1216 2529 1256 nt
2571 1217 2636 1256 ne
2662 1208 2879 1270 possent
2917 1196 3114 1249 divisas
3156 1201 3334 1261 partes
3361 1187 3555 1241 lzedere
3581 1184 3744 1236 advo-

2166 1301 2334 1353 lantes
2363 1311 2515 1359 aves,
2538 1305 2591 1348 et
2625 1308 2719 1361 per
2744 1300 2906 1344 totam
2929 1288 3068 1341 diem
3103 1286 3201 1337 hoc
3229 1281 3404 1334 facere
3432 1289 3742 1346 persevera-

2168 1390 2278 1444 bat.
2315 1390 2397 1442 Η.
2429 1383 2800 1438 Descenderam
2828 1388 2993 1429 autent
3032 1391 3146 1427 ares
3173 1371 3288 1424 aliw
3320 1373 3370 1421 in
3398 1382 3609 1433 corpora
3635 1379 3750 1427 qua:

2169 1482 2327 1533 divisa
2357 1487 2495 1530 erant
2522 1485 2603 1528 :et
2643 1473 2768 1525 sedit
2797 1486 2909 1522 cum
2935 1469 3003 1520 eis
3044 1466 3246 1516 Abram.
3293 1460 3375 1512 η.
3424 1458 3644 1522 Cumque
3675 1453 3753 1505 sol

2163 1573 2274 1642 jam
2301 1567 2642 1627 occumberet,
2675 1562 2821 1614 irruit
2851 1559 3052 1612 ecstasis
3083 1558 3130 1606 in
3170 1554 3374 1612 Abram,
3401 1561 3442 1600 et
3469 1564 3578 1598 ecce
3605 1547 3756 1595 timor

2175 1677 2386 1730 magnus
2409 1669 2453 1710 et
2477 1655 2759 1710 tenebrosus
2779 1651 2958 1704 invasit
2981 1665 3110 1700 eum.
3141 1645 3314 1711 Quare
3343 1650 3577 1706 tempore
3600 1650 3755 1688 occa-

2176 1769 2265 1805 sus
2309 1751 2470 1812 solis,
2511 1763 2630 1801 cum
2671 1745 2780 1814 jam
2819 1741 2883 1794 ad
2932 1751 3208 1806 vesperam
3239 1732 3578 1786 inclinaretnr
3603 1724 3760 1778 dies?

2177 1844 2308 1911 Quia
2330 1840 2574 1895 ontnibus
2603 1835 2772 1890 modis
2797 1832 3134 1886 attentiorem
3157 1823 3278 1880 enni
3301 1823 3472 1875 facere
3500 1817 3642 1880 vult;
3675 1815 3759 1868 id-

2177 1951 2244 1990 eo
2289 1931 2509 1990 ecstasis
2538 1939 2593 1985 et
2623 1929 2779 1981 timor
2818 1937 3039 1994 magnus
3090 1930 3144 1974 et
3199 1915 3509 1971 tenebrosus
3559 1907 3765 1964 invadit

2181 2044 2326 2092 eum,
2351 2034 2408 2080 ut
2432 2041 2530 2096 per
2554 2021 2730 2078 omnia
2756 2035 2872 2089 quae
2897 2019 3044 2078 fiunt,
3069 2013 3258 2068 sentiat
3280 2026 3339 2066 se
3366 2007 3547 2061 videre
3570 2005 3764 2058 Deum:

2183 2134 2304 2173 eum
2327 2117 2469 2172 enim
2496 2129 2698 2168 morem
2731 2111 2870 2164 Deus
2897 2108 3091 2178 ubique
3118 2105 3297 2158 habet.
3325 2101 3456 2155 Nam
3487 2107 3541 2151 et
3578 2105 3767 2166 postea

2185 2208 2396 2277 quando
2431 2206 2562 2261 Mosi
2609 2205 2661 2258 in
2700 2213 2881 2257 monte
2916 2201 3061 2255 Sinai
3102 2197 3322 2250 daturus
3363 2199 3476 2247 erat
3514 2189 3682 2258 legem
3712 2193 3773 2238 et

2188 2300 2455 2363 mandata,
2479 2297 2738 2361 Tenebraa,
2768 2294 2955 2364 inquit,
2985 2301 3028 2345 et
3050 2289 3214 2360 caligo
3240 2295 3363 2348 erat,
3384 2293 3428 2338 et
3450 2299 3590 2335 mons
3613 2279 3774 2349 [mni—

2188 2396 2337 2467 gubat
2364 2391 2558 2463 (Exod.
2583 2391 2668 2445 i9.
2695 2389 2804 2459 18).
2838 2389 3059 2456 Propter
3086 2385 3186 2438 hoc
3211 2390 3265 2436 et
3282 2380 3549 2447 Scriptura
3580 2374 3772 2440 inquit,

2194 2490 2290 2554 Qui
2317 2486 2475 2556 tangit
2499 2493 2711 2546 montes,
2741 2492 2786 2535 et
2810 2481 3059 2552 fumigant
3084 2474 3252 2546 (Psat.
3284 2473 3403 2526 105.
3435 2469 3552 2535 52).
3583 2467 3776 2520 Enim-

2195 2598 2320 2634 vero
2348 2581 2468 2650 quia
2522 2578 2894 2644 incorporeum
2924 2572 3103 2624 videre
3149 2583 3243 2638 per
3289 2562 3566 2619 sensibilcs
3612 2559 3780 2611 hosce

2193 2673 2375 2728 oculos
2421 2685 2528 2723 non
2563 2677 2644 2722 est
2671 2666 2954 2737 possibile,
2983 2663 3101 2716 ideo
3131 2673 3280 2713 suam
3307 2655 3462 2709 nobis
3507 2650 3778 2721 operatio-

2196 2782 2319 2820 nem
2345 2763 2647 2833 signiﬁcare
2673 2761 2802 2813 vult.
2836 2758 2995 2826 Igitur
3022 2752 3271 2824 quoniam
3301 2746 3558 2802 attonitus
3581 2753 3633 2797 et
3657 2757 3779 2810 per-

2195 2857 2373 2912 culsus
2427 2863 2544 2909 erat
2589 2853 2766 2906 animo
2807 2849 2979 2919 justus
3025 2847 3136 2909 ille,
3163 2853 3218 2898 et
3267 2843 3606 2896 concusserat
3661 2833 3786 2903 ejus

2198 2961 2431 3005 mentem
2471 2947 2648 3012 timor,
2677 2954 2731 2998 et
2768 2957 2886 3013 qum
2928 2937 3221 3007 contigerat
3261 2932 3481 2988 ecstasis
3513 2947 3526 2982 ε
3572 2927 3784 2981 Dictum

2199 3051 2304 3108 est,
2332 3039 2531 3109 inquit,
2553 3037 2615 3090 ad
2639 3051 2760 3090 eum
2792 3052 2804 3087 :
2843 3033 3048 3092 Dixisti,
3071 3025 3336 3096 quomodo
3364 3035 3701 3094 cognoscam,
3725 3027 3789 3070 et

2201 3137 2410 3202 signum
2444 3129 2653 3183 voluisti
2693 3126 2962 3194 accipere,
2997 3137 3101 3190 quo
3141 3126 3298 3189 pacto
3326 3126 3524 3170 terram
3551 3115 3683 3164 hanc
3725 3109 3788 3161 in

2206 3224 2554 3279 hereditatem
2586 3232 2927 3288 pOSSUSSllrlls
2966 3213 3058 3266 sis.
3103 3213 3239 3264 Ecce
3279 3209 3350 3263 do
3395 3207 3485 3260 tibi
3525 3205 3731 3273 signum
3768 3215 3786 3251 :

2206 3333 2392 3387 magna
2420 3317 2562 3369 enim
2591 3313 2682 3365 tibi
2713 3325 2846 3380 opus
2872 3317 2954 3362 est
2994 3306 3115 3372 ﬁde,
3163 3312 3218 3356 ut
3247 3303 3385 3355 scias
3425 3314 3512 3353 me
3535 3310 3690 3367 posse
3715 3308 3794 3349 ex

2207 3410 2497 3480 desperatis
2523 3407 2682 3461 rebus
2705 3401 2969 3473 quoslibet
3008 3401 3060 3452 in
3101 3410 3250 3464 spem
3280 3395 3473 3448 bonam
3498 3390 3789 3442 adducere.

2210 3505 2296 3560 15.
2326 3501 2394 3555 Et
2421 3501 2610 3554 dictant
2648 3506 2718 3551 est
2763 3495 2830 3547 ad
2857 3493 3042 3546 Abram
3074 3504 3092 3543 :
3120 3487 3431 3557 Cognoscens
3458 3483 3579 3536 scies
3599 3523 3613 3546 ,
3651 3479 3798 3547 quod

2210 3597 2524 3666 peregrinum
2560 3593 2653 3645 erit
2690 3604 2856 3642 semen
2895 3597 3036 3638 tuum
3062 3584 3112 3635 in
3143 3591 3274 3634 terra
3309 3595 3408 3631 non
3435 3593 3555 3637 sua,
3599 3584 3644 3627 et
3672 3575 3800 3626 red-

2209 3690 2343 3759 igent
2371 3702 2453 3740 eos
2482 3685 2533 3737 in
2561 3681 2867 3740 servitutem,
2901 3688 2946 3730 et
2977 3675 3192 3745 afﬂigant
3213 3714 3228 3736 ,
3261 3681 3304 3723 et
3332 3668 3660 3721 humiliabunt
3703 3682 3800 3718 eos

2211 3757 2358 3832 anuis
2375 3773 2772 3848 quadringentis.
2797 3770 2880 3823 Η.
2911 3765 3114 3820 Gentem
3147 3773 3314 3816 autem
3342 3761 3425 3813 cui
3450 3759 3678 3820 servient,
3701 3757 3802 3824 ju-

2213 3871 2391 3926 dicabo
2417 3886 2505 3940 ego
2525 3885 2543 3922 :
2574 3877 2742 3935 postea
2763 3873 2928 3916 autem
2950 3859 3263 3929 egredientur
3285 3855 3382 3907 huc
3405 3869 3518 3905 cum
3540 3858 3802 3920 apparatu

2214 3965 2390 4019 multo.
2417 3963 2597 4030 Magna
2621 3969 2744 4012 sunt
2772 3956 2885 4008 lucc
2913 3953 3076 4011 dicta,
3108 3960 3157 4003 et
3185 3964 3301 4016 quze
3329 3946 3566 3999 animum
3586 3940 3804 3993 virilem

2215 4054 2538 4113 desiderent,
2570 4049 2657 4119 qui
2683 4043 3044 4106 transcendat,
3073 4051 3125 4095 et
3147 4040 3280 4093 infra
3312 4052 3370 4090 se
3402 4035 3662 4102 relinquat
3692 4031 3802 4083 hu-

2216 4161 2368 4200 mana
2397 4143 2596 4196 omnia.
2633 4139 2741 4193 Nisi
2764 4137 2906 4190 enim
2930 4146 3268 4204 generosum,
3300 4127 3512 4188 fortem,
3544 4133 3598 4178 et
3623 4123 3802 4192 philo-

2218 4235 2497 4306 50phieum
2533 4232 2771 4286 animum
2808 4227 3080 4282 habuisset
3126 4221 3442 4290 patriarcha,
3472 4226 3613 4271 tanta
3645 4223 3806 4268 erant

2220 4328 2354 4392 haec,
2379 4335 2436 4379 ut
2456 4325 2767 4394 perturbare
2790 4318 3104 4389 potuissent.
3127 4315 3438 4383 Cognoscens
3458 4307 3800 4374 scies,inquit,

2217 4419 2351 4489 quod
2373 4415 2685 4486 peregrinum
2701 4412 2789 4465 erit
2809 4425 2974 4462 semen
2995 4419 3135 4459 tuum
3157 4407 3207 4458 in
3225 4415 3354 4456 terra
3375 4418 3473 4454 non
3492 4416 3602 4460 sua,
3622 4409 3666 4450 et
3683 4399 3809 4450 red-

2218 4511 2354 4582 igent
2387 4525 2469 4562 eos
2506 4508 2557 4559 in
2585 4504 2871 4560 servitutem
2891 4542 2906 4566 ,
2935 4511 2979 4553 et
3001 4498 3237 4567 afﬂigant,
3276 4504 3322 4547 et
3364 4491 3695 4544 Immit’iabunt
3722 4505 3811 4542 eos

2222 4605 2367 4658 annis
2389 4597 2786 4672 quadringentis.
2811 4592 3017 4647 Gentem
3035 4600 3200 4641 autem
3216 4587 3297 4639 cui
3317 4587 3547 4645 servient,
3559 4579 3810 4652 judicabo

2223 4713 2312 4767 ego
2336 4710 2353 4748 :
2384 4702 2495 4764 post
2520 4691 2626 4745 [nec
2646 4688 2960 4758 egredientur
2981 4685 3076 4736 huc
3099 4697 3213 4733 cum
3237 4687 3488 4748 apparatu
3513 4675 3696 4728 multo.

2293 4787 2347 4842 '5.
2385 4784 2464 4840 Ne
2487 4781 2788 4843 admireris,
2821 4777 3010 4846 inquit,
3041 4774 3266 4842 teipsum
3297 4769 3608 4839 respiciens,
3637 4776 3692 4821 et
3716 4781 3812 4821 se-

2224 4881 2368 4934 nimn
2391 4886 2561 4941 tuum,
2586 4882 2640 4928 et
2665 4872 2809 4927 Sara:
2826 4869 3154 4924 sterilitatem
3172 4875 3225 4920 et
3252 4875 3460 4918 uterum
3488 4862 3602 4931 ejus
3625 4876 3812 4914 emor-

2226 4981 2372 5024 tuum
2403 4985 2416 5020 :
2446 4977 2499 5021 et
2540 4981 2608 5020 ne
2651 4974 2803 5032 putes
2835 4973 3081 5028 magnum
3122 4954 3320 5026 aliquid
3346 4968 3466 5008 esse
3495 4951 3636 5021 quod
3663 4951 3812 5013 dixi,

2227 5059 2422 5116 Semini
2452 5069 2536 5109 tuo
2557 5056 2686 5108 dabo
2713 5065 2895 5106 terram
2920 5051 3068 5102 hanc.
3093 5047 3206 5101 Non
3229 5044 3556 5100 solumenim
3589 5041 3692 5095 hoc
3715 5042 3813 5094 tibi

2228 5151 2475 5221 praedico,
2498 5146 2592 5201 sed
2612 5145 2748 5197 addo
2775 5141 2895 5195 illud
2925 5141 3093 5209 ipsum
3124 5153 3304 5192 semen
3332 5144 3476 5188 tuum
3502 5135 3552 5185 in
3581 5132 3816 5185 alienant

2231 5255 2422 5298 terram
2465 5236 2829 5292 adethttdltllt
2860 5247 2997 5286 esse.
3031 5229 3144 5284 Non
3177 5229 3344 5292 dixit,
3388 5227 3440 5280 in
3476 5223 3771 5295 Egyptnm
3800 5265 3816 5286 ,

2229 5349 2400 5404 neque
2440 5330 2686 5386 indicavit
2734 5340 2886 5380 terrae
2928 5339 3160 5378 nomen:
3191 5321 3282 5375 sed
3313 5320 3480 5381 dixit,
3515 5318 3568 5370 In
3613 5327 3819 5369 terram

2231 5442 2336 5480 non
2359 5439 2509 5477 suam
2540 5439 2553 5474 :
2585 5430 2639 5475 et
2671 5419 2975 5472 servitutem
3013 5415 3204 5476 ferent,
3225 5421 3276 5465 et
3304 5409 3570 5463 miseriam
3600 5423 3614 5460 :
3652 5406 3816 5475 idque

2233 5535 2336 5574 non
2364 5517 2428 5570 ad
2456 5517 2614 5569 breve
2643 5523 2848 5580 tempus
2870 5552 2882 5570 ,
2928 5522 3099 5576 neque
3135 5505 3198 5559 ad
3231 5518 3518 5572 paucorum
3550 5516 3818 5552 annorum

2233 5625 2530 5673 numerum,
2561 5607 2654 5660 sed
2687 5618 2854 5672 usque
2878 5603 2942 5655 ad
2984 5600 3396 5671 quadringentos
3420 5610 3607 5648 annos.
3643 5592 3818 5645 Ultio-

2237 5720 2356 5762 nem
2384 5718 2512 5758 sane
2538 5700 2606 5755 de
2630 5699 2694 5753 iis
2721 5711 2818 5769 ego
2849 5710 3073 5760 sumam,
3105 5704 3156 5746 ct
3187 5701 3397 5762 gentem
3423 5687 3566 5741 illam
3593 5685 3820 5740 servitu.
