4092 6408
363 403 472 460 545

363 519 464 589 τὴν
497 513 870 584 Παλαιστίνην
889 509 1208 582 ἐϐουλόμην,
1237 511 1330 563 καὶ
1354 507 1682 580 ἁφεῖναιτὴν
1695 505 1956 576 πατρῷον

359 606 566 669 οἰκίαν,
586 604 681 656 καὶ
694 601 868 656 ἐλθεῖν
887 603 964 664 είς
979 601 1074 670 τὴν
1088 599 1192 668 γῆν
1205 597 1430 668 ταύτην,
1447 598 1532 650 ἴνα
1546 595 1646 666 κλη
1657 612 1774 666 ρονο
1782 595 1852 664 μή
1861 609 1958 663 σῃς

362 697 560 765 αὑτήν.
581 691 949 761 Δογιζόμενος
974 689 1156 742 τοίνυν
1175 689 1304 758 ὅσης
1324 687 1647 758 ἀπήλαυσας
1677 685 1808 753 παρ’
1823 681 1956 751 ἐμοῦ

366 784 651 856 προνοίας,
683 779 744 846 ἐξ
764 782 887 834 ὅτου
922 777 1019 850 τὴν
1053 777 1326 830 Χαλδαίαν
1353 777 1645 834 κατέλιπες
1674 772 1834 842 μέχρι
1861 771 1956 823 τοῦ

364 857 661 940 παρόντος,
697 869 793 920 καὶ
822 867 970 929 ὅπως
989 883 1056 918 πε
1067 865 1294 936 ριφανὴς
1312 865 1544 932 γέγονας
1565 859 1688 913 καθ’
1719 859 1957 927 ἑκάστην

363 957 752 1030 λαμπρότερος
798 954 1148 1024 δεικνύμενος
1191 953 1256 1006 ἐκ
1297 953 1396 1020 τῆς
1442 952 1580 1022 ἐμῆς
1618 947 1955 1018 συμμαχίας,

365 1048 464 1102 καὶ
497 1047 597 1116 τῆς
629 1045 759 1116 περὶ
793 1043 852 1096 σέ
885 1041 1235 1112 κηδεμονίας,
1275 1040 1550 1114 θάρσησον
1575 1038 1664 1090 καὶ
1690 1039 1802 1096 τοῖς
1826 1033 1955 1105 παρ’

366 1135 504 1205 ἐμοῦ
558 1133 900 1202 λεγομένοις.
949 1126 1103 1193 Εἶδες
1157 1127 1570 1199 φιλανθρωπίας
1611 1123 1954 1195 ὑπερϐολήνς

367 1221 512 1287 εἶδες
551 1221 1016 1290 συγκαταϐάσεως
1056 1217 1320 1288 μέγεθοςς
1357 1215 1472 1280 πῶς
1500 1213 1665 1268 αὑτοῦ
1709 1211 1958 1283 στηρίξαι

370 1311 623 1381 βούλεται
654 1309 754 1380 τὴν
787 1307 990 1377 ψυχήν,
1029 1306 1122 1358 καὶ
1169 1303 1522 1374 βεϐαιοτέραν
1555 1301 1718 1354 αὐτοῦ
1744 1307 1840 1370 τήν
1867 1299 1952 1352 πί-

369 1417 490 1453 στιν
518 1398 885 1472 ἐργάσασθαι,
911 1397 998 1448 ἴνα
1040 1398 1112 1464 μὴ
1147 1395 1244 1466 έχῃ
1266 1393 1450 1446 λοιπον
1474 1393 1605 1463 ὀρᾷν
1625 1390 1760 1462 πρὸς
1779 1389 1848 1442 τά
1861 1389 1960 1458 τῆς

369 1490 590 1560 φύσεως
645 1487 963 1555 κωλύματα,
1011 1485 1147 1538 ἀλλὰ
1203 1485 1299 1556 τὴν
1329 1483 1558 1553 δύναμιν
1615 1481 1812 1536 ἐννοῶν
1863 1479 1960 1533 τοῦ

371 1577 870 1646 ἐπαγγειλαμένου,
923 1574 998 1637 ὼς
1025 1573 1126 1640 ’ήδη
1152 1573 1261 1624 τῶν
1299 1572 1648 1642 ὑποσχέσεων
1677 1571 1756 1631 είς
1801 1567 1961 1641 ἔργον

372 1665 772 1734 ἐκϐεϐηκυιῶν,
806 1662 951 1715 οὕτω
984 1661 1206 1732 θαρρεῖν
1239 1659 1374 1729 ἔχῃς

447 1789 665 1860 β’.’Λλλ’
681 1789 780 1858 ὅρα
795 1785 957 1838 πάλιν
967 1783 1058 1837 τὺν
1073 1782 1435 1852 πατριάρχην,
1456 1777 1638 1848 ἐπειδὴ
1652 1777 1762 1846 παῤ
1769 1775 1963 1846 ρησίαν

371 1877 570 1931 ἐλαϐεν
607 1877 670 1928 ἐκ
700 1875 808 1927 τῶν
839 1871 1166 1944 εἰρημένων,
1189 1869 1306 1930 πῶς
1338 1867 1560 1920 πλείονα
1589 1863 1964 1935 πληροφορίαν

376 1965 646 2034 ἐπιζητεῖ.
671 1961 846 2028 Φησὶ.
870 1960 998 2032 γὰρ,
1024 1959 1296 2011 Δέσποτα
1328 1955 1525 2020 Κύριε,
1562 1951 1712 2005 κατὰ
1740 1951 1796 2004 τι
1823 1948 1969 2020 γνώ-

374 2067 558 2105 σοααι
583 2050 782 2112 τοῦτο,
812 2047 902 2100 ὅτι
925 2041 1362 2113 κληρονομήσω
1390 2039 1584 2105 αὐτήν
1606 2055 1624 2104 ;
1645 2038 1706 2092 Εί
1725 2037 1818 2092 καὶ
1837 2053 1968 2106 προ-

375 2139 619 2193 λαϐοῦσα
650 2140 685 2210 ἡ
720 2137 840 2190 θεία
882 2133 1074 2204 Γραφὴ
1108 2132 1492 2202 ἐμαρτύρησεν
1526 2127 1696 2196 αὐτῷ,
1730 2127 1812 2179 ὅτι
1845 2124 1969 2178 ἐπί-

379 2247 576 2283 στευσε
603 2231 717 2288 τοῖς
735 2224 886 2296 παρὰ
916 2222 1011 2276 τοῦ
1033 2221 1167 2274 Θεοῦ
1194 2219 1426 2290 ῥηθεῖσι,
1449 2217 1515 2270 δι’
1541 2218 1569 2270 ὃ
1595 2216 1691 2269 καὶ
1717 2213 1969 2283 ἐλογίσθη

380 2317 533 2386 αὑτῷ
572 2317 652 2378 εἰς
676 2311 1046 2380 δικαιοσύνην,
1081 2309 1196 2363 ἀλλ’
1227 2309 1376 2377 ὅμως
1397 2305 1583 2376 ἐπειδὴ
1613 2305 1864 2375 ἤκουσεν.
1889 2303 1970 2356 ὅτι

380 2406 468 2460 διὰ
488 2406 649 2458 τοῦτο
661 2402 758 2466 Ἐξ
762 2401 990 2470 ήγαγόν
1011 2413 1084 2452 σε
1109 2399 1176 2451 ἐκ
1195 2395 1640 2467 τῆςΧαλδαίας,
1662 2391 1816 2445 ὥστε
1836 2389 1974 2444 δοῦ-

381 2497 482 2548 ναί
513 2504 615 2547 σοι
653 2491 770 2557 τὴν
809 2489 916 2558 γῆν
965 2488 1208 2552 ταύτην,
1255 2480 1710 2551 κληρονομῆσαι
1753 2476 1971 2545 αὐτὴν,

384 2582 538 2652 φησί·
567 2583 682 2643 τοῖς
706 2579 804 2647 μὲν
822 2575 972 2645 παρὰ
989 2574 1082 2628 σοῦ
1102 2571 1415 2642 λεγομένοις
1449 2571 1546 2640 οὐχ
1565 2563 1676 2621 οἷόν
1698 2567 1758 2620 τέ
1783 2583 1848 2636 με
1863 2565 1976 2617 δια-

385 2667 674 2738 πιστῆσαι·
697 2665 976 2733 ἀλλ’ὅμως
992 2659 1292 2730 ἐϐουλόμην
1322 2658 1417 2711 καὶ
1432 2658 1523 2710 τὸν
1545 2655 1742 2726 τρόπον
1762 2653 1974 2723 μαθεῖν,

386 2755 505 2817 πῶς
527 2754 698 2824 αὐτὴν
735 2751 914 2822 μέλλω
949 2749 1327 2819 κληρονομεῖν.
1367 2745 1510 2816 Ὀρῶ
1537 2744 1646 2814 γὰρ
1673 2741 1770 2795 καὶ
1806 2743 1977 2812 ἐμαυ-

384 2843 476 2896 τὸν
515 2841 704 2894 λοιπὸν
757 2837 894 2908 πρὸς
935 2838 1112 2905 γῆρας
1159 2833 1478 2905 ἐληλακότα,
1529 2833 1622 2884 καὶ
1669 2830 1834 2901 μέχρι
1882 2825 1976 2880 τοῦ

387 2930 658 3000 παρόντος
689 2927 763 2989 ὡς
793 2925 999 2994 ἀλήτην
1041 2921 1272 2975 ἐνταῦθα
1317 2921 1640 2990 διἐεριιόνταιι
1671 2919 1764 2970 καὶ
1796 2916 1855 2968 οὐ
1885 2914 1978 2969 δύ-

389 3035 562 3088 ναμαι
590 3013 918 3085 ἀνθρωπίνῳ
945 3009 1194 3081 λογισμῷ
1229 3008 1554 3063 καταλαϐεῖν
1591 3006 1652 3059 τὸ
1681 3005 1938 3074 ἐσόμενον
1961 3018 1974 3032 ·

391 3109 440 3160 εἰ
469 3107 564 3158 καὶ
597 3105 680 3156 ὅτι
720 3099 1030 3172 προλαϐὼν,
1064 3098 1251 3167 φησὶν,
1278 3096 1577 3149 ἐπίστευσα
1604 3095 1717 3156 τοῖς
1750 3089 1980 3162 εἰρημέ-

389 3211 524 3258 νοις.
553 3192 649 3247 ἆτε
683 3190 748 3260 δὴ
775 3189 851 3252 ὡς
874 3187 1026 3257 παρά
1056 3185 1148 3238 σοῦ
1173 3185 1407 3255 λεχθεῖσι
1435 3181 1528 3235 τοῦ
1564 3179 1863 3250 δυναμένου
1887 3178 1979 3231 καὶ

392 3284 458 3334 ἐκ
484 3279 578 3334 τοῦ
609 3279 682 3348 μὴ
723 3277 873 3338 ὖντος
910 3276 990 3337 είς
1017 3273 1079 3326 τὸ
1109 3267 1248 3324 εἶναι
1280 3271 1643 3342 παραγαγεῖν,
1673 3267 1766 3320 καὶ
1803 3265 1980 3318 πάντα

395 3367 674 3428 ποιοῦντος
713 3364 808 3417 καὶ
855 3358 1378 3433 μετασκευάζοντος.
1413 3358 1486 3409 υύ
1520 3353 1698 3408 τοίνυν
1736 3351 1982 3407 ἀπιστῶν

393 3456 556 3510 τοῦτο
583 3452 813 3526 ἐρωτῶ·
868 3451 980 3504 ἀλλ’
1035 3447 1220 3517 ἐπειδὴ
1273 3445 1436 3498 πάλιν
1483 3445 1582 3514 τῆς
1621 3441 1983 3512 κληρονομίας

397 3545 741 3614 ὑπέμνησας,
793 3539 984 3610 ήθελον
1024 3536 1118 3590 καὶ
1161 3531 1466 3604 παχύτερόν
1510 3550 1562 3584 τι
1613 3533 1834 3600 σημεῖον
1889 3527 1983 3582 καὶ

398 3631 628 3700 ἐναργὲς
657 3627 934 3694 δέξασθαι,
969 3626 1030 3677 τὸ
1080 3621 1375 3691 δυνάμενόν
1409 3636 1509 3690 μου
1558 3618 1665 3670 τῶν
1709 3615 1984 3687 λογισμῶν

398 3721 496 3792 τὴν
527 3718 812 3774 ἀσθένειαν
833 3711 1162 3786 ἐπιρρῶσαι.
1190 3709 1254 3760 Τί
1279 3703 1370 3762 οὖν
1392 3709 1419 3760 6
1447 3705 1648 3774 ἀγαθὸς
1676 3703 1982 3792 δεσπότης

401 3791 861 3876 Συγκαταϐαίνων
885 3800 962 3872 τῷ
989 3798 1172 3868 οἰκείῳ
1191 3797 1500 3868 θεράποντι,
1535 3793 1630 3846 καὶ
1666 3791 1985 3860 βουλόμενος

401 3895 568 3950 αὐτοῦ
592 3891 865 3964 νευρῶσαι
888 3887 984 3959 τὴν
1011 3886 1211 3957 ψυχὴν,
1239 3881 1426 3954 ἐπειδὴ
1455 3876 1594 3934 εἶδεν
1619 3878 1986 3949 ὁμολογοῦντα

399 4002 502 4056 την
531 3981 740 4035 οἰκείαν
782 3977 1087 4037 ἀσθένειαν,
1126 3975 1218 4025 καὶ
1269 3969 1594 4024 πιστεύοντα
1629 3969 1726 4037 μέν
1757 3969 1822 4036 τῇ
1854 3966 1987 4018 ὑπο-

405 4053 612 4142 σχέσει,
660 4065 982 4136 βουλόμενον
1032 4061 1088 4114 δέ
1129 4058 1499 4130 πληροφορίαν
1549 4056 1673 4142 τινὰ
1709 4053 1985 4118 δέξασθαι,

406 4141 481 4231 φη
489 4161 542 4212 σῖ
555 4163 689 4228 πρὸς
703 4154 884 4208 αὐτόν·
905 4149 1060 4206 Λάϐε
1070 4167 1170 4219 μοι
1181 4147 1437 4216 δάμαλιν
1451 4161 1603 4213 τριετ
1611 4141 1874 4204 ίζὶιυσαν,
1891 4141 1988 4196 καὶ

405 4230 546 4315 αἶγα
561 4241 984 4311 τριετίζουσαν,
1007 4237 1105 4290 καί
1129 4235 1320 4304 κριὸν,
1336 4233 1434 4287 καὶ
1465 4232 1742 4300 τρυγόνα,
1761 4230 1856 4282 καί
1887 4245 1989 4281 πε-

403 4328 866 4404 ριστεράν.”ορα
895 4325 1012 4388 πῶς
1031 4321 1390 4393 ἀνθρωπίνως
1412 4322 1645 4371 ποιεῖται
1668 4318 1805 4388 πρὸς
1829 4316 1990 4368 αὑτὸν

595 4417 694 4481 τὰς
727 4414 1020 4483 συνθήκας.
1070 4409 1335 4479 Καθάπερ
1375 4408 1484 4478 γὰρ
1524 4407 1618 4459 ἐπὶ
1645 4405 1755 4458 τῶν
1782 4401 1993 4474 ἀνθρὼ-

413 4489 564 4562 πωνξ
597 4505 724 4558 ὅταν
759 4501 866 4554 τινί
900 4496 1284 4568 ὑποσχώμεθα,
1327 4493 1638 4565 βουλόμενοι
1689 4494 1869 4544 πεῖσαι
1902 4489 1992 4543 τὸν

413 4595 510 4665 τὴν
539 4593 832 4662 ὑπόσχεσιν
854 4585 1160 4658 δεχόμενον,
1198 4583 1337 4636 ὥστε
1373 4581 1448 4651 μὴ
1479 4579 1842 4651 ἀμφιϐάλλειν
1866 4577 1994 4648 περὶ

414 4683 524 4737 τῶν
549 4678 994 4749 ἐπαγγελθέντων
1019 4717 1034 4740 ,
1076 4673 1300 4742 σημεῖόν
1329 4688 1383 4723 τι
1424 4669 1736 4740 παρέχομεν
1759 4668 1852 4722 καὶ
1880 4667 1994 4720 ἐνέ-

414 4787 602 4842 χυρον,
645 4768 733 4822 ἵνα
764 4766 899 4836 προς
927 4765 1102 4816 ἐκεῖνο
1131 4759 1274 4830 ὁρῶν
1301 4757 1494 4810 εἰδέναι
1523 4755 1641 4828 ἔχῃ,
1671 4753 1746 4842 ῶς
1778 4753 1994 4816 πάντως

416 4861 498 4921 είς
530 4857 690 4928 ἔργον
724 4853 1016 4922 ἐκϐήσεται
1063 4849 1131 4902 τά
1177 4843 1590 4928 ἐπηγγελμένα·
1625 4841 1767 4895 οὕτω
1824 4841 1920 4894 καὶ
1949 4841 1998 4928 Δὁ

419 4925 804 5015 φιλάνθρωπος
842 4937 1141 5007 Δεσπότης,
1177 4931 1360 5003 ἐπειδὴ
1395 4927 1534 4994 εἷπε,
1576 4929 1734 4984 Κατὰ
1764 4929 1820 5015 τί
1853 4925 2000 4997 γνὼ-

419 5013 636 5101 σομαιξ
665 5028 820 5098 φησὶ,
857 5025 989 5078 Ἰδοὺ
1018 5023 1112 5075 καὶ
1136 5020 1292 5073 τοῦτό
1327 5035 1407 5070 σοι
1435 5018 1692 5088 παρέχω·
1721 5013 1876 5070 Λάϐε
1898 5031 2000 5085 μοι

420 5119 684 5189 δάμαλιν
709 5111 1133 5184 τριετίζουσαν,
1167 5107 1264 5161 καὶ
1291 5103 1428 5176 αἶγα
1457 5103 1879 5174 τριετίζουσαν,
1901 5101 1999 5155 καὶ

421 5185 611 5276 κριὸν,
641 5204 743 5258 καί
775 5200 1052 5270 τρυγόνα,
1096 5197 1193 5250 καὶ
1250 5193 1624 5262 περιστεράν.
1664 5185 1772 5245 Θέά
1809 5207 1897 5262 μοι
1923 5192 2003 5254 είς

424 5297 602 5365 πόσην
653 5289 940 5362 παχύτητα
993 5284 1269 5340 κατελθεῖν
1317 5281 1672 5351 καταδέχεται
1720 5280 1749 5332 6
1799 5278 2004 5347 ἀγαθὸς

423 5379 704 5450 Δεσπότης
766 5374 856 5430 διὰ
906 5373 1006 5444 τὴν
1069 5368 1438 5442 πληροφορίαν
1481 5366 1576 5420 τοῦ
1642 5367 2002 5438 πατριάρχου.

439 5467 660 5538 Ἐπειδὴ
691 5466 799 5535 γάρ
837 5463 898 5516 τὸ
929 5459 1155 5515 παλαιὸν
1197 5457 1370 5521 οὓτως
1413 5453 1481 5528 ἦν
1513 5457 1697 5519 αὐτοῖς
1731 5455 1851 5518 έθος
1883 5472 2008 5508 συν-

429 5559 602 5629 θήκας
632 5552 924 5615 ποιεῖσθαι,
943 5549 1038 5603 καὶ
1063 5545 1150 5600 διὰ
1170 5545 1374 5599 τούτων
1397 5544 1565 5607 αὐτὰς
1592 5543 1864 5614 βεϐαιοῦν,
1885 5542 2011 5595 ταύ-

427 5664 530 5718 την
555 5645 648 5700 καὶ
675 5643 834 5706 αὐτὸς
857 5641 1075 5713 ἔρχεται
1096 5637 1194 5709 τὴν
1209 5635 1351 5694 ὁδόν.
1379 5633 1491 5690 Καὶ
1517 5633 1719 5702 ἔλαϐε,
1737 5632 1891 5704 φησι,
1909 5630 2010 5686 καὶ

499 5819 522 5846 ⁸
543 5827 683 5877 Unus
706 5821 953 5885 παριόντα.

1355 394 1423 448 ΙΝ
1465 393 1616 448 CAP.
1657 392 1749 447 XV
1789 389 2034 446 GENER.
2075 385 2306 442 HOMIL.
2353 385 2610 444 XXXVII.

3527 379 3635 435 ειι

2059 501 2282 555 διεῖλεν
2311 499 2462 554 αὐτὰ
2499 501 2679 570 μέσα.
2719 494 3148 568 Παρατηρητέον
3180 491 3298 556 πῶς
3347 491 3410 546 ού
3461 493 3638 562 μάτην

2055 589 2175 641 οὐδὲ
2213 589 2335 658 εἰκῆ
2373 589 2468 640 καὶ
2506 589 2598 642 τὸν
2636 587 2826 658 χρόνον
2855 586 3260 654 ἐπεσημήνατο.
3293 580 3642 652 Τριετίζοντα

2057 675 2164 744 γάρ
2196 675 2382 727 λαϐεῖν
2401 673 2718 744 προσέταξε,
2746 671 2890 724 τοῦτ’
2909 673 3046 732 ἐστι,
3071 671 3272 732 τέλεια,
3295 665 3644 739 ἀπηρτισμέ-

2057 779 2144 816 να.
2175 762 2284 816 Καί
2303 761 2525 815 διεῖλεν
2547 762 2698 814 αὐτὰ
2716 763 2898 830 μέσα,
2935 758 3033 811 καὶ
3056 758 3272 825 ἔθηκεν
3293 755 3450 810 αὐτὰ
3475 755 3644 808 ἀντι-

2059 851 2352 917 πρόσωπα
2381 850 2709 916 ἀλλήλοιςο
2747 849 2819 902 τὰ
2859 847 2934 915 δὴ
2973 847 3151 914 ὄρνεα
3177 843 3501 898 οὺιδιεῖλε.
3535 842 3646 895 Καὶ

2060 937 2423 1008 καθεζόμενος
2462 938 2740 1008 ἐπετήρει,
2779 936 2918 988 ὥστε
2947 936 3020 1006 μὴ
3054 932 3402 1004 λυμήνασθαι
3423 933 3535 992 τοῖς
3567 930 3646 982 δι-

2057 1027 2260 1096 χοτομή
2269 1043 2402 1096 μασι
2421 1027 2490 1080 τὰ
2511 1026 2855 1095 ἐφιπτάμενα
2874 1024 3060 1094 ὄρνεα,
3083 1022 3179 1075 καὶ
3204 1021 3293 1073 διὰ
3315 1020 3494 1086 πάσης
3519 1018 3648 1088 ἠμέ-

2053 1131 2162 1184 -ρας
2203 1113 2364 1166 τοῦτο
2417 1115 2588 1166 ποιῶν
2619 1113 2864 1166 διετέλει.
2913 1109 3140 1177 Κατέϐη
3171 1109 3238 1162 δὲ
3271 1107 3444 1174 ἕτερα
3471 1106 3650 1172 ὄρνεα

2055 1201 2155 1255 ἐπὶ
2187 1203 2260 1256 τὰ
2284 1202 2532 1271 σώματα
2565 1202 2638 1256 τὰ
2658 1198 3124 1269 διχοτομηθένντα
3143 1198 3192 1261 ι’,
3214 1196 3312 1250 καὶ
3327 1194 3650 1248 συνεκάθι-

2057 1307 2172 1344 σεν
2192 1290 2399 1356 αὐτοῖς
2427 1292 2663 1359 Ἀϐραμ.
2689 1289 2827 1356 Περὶ
2861 1287 2930 1341 δὲ
2957 1287 3142 1352 ἡλίου
3169 1283 3408 1353 δυσμὰς
3433 1282 3651 1334 ἐκστα-

2057 1394 2160 1444 σις
2201 1378 2466 1432 ἐπέπεσε
2509 1378 2588 1444 τῷ
2631 1380 2870 1446 Ἅϐραμ,
2915 1376 3013 1430 καὶ
3055 1373 3184 1428 ίδοὺ
3227 1373 3412 1442 φόϐος
3458 1374 3651 1440 μέγας

2059 1467 2160 1522 καὶ
2193 1467 2508 1532 σκοτεινὸς
2535 1467 2836 1519 ἐπιπίπτει
2871 1461 3052 1527 αὐτῷ.
3095 1461 3254 1522 Τίνος
3296 1459 3482 1514 ἕνεκεν
3522 1457 3652 1528 ’περὶ

2059 1555 2210 1624 ἡλίου
2264 1554 2494 1624 δυσμάς,
2541 1554 2628 1606 ὅτε
2673 1549 2856 1606 λοιπὸν
2910 1550 3046 1624 πρὸς
3092 1548 3332 1617 ἑσπέραν
3367 1549 3400 1617 ή
3431 1545 3648 1616 ἡμέρας

2060 1645 2160 1697 Διά
2188 1645 2408 1698 πάντων
2452 1635 2957 1714 προσεκτικώτερον
3003 1641 3166 1694 αὐτόν
3197 1638 3446 1707 βούλεται
3480 1635 3650 1705 ἐργά-

2063 1731 2292 1784 σασθαι·
2337 1731 2428 1786 διά
2479 1730 2638 1784 τοῦτο
2698 1730 2791 1784 καὶ
2831 1729 3089 1791 ἔκστασις
3130 1727 3225 1780 καί¹
3270 1727 3434 1795 φόϐος
3483 1725 3654 1794 μέγας

2061 1820 2158 1872 καὶ
2193 1821 2463 1882 σκοτεινὸς
2487 1819 2774 1872 ἐπιπίπτει
2805 1817 2970 1888 αὐτῷ,
2999 1815 3085 1868 ἵνα
3113 1816 3200 1868 διὰ
3221 1815 3332 1867 τῶν
3354 1814 3653 1883 γινομένων

2062 1907 2144 1970 είς
2176 1906 2428 1975 αἴσθησιν
2455 1904 2583 1978 ἔλθῃ
2613 1905 2712 1974 τῆς
2757 1903 2850 1957 τοῦ
2883 1901 3016 1956 Θεοῦ
3047 1902 3338 1965 ὀπτασίας·
3374 1899 3518 1953 οὕτω
3546 1899 3655 1969 γάρ

2064 1992 2322 2046 ἑκάστοτε
2361 1993 2439 2062 τῷ
2482 1992 2600 2062 Θεῷ
2632 1994 2804 2044 ποιεῖν
2838 1991 2978 2053 ἔθος.
3019 1991 3122 2042 Καῒ
3169 1989 3278 2060 γὰρ
3318 1988 3479 2058 ἡνίκα
3518 1989 3656 2058 μετὰ

2063 2081 2236 2136 ταῦτα
2263 2081 2342 2152 τῷ
2374 2082 2581 2151 Μωῦσῇ
2629 2081 2686 2133 ἐν
2724 2077 2802 2148 τῷ
2834 2077 3032 2147 Σιναίῳ
3073 2077 3187 2148 δρει
3223 2075 3413 2146 ἔμελλε
3458 2075 3656 2128 διδόναι

2065 2169 2156 2223 τὸν
2179 2170 2342 2240 νόμον
2364 2169 2458 2220 καὶ
2477 2168 2576 2230 τὰς
2602 2165 2842 2229 ἐντολὰς,
2868 2165 3110 2228 Σκότος.
3134 2164 3288 2233 φησὶ,
3317 2161 3414 2215 καὶ
3431 2163 3657 2216 θύελλα

2066 2253 2165 2326 ἦν,
2196 2259 2298 2311 καὶ
2329 2257 2392 2308 τὸ
2421 2255 2558 2322 ὅρος
2593 2253 2895 2313 καπνίζων.
2925 2254 3025 2304 Διά
3063 2251 3224 2306 τοῦτο
3263 2251 3356 2305 καὶ
3391 2254 3423 2321 ἡ
3463 2251 3655 2322 Γραφή

2069 2363 2256 2418 φησιν,
2286 2346 2349 2397 '0
2379 2345 2714 2412 ἁπτόμενος
2739 2341 2856 2395 τῶν
2889 2339 3093 2408 ὀρέων,
3123 2339 3224 2392 καὶ
3248 2337 3654 2398 καπνίζονται.

2081 2433 2298 2504 Ἐπειδὴ
2335 2431 2445 2502 γὰρ
2476 2432 2584 2484 τῶν
2621 2429 2930 2500 ἀσωμάτων
2973 2447 3024 2480 τι
3062 2427 3186 2482 ἰδεῖν
3224 2428 3322 2496 οὐχ
3347 2422 3456 2480 οἷόν
3479 2443 3534 2479 τε
3571 2425 3659 2479 διὰ

2067 2523 2177 2574 τῶν
2213 2519 2489 2590 αἰσθητῶν
2531 2518 2737 2571 τούτων
2785 2516 3103 2588 ὀφθαλμῶν,
3159 2515 3255 2586 τὴν
3289 2514 3496 2567 οἰκείαν
3525 2513 3659 2583 ἡμῖν

2071 2609 2351 2680 ἐνέργειαν
2395 2608 2636 2677 σημᾶναι
2699 2605 2968 2675 βούλεται.
3015 2603 3232 2674 Ἐπειδὴ
3269 2601 3447 2656 τοίνυν
3499 2617 3660 2654 κατε-

2072 2699 2257 2770 πλάγη
2287 2701 2316 2752 6
2347 2699 2554 2760 δίκαιος
2604 2694 2830 2758 ἐκεῖνος,
2869 2697 2962 2747 καὶ
3011 2694 3329 2747 κατέσεισεν
3361 2691 3530 2745 αὐτοῦ
3559 2691 3660 2761 τὴν

2071 2790 2312 2843 διάνοιαν
2337 2791 2364 2842 6
2384 2789 2566 2857 φόϐος,
2595 2789 2686 2840 καὶ
2711 2789 2743 2857 ή
2766 2787 3108 2856 γεγενημένη
3133 2783 3416 2845 ἔκστασις,
3436 2781 3658 2854 ἐρρέθη,

2074 2877 2227 2948 φησὶ,
2253 2876 2387 2946 πρὸς
2409 2867 2792 2936 αύτόν·Εἷπες,
2817 2873 2970 2943 φησὶ,
2995 2872 3148 2925 Κατά
3169 2871 3218 2923 τί
3235 2869 3515 2938 γνώσομαι
3532 2885 3546 2932 ;
3565 2870 3662 2920 καὶ

2076 2967 2298 3035 σημεῖον
2339 2959 2638 3034 ἐϐουλήθης
2671 2961 2879 3023 λαϐεῖν,
2913 2959 3028 3022 πῶς
3073 2958 3286 3028 μέλλεις
3307 2955 3663 3027 κληρονομεῖν

2073 3053 2172 3124 τὴν
2205 3053 2331 3122 γῆν.
2377 3051 2508 3104 Ἰδοὺ
2547 3049 2739 3120 δίδωμί
2780 3066 2862 3101 σοι
2897 3051 3122 3118 σημεῖον
3147 3063 3162 3076 ·
3215 3045 3415 3115 πολλῆς
3443 3043 3554 3116 γὰρ
3581 3045 3664 3096 δεῖ

2077 3159 2136 3194 σε
2170 3141 2266 3210 τῆς
2294 3139 2550 3201 πίστεως,
2584 3138 2670 3190 ἵνα
2715 3137 2912 3208 μάθῃς,
2962 3137 3044 3188 ὅτι
3085 3134 3179 3188 καὶ
3217 3133 3274 3198 ἐξ
3303 3133 3664 3202 ἀπεγνωσμέ-

2075 3246 2182 3284 νων
2203 3229 2438 3298 δύναμαι
2461 3228 2528 3280 τὰ
2553 3225 2854 3296 πράγματα
2887 3225 2966 3286 είς
2993 3223 3236 3292 χρηστὰς
3263 3219 3490 3282 ἐλπίδας
3521 3219 3662 3287 ἀγα-

2076 3319 2215 3384 γεῖν.
2245 3317 2356 3370 Καὶ
2393 3314 2601 3384 ἐρρέθη
2629 3314 2779 3380 πρὸς
2811 3314 3054 3382 Ἀϐραμυ
3090 3308 3416 3364 Γινώσκων
3435 3305 3664 3376 γνώσῃ.

2077 3404 2166 3457 ὅτι
2189 3403 2483 3472 πάροικον
2501 3404 2673 3457 ἔσται
2699 3403 2763 3455 τὸ
2779 3406 3022 3469 σπέρμα
3051 3416 3168 3452 σου
3187 3398 3257 3450 ἐν
3278 3395 3356 3467 γῇ
3385 3397 3498 3450 οὐκ
3521 3393 3664 3461 ίδίςι,

2078 3493 2175 3546 καὶ
2199 3493 2624 3548 δουλώσουσιν
2647 3492 2892 3556 αὐτοὺς,
2915 3488 3013 3543 καί
3037 3488 3410 3553 κακώσουσι,
3437 3485 3536 3539 καί
3563 3503 3667 3538 τα-

2079 3579 2490 3634 πεινώσουσιν
2518 3581 2622 3647 ἐτη
2647 3580 3026 3646 τετρακόσια.
3067 3577 3136 3630 T6
3159 3571 3228 3628 δὲ
3259 3574 3456 3640 ἔθνος,
3489 3565 3538 3640 ᾧ
3558 3574 3670 3626 ἐὰν

2079 3669 2477 3733 δουλεύσωσι,
2513 3666 2694 3736 κρινῶ
2718 3666 2832 3736 ἐγώ
2863 3682 2877 3696 ·
2903 3664 3057 3734 μετὰ
3099 3663 3169 3717 δὲ
3203 3663 3392 3717 ταῦτα
3423 3662 3668 3727 ἐξελεύ-

2081 3771 2295 3810 σονται
2327 3755 2443 3810 ὧδε
2477 3755 2630 3825 μετὰ
2661 3752 3011 3821 ἀποσκευῆς
3055 3750 3314 3818 πολλῆς.
3341 3751 3571 3819 Μεγάλα
3601 3749 3669 3804 τὰ

2083 3845 2372 3916 εἰρημένα,
2427 3847 2522 3898 καὶ
2575 3844 2722 3917 [576]
2764 3843 2945 3913 ψυχῆς
2991 3840 3246 3910 νεανικῆς
3280 3840 3528 3910 δεόμενα,
3573 3839 3670 3892 καὶ

2084 3933 2624 4006 ὑπεραναϐαινούσης
2660 3933 2753 3986 καὶ
2785 3930 3038 4001 ἀφιείσης
3071 3928 3226 3982 κάτω
3260 3929 3436 3981 πάντα
3468 3927 3540 3980 τὰ
3568 3929 3665 3981 άν-

2084 4019 2353 4092 θρὼπινα.
2383 4021 2446 4073 Εἰ
2479 4019 2553 4090 μὴ
2573 4020 2681 4092 γὰρ
2707 4017 2961 4088 γενναίαν
2987 4017 3110 4074 τινὰ
3155 4015 3250 4069 καὶ
3272 4013 3545 4086 ἀνδρείαν,
3574 4014 3670 4067 καὶ

2085 4109 2370 4178 φιλόσοφον
2405 4103 2520 4178 εἶχε
2563 4106 2740 4178 ψυχὴν
2771 4106 2800 4158 6
2834 4104 3202 4176 πατριάρχης,
3235 4102 3409 4156 ταῦτα
3443 4101 3539 4156 καὶ
3582 4101 3670 4154 θο-

2087 4195 2320 4265 ρυϐῆσαι
2376 4195 2535 4248 αὐτὸν
2609 4192 2770 4247 ἰκανά
2817 4187 2905 4264 ἦν.
2951 4190 3277 4245 Γινώσκων
3312 4189 3444 4260 γὰρ,
3499 4189 3672 4260 φησὶ,

2085 4283 2312 4354 γνώσῃ,
2345 4282 2435 4337 ὅτι
2466 4282 2756 4350 πάροικον
2786 4281 2959 4336 ἐσται
2983 4280 3047 4334 τὸ
3081 4278 3319 4348 σπέρμα
3347 4291 3464 4331 σου
3500 4276 3572 4329 ἐν
3593 4275 3671 4346 τῇ

2086 4374 2199 4426 οὐκ
2231 4371 2372 4439 ἰδίᾳ,
2424 4371 2522 4424 καὶ
2557 4368 2966 4434 δουυίώσουσι,
3010 4367 3108 4422 καὶ
3163 4368 3528 4430 κακῶσουσι,
3571 4365 3676 4418 καὶ

2089 4457 2569 4512 ταπεινώσουσιν
2611 4457 2834 4522 αὐτοὺς
2881 4455 2987 4526 ἔτη
3043 4453 3417 4522 τετρακόσια.
3475 4457 3544 4506 T6
3605 4453 3674 4506 δὲ

2089 4547 2284 4613 ἔθνος,
2317 4539 2365 4612 ᾧ
2402 4546 2511 4599 ἐὰν
2554 4545 2955 4607 δουλεύσωσι,
2996 4541 3176 4611 κρινῶ
3219 4539 3333 4611 ἐγώ
3355 4557 3366 4570 ·
3411 4541 3564 4610 μετὰ
3605 4539 3680 4593 δὲ·

2088 4637 2275 4690 ταῦτα
2296 4633 2722 4700 ἐξελεύσονται
2737 4626 2855 4686 ὦδε
2863 4632 3015 4704 μετὰ
3031 4628 3386 4698 ἀποσκευῆς
3408 4628 3671 4698 πολλῆς.

2159 4766 2230 4830 γ’.
2250 4759 2342 4831 Μὴ
2379 4757 2690 4828 θαυμάσῃς,
2723 4756 2886 4826 φησὶ,
2914 4755 3050 4826 πρὸς
3067 4753 3260 4807 ἑαυτὸν
3279 4753 3421 4824 ὁρῶν
3439 4791 3456 4818 ,
3477 4751 3572 4805 καὶ
3614 4752 3684 4805 τὸ

2091 4851 2271 4920 γῆρας
2305 4849 2364 4903 τὸ
2391 4850 2504 4910 σὺν,
2537 4849 2632 4902 καὶ
2651 4846 2749 4918 τὴν
2777 4847 2876 4916 τῆς
2907 4846 3088 4915 Σάρας
3119 4842 3423 4915 στείρωσιν,
3451 4843 3542 4895 καὶ
3570 4841 3678 4912 τὴν

2093 4939 2196 5008 τῆς
2235 4938 2447 5008 μήτρας
2469 4936 2759 5007 νέκρωσιν,
2785 4935 2880 4988 καὶ
2915 4931 3143 5003 νομίσῃς
3171 4947 3237 5000 με
3271 4929 3412 5000 μέγα
3446 4946 3498 4982 τι
3527 4929 3684 4998 εἰρη-

2095 5026 2270 5090 κέναι,
2303 5026 2386 5078 ὅτι
2411 5019 2563 5077 εἶπον
2586 5041 2600 5054 ·
2637 5021 2720 5088 Τῷ
2747 5019 3044 5090 σπέρματι
3069 5033 3187 5071 σου
3221 5016 3394 5071 δώσω
3423 5015 3536 5084 τὴν
3561 5016 3680 5084 γῆν

2097 5115 2344 5182 ταύτην.
2379 5112 2454 5165 Οὐ
2498 5111 2654 5182 μόνον
2689 5109 2800 5180 γὰρ
2830 5107 2990 5162 τοῦτό
3033 5124 3114 5160 σοι
3138 5106 3414 5178 προλέγω,
3447 5103 3562 5158 ἀλλ’
3594 5103 3685 5156 ὅτι

2097 5202 2192 5256 καὶ
2229 5199 2361 5255 αὐτὸ
2388 5197 2449 5252 τὸ
2493 5198 2714 5269 σπέρμα
2751 5214 2846 5249 σου
2887 5197 2967 5258 είς
3007 5194 3295 5265 ἀλλοτρίαν
3333 5193 3438 5262 γῆν
3483 5193 3680 5246 ἀπενε-

2098 5289 2381 5360 χθήσεται.
2412 5287 2524 5342 Καὶ
2545 5287 2646 5339 οὐκ
2667 5280 2840 5346 εἶπεν,
2873 5286 2953 5348 είς
2974 5284 3268 5352 Αἴγυπτον,
3286 5281 3406 5335 οὐδὲ
3428 5280 3682 5349 ὠνόμασε

2099 5379 2200 5447 τῆς
2227 5378 2330 5448 γῆς
2361 5375 2458 5447 τὴν
2500 5373 2904 5447 προσηγορίαν,
2939 5372 3075 5427 ἀλλά
3107 5387 3292 5442 φησιν,
3317 5370 3422 5421 Ἐν
3463 5367 3542 5437 τῇ
3568 5367 3683 5419 οὐκ

2105 5467 2227 5534 ὶδιᾳ
2244 5485 2259 5499 -
2291 5469 2386 5521 καὶ
2413 5466 2654 5522 δουλείαν
2681 5462 3011 5536 ὑπομενοῦσι
3033 5462 3129 5515 καὶ
3161 5457 3558 5530 ταλαιπωρίαν,
3586 5456 3682 5510 καὶ

2103 5557 2450 5629 ὀδυνήσονται
2487 5557 2548 5610 οὐ
2587 5555 2722 5628 πρὸς
2754 5553 2960 5626 βραχὺν
2989 5551 3202 5623 χρόνον,
3225 5549 3347 5603 οὐδὲ
3391 5547 3527 5618 πρὸς
3565 5545 3683 5599 ὀλί-

2169 5745 2200 5786 b
2221 5745 2274 5795 In
2295 5745 2472 5824 Bibjiis
2494 5713 2674 5797 om
2694 5743 2872 5802 κατέϐη
2896 5742 2948 5791 δὲ
2967 5741 3104 5805 ὄρνεα
3127 5739 3166 5789 ε.
3189 5755 3234 5790 τ.
3261 5753 3332 5800 σ.,
3347 5736 3407 5786 τὰ
3429 5735 3686 5800 διχοτομή-

2115 5825 2242 5872 ματα
2270 5825 2444 5860 mm.
