4092 6408
496 351 608 410 545

493 484 606 534 γων
641 462 776 518 ἐτῶν
817 460 1084 532 ἀριθμὸν,
1128 461 1262 515 ἀλλά
1298 462 1459 532 μέχρι
1503 463 1868 532 τετρακοσίων
1917 459 2073 514 ἐτῶν.

493 562 604 632 Τὴν
639 561 822 631 μέντοι
862 557 1102 610 ἐκδικίαν
1153 557 1332 611 αὐτῶν
1381 557 1490 625 ἐγὼ
1526 561 1842 627 ποιήσομαι,
1886 560 1981 612 καὶ
2020 559 2082 612 τὸ

492 652 646 714 ἔθνος
692 651 869 703 ἐκεῖνο
905 649 968 700 τὸ
1012 649 1553 720 καταδουλωσόμενον
1589 650 1698 717 ἐγὼ
1732 651 1904 721 κρινῶ
1930 693 1943 716 ,
1987 653 2082 706 καὶ

491 742 664 804 οὕτως
711 741 909 803 αὑτοὺς
959 741 1099 810 μετά
1141 740 1340 810 πολλῆς
1390 741 1705 811 ἀποσκευῆς
1753 743 2081 795 ἐπανελθεῖν

491 833 725 888 ἐνταῦθα
756 834 967 904 ποιήσω
991 849 1004 863 ·
1040 833 1176 903 ὁμοῦ
1213 835 1306 885 καὶ
1341 834 1621 904 προλέγων
1657 835 1806 905 αὑτῷ
1841 835 1912 887 τά
1943 834 2072 903 μετᾶ

489 925 664 979 ταῦτα
712 925 944 993 ἐσόμενα
989 927 1126 994 μετά
1169 925 1496 996 ἀκριϐείας,
1549 925 1643 978 καὶ
1692 926 1790 995 τὴν
1833 925 2072 978 δουλείαν

489 1012 686 1087 δηλῶν,
717 1018 815 1070 καὶ
858 1015 954 1085 τὴν
984 1018 1063 1079 εἰς
1102 1018 1375 1084 Αἴγυπτον
1407 1016 1650 1081 κάθοδον,
1680 1018 1775 1071 καὶ
1807 1017 1904 1086 τὴν
1939 1017 2072 1083 ἀγα-

489 1112 751 1180 νάκτησιν
778 1113 844 1180 ἢν
879 1109 948 1162 δι’
981 1110 1178 1173 αὐτοὺς
1212 1109 1462 1179 μέλλουσι
1499 1111 1792 1180 πειρᾶσθαι
1815 1111 1864 1162 οἰ
1908 1109 2072 1177 Αἰγύ-

491 1222 658 1268 πτιοι,
677 1203 772 1258 καὶ
791 1204 892 1272 τὴν
921 1203 1056 1272 μετά
1077 1203 1434 1272 περιφανείας
1463 1203 1643 1255 αὑτῶν
1669 1203 1950 1256 ἐπάνοδον.
1968 1201 2069 1255 Καὶ

487 1296 760 1349 δείκνυσιν
785 1292 954 1363 αὑτῷ,
979 1293 1061 1345 ὅτι
1090 1292 1190 1346 οὑκ
1221 1295 1306 1344 ἐπ’
1341 1293 1490 1363 αὑτῷ
1523 1293 1682 1363 μόνον
1713 1294 1778 1345 τά
1810 1294 1950 1365 ὑπὲρ
1975 1292 2070 1361 φύ-

493 1408 574 1442 σιν
615 1389 788 1453 ἐσται,
819 1389 915 1442 καὶ
949 1388 1083 1458 μετὰ
1120 1385 1358 1440 τοσαῦτα
1399 1388 1697 1457 κωλύματα
1727 1387 1796 1440 τά
1833 1388 1938 1440 ὑπὸ
1978 1389 2072 1444 τοῦ

489 1481 624 1534 Θεοῦ
665 1479 1074 1548 ἐπαγγελθέντα
1105 1481 1186 1542 είς
1229 1479 1402 1551 πέρας
1446 1480 1774 1550 ἀχθήσεται,
1809 1481 1943 1534 ἀλλά
1983 1482 2072 1536 καί

490 1575 584 1627 ἐπὶ
614 1574 814 1634 παντὸς
840 1572 932 1626 τοῦ
963 1573 1272 1643 σπέρματος
1301 1573 1464 1626 αὑτοῦ
1501 1573 1659 1627 τοῦτο
1705 1574 2064 1644 συμϐήσεται.

491 1667 675 1721 Ταῦτα
707 1668 783 1731 δὲ,
822 1666 1005 1737 φησὶν,
1032 1665 1130 1736 ήδη
1166 1683 1246 1718 σοι
1285 1662 1457 1728 εἷπον,
1495 1666 1580 1718 ἵνα
1613 1668 1742 1738 πρὶν
1771 1668 1801 1738 ἢ
1834 1669 1921 1721 τὸν
1953 1668 2064 1740 βίον

491 1759 822 1832 καταλύσῃς,
855 1758 1054 1811 εἰδέναι
1090 1757 1218 1828 ἔχῃς
1245 1757 1312 1810 τά
1359 1758 1454 1810 καί
1485 1758 1612 1820 τοὺς
1657 1760 1782 1821 σοὺς
1821 1761 2075 1827 ἐκγόνους

489 1853 858 1922 διαδεξόμενα.
903 1850 985 1904 Σὺ
1036 1850 1124 1910 δὲ,
1168 1850 1352 1920 φησὶν,
1397 1851 1711 1918 ἀπελεύσῃ
1751 1851 1899 1917 πρὸς
1934 1852 2076 1918 τοὺς

489 1945 748 2013 πατέρας
783 1958 923 2004 σου,
958 1943 1202 2009 τραφεὶς
1233 1941 1304 1994 ἐν
1325 1941 1480 2009 γήρᾳ
1526 1941 1711 2006 καλῷ.
1751 1943 1864 1995 Οὑκ
1897 1939 2072 2009 εἶπεν,

489 2038 758 2108 ἀποθανῇ,
781 2036 894 2090 ἀλλ’
940 2035 1287 2102 Ἀπελεύσῃ,
1324 2034 1400 2097 ὠς
1427 2034 1728 2104 ἀποδημεῖν
1757 2035 1921 2088 αὑτοῦ
1954 2038 2076 2107 μέλ-

489 2127 670 2192 λοντος
701 2129 794 2182 καὶ
841 2125 1198 2197 μεθίστασθαι
1240 2125 1350 2178 ἀπὸ
1395 2125 1652 2197 πατρίδος
1701 2128 1782 2190 εἰς
1818 2130 2070 2200 πατρίδα.

501 2221 851 2287 Ἄπελεύσῃ.
879 2219 1031 2288 φησὶ,
1061 2217 1211 2285 πρὸς
1239 2218 1383 2283 τοὺς
1409 2219 1668 2286 πατέρας
1694 2235 1831 2282 σου,
1856 2221 1916 2272 ού
1951 2223 2076 2285 τοὺς

489 2313 631 2366 κατά
655 2312 830 2382 σάρκα
858 2311 1054 2378 λέγων.
1078 2310 1200 2372 Πῶς
1236 2311 1363 2381 γὰρ,
1402 2311 1524 2363 ἐπεὶ
1554 2312 1781 2375 ἄπιστος
1811 2310 1879 2384 ἦν
1910 2315 2074 2367 αὑτοῦ

487 2408 517 2458 ό
551 2403 753 2474 πατὴρ,
788 2404 883 2455 καί
914 2402 1010 2471 οὑχ
1043 2397 1152 2454 οἶόν
1181 2419 1240 2454 τε
1268 2399 1335 2472 ἦν
1378 2402 1469 2456 τὸν
1509 2403 1698 2456 πιστὸν
1733 2407 2074 2477 πατριάρχην

489 2499 570 2560 εἰς
601 2497 692 2550 τὸν
734 2495 899 2549 αὑτὸν
943 2494 1138 2564 ἐκείνῳ
1175 2495 1353 2564 χῶρον
1391 2495 1677 2552 ἀπελθεῖν;
1712 2496 1923 2564 Χάσμα
1967 2498 2074 2569 γάρ

482 2589 638 2658 μέγα
664 2587 816 2649 ἐστὶ,
857 2587 1012 2656 φησί,
1038 2585 1268 2655 μεταξὺ
1295 2585 1464 2654 ἡμῶν
1495 2603 1558 2640 τε
1589 2587 1686 2640 καί
1715 2586 1898 2656 ὑμῶν.
1921 2588 2075 2650 Τίνος

487 2675 581 2733 οὖν
618 2680 804 2741 ἕνεκεν
831 2679 1042 2748 εἴρηκε,
1077 2677 1236 2743 Πρὸς
1271 2677 1414 2742 τοὺς
1443 2678 1704 2744 πατέρας
1753 2695 1904 2743 σου;
1936 2680 2074 2743 Τοὺς

488 2772 729 2834 δικαίους
756 2771 1143 2839 αἰνιττόμενος,
1167 2767 1292 2830 τοὺς
1314 2769 1444 2838 περὶ
1463 2768 1554 2821 τὸν
1583 2768 1767 2831 Ἀϐελ,
1793 2772 1920 2833 τοὺς
1944 2771 2073 2840 περί

486 2866 578 2919 τὸν
605 2864 748 2928 Νῶε,
791 2862 918 2924 τοὺς
956 2861 1084 2932 περὶ
1125 2860 1216 2912 τὸν
1263 2859 1452 2928 Ἑνώχ.
1500 2861 1746 2928 Τραερεὶς
1788 2861 1858 2913 ὲν
1909 2861 2073 2930 γήρει

487 2956 718 3021 καλῷα.
748 2952 905 3015 Ἴσως
940 2951 1007 3004 ἂν
1041 2950 1184 3003 εἴποι
1209 2967 1324 3013 τις⁶
1367 2951 1459 3002 καὶ
1489 2955 1640 3004 ποῖον
1671 2951 1737 3004 ἂν
1770 2951 1854 3022 εἴη
1882 2952 2071 3006 τούτου

487 3049 650 3102 καλὸν
681 3047 878 3116 γῆρας,
907 3043 967 3095 τὸ
992 3041 1263 3095 τοσούτων
1300 3042 1528 3111 θλίψεων
1565 3043 1779 3096 ἅπαντα
1829 3045 1918 3097 τὸν
1959 3045 2072 3114 βίον

487 3138 810 3210 παρελθεῖν;
835 3134 997 3188 Ἀλλά
1029 3135 1102 3205 μὴ
1127 3133 1284 3188 τοῦτο
1313 3135 1445 3206 ἴδῃς,
1471 3135 1723 3206 ἄνθρωπε
1745 3153 1758 3166 ο
1782 3136 1920 3188 ἀλλά
1949 3137 2072 3190 ἀνα-

490 3231 702 3300 λογίζου
730 3231 825 3284 καὶ
853 3229 952 3300 τὴν
983 3228 1104 3280 καθ’
1132 3228 1362 3280 ’ἑκαστον
1393 3227 1583 3296 καιρὸν
1613 3231 1952 3298 περιφάνειν,
1977 3231 2071 3283 καὶ

485 3331 636 3386 ὅπως
663 3322 906 3388 ἐπίδοξος
935 3321 1164 3389 γέγονεν
1190 3321 1217 3371 6
1252 3320 1418 3385 ξένος,
1446 3321 1475 3372 6
1511 3321 1718 3384 ἄπολις,
1750 3323 1777 3373 6
1804 3323 2067 3386 ἀνέστιος,

487 3415 582 3470 καί
617 3416 749 3484 ὅσης
795 3412 884 3466 διὰ
912 3411 1114 3475 παντὸς
1147 3410 1240 3463 τοῦ
1289 3411 1480 3482 χρόνου
1519 3413 1802 3484 ἀπήλαυσε
1852 3415 1946 3485 τῆς
1976 3415 2069 3468 τοῦ

486 3507 621 3560 Θεοῦ
653 3504 1009 3574 ἀντιλήψεως.

557 3669 648 3738 Μὴ
677 3667 857 3720 τοίνυν
888 3667 1028 3718 κατά
1065 3663 1161 3733 τὴν
1207 3660 1302 3715 νῦν
1330 3660 1599 3733 ὑπόληψιν
1640 3666 1791 3733 κρῖνε
1831 3665 1896 3718 τὰ
1926 3666 2069 3736 πρά-

490 3777 694 3832 γματα,
741 3758 871 3830 μηδέ
901 3756 1088 3825 νόμιζε
1118 3757 1292 3806 ἐκεῖνο
1332 3751 1470 3806 εἰναι
1503 3754 1677 3824 γῆρας
1707 3756 1889 3814 καλὸν,
1919 3757 1978 3808 τὺ
2013 3759 2069 3809 ἐν

485 3854 664 3925 τρυφῇ
686 3851 778 3903 καί
800 3847 1110 3918 ἀδδηφαγίᾳ
1135 3845 1361 3912 διάγειν,
1382 3845 1476 3897 καὶ
1496 3845 1722 3897 πλοῦτον
1747 3847 2066 3915 κεκτῆσθαι,

485 3945 579 3998 καὶ
609 3941 761 4016 [577]
787 3939 1012 3993 οἰκετῶν
1037 3939 1062 3977 b
1089 3938 1314 4007 πλῆθος,
1352 3936 1445 3989 καὶ
1474 3937 1820 4008 ἀνδραπόδων
1849 3939 2065 4006 ἀγέλας.

485 4034 673 4089 Ταῦτα
703 4033 810 4104 γάρ
847 4033 946 4085 οὐκ
985 4031 1051 4085 ἂν
1086 4031 1330 4101 ποιήσειε
1373 4030 1550 4100 γῆρας
1582 4029 1773 4093 καλὸν,
1815 4030 1947 4083 ἀλλὰ
1977 4033 2070 4084 καὶ

485 4127 688 4197 πολλὴν
717 4125 1060 4192 κατάγνωσιν
1086 4122 1151 4176 ἂν
1185 4123 1397 4190 ἐνέγκοι
1425 4120 1504 4191 τῷ
1540 4121 1674 4190 μηδέ
1707 4123 1764 4174 ἐν
1795 4123 1863 4192 γή
1876 4141 1942 4193 ρα
1971 4142 2070 4177 σω-

485 4217 876 4291 φρονιζομένῳ,
901 4215 1034 4286 μηδέ
1057 4213 1192 4286 πρὸς
1219 4212 1388 4276 αύτάς
1417 4213 1516 4276 τάς
1542 4215 1774 4282 ἐσχάτας
1797 4215 2068 4279 ἀναπνοὰς

484 4330 536 4364 τι
566 4310 674 4362 τῶν
693 4309 918 4361 δεόντων
945 4305 1334 4376 βουλευομένῳ,
1361 4305 1495 4358 ἀλλά
1517 4305 1638 4358 καθ’
1665 4307 1901 4367 ἑκάστην
1927 4309 2066 4374 ὴμέ-

487 4418 585 4474 ραν
623 4398 1070 4469 γαστριζομένῳ,
1104 4397 1197 4450 καί
1233 4397 1509 4474 συμπόσια
1548 4399 1642 4452 καὶ
1691 4399 1860 4469 μέθας
1903 4416 2066 4468 μετα-

483 4494 755 4555 διώκοντι,
781 4493 874 4544 καὶ
911 4490 1025 4560 μετ’
1050 4489 1111 4541 οὑ
1151 4489 1286 4542 πολὺ
1315 4490 1519 4543 τούτων
1553 4491 1808 4544 ἀπάντων
1838 4491 2067 4555 εὐθύνας

483 4583 833 4640 ἀπαιτεῖσθαι
865 4579 1129 4651 μέλλοντι.
1169 4580 1228 4632 'U
1271 4580 1452 4650 μέντοι
1485 4581 1622 4650 μετὰ
1643 4582 1909 4652 τοσαύτης
1937 4585 2065 4654 ἀρε-

481 4681 580 4750 τῆς
601 4676 824 4738 ὁδεύσας
850 4674 944 4726 τὸν
985 4673 1116 4742 βίον,
1145 4669 1296 4734 οὗτος
1324 4671 1538 4743 ἀληθῶς
1567 4675 1793 4744 τραφεὶς
1831 4676 1890 4727 ἐν
1917 4677 2064 4748 γήρᾳ

482 4770 632 4841 καλῷ
654 4765 916 4822 καταλύει
936 4765 1034 4836 τὴν
1065 4765 1230 4834 ζωὴν,
1259 4764 1353 4816 καί
1377 4764 1483 4817 τῶν
1506 4765 1738 4818 ἐνταῦθα
1768 4767 1944 4820 πόνων
1973 4769 2063 4821 εὑ-

485 4864 662 4934 ρίσκει
715 4859 900 4912 λοιπὴν
934 4856 1031 4918 τάς
1082 4854 1318 4926 ἀμοιϐὰς
1350 4855 1445 4908 καὶ
1475 4855 1572 4918 τάς
1616 4858 1932 4922 ἀντιδόσεις.
1964 4859 2063 4914 Διά

479 4953 638 5007 τοῦτό
669 4968 831 5022 φησι·
865 4951 992 5011 τοὺς
1025 4949 1122 5020 μὲν
1153 4948 1409 5016 ἐκγόνους
1440 4946 1612 5000 ταῦτα
1638 4948 1957 5016 διαδέξεται,
1996 4952 2060 5004 σὺ

479 5046 536 5099 δὲ
575 5041 848 5112 ἀπελεύσῃ
898 5040 1123 5111 τραφεὶς
1175 5041 1232 5092 ἐν
1261 5041 1407 5111 γήρᾳ
1456 5039 1631 5108 καλῷ.
1666 5041 1866 5094 Σκόπει
1900 5043 2063 5096 πάλιν

481 5135 737 5194 ἐνταῦθα,
770 5135 818 5186 εί
847 5132 922 5204 μὴ
958 5130 1126 5202 πολλὴ
1157 5130 1248 5183 τοῦ
1289 5131 1494 5184 δικαίου
1523 5127 1592 5202 ἦν
1622 5132 1654 5202 ἡ
1693 5133 1934 5204 ἀνδρεία,
1968 5137 2062 5189 καὶ

479 5233 579 5301 τῆς
623 5227 937 5298 φιλοσοφίας
981 5227 1014 5295 ἡ
1050 5223 1356 5295 ὑπερϐολὴ,
1399 5223 1517 5287 πῶς
1560 5225 1654 5277 καί¹
1701 5225 1838 5278 αύτά
1888 5226 2060 5280 ταῦτα

485 5325 644 5380 ίκανά
686 5320 753 5394 ἦν
790 5321 955 5376 αὑτοῦ
995 5317 1312 5391 διαταράξαι
1344 5321 1434 5374 τὸν
1471 5321 1747 5393 λογισμόν.
1785 5318 1921 5377 Εἴπε
1952 5326 2060 5396 γὰρ

543 5572 569 5601 ³
594 5571 678 5618 Sic
709 5569 856 5633 Saviﬂlr.
900 5577 952 5618 et
980 5581 1152 5633 qmngs
1186 5580 1316 5629 pene
1349 5581 1465 5617 mss.
1501 5569 1550 5618 In
1586 5569 1759 5620 Morel.
1798 5572 1984 5633 legitur
2014 5571 2061 5619 ἐν

481 5634 606 5695 γήρᾳ
640 5632 886 5695 xu).q)_.S_ic
912 5630 1063 5695 variat
1095 5631 1492 5695 Chrysostonyus,
1507 5633 1650 5695 modo
1681 5633 1728 5679 ἐν
1748 5630 1888 5695 γήρῲ
1919 5635 2060 5680 modo

484 5689 706 5753 ἐν’γῆρει.
750 5689 800 5727 ’δ
823 5691 972 5740 Savil.
1000 5699 1052 5742 et
1073 5705 1159 5741 sex
1191 5689 1304 5741 mss.
1327 5693 1408 5740 καὶ
1448 5692 1653 5742 πλούτου
1675 5689 1935 5751 uiridem
1970 5711 2058 5743 κα-

485 5754 606 5816 κίαν,
624 5752 710 5800 καὶ
727 5753 942 5802 οἰκετῶν.

1213 346 1268 402 S.
1308 345 1590 402 JOANNIS
1624 343 2120 401 CIIRYSOSTOMI
2159 344 2476 402 ARCIIIEP.
2517 344 3054 403 CONSTANTINOP.

3651 349 3757 406 346

2186 461 2272 525 ἂν,
2306 463 2354 515 εἰ
2394 461 2504 515 τῶν
2529 462 2740 516 πολλῶν
2783 480 2868 524 τις
2894 457 2992 534 ἦν’
3043 462 3186 527 τίνος
3215 463 3400 517 ἕνεκεν
3448 465 3759 538 ἐπαγγέλλῃ

2184 572 2272 624 μοι
2296 555 2549 632 τοσοῦτον
2581 556 2639 620 ἐξ
2670 555 2803 626 ἐμοῦ
2836 557 3054 626 σπέρμα
3086 558 3332 626 ποιήσειν
3363 557 3679 628 ἐκταθῆναι,
3709 561 3757 610 εἰ

2184 648 2428 718 μέλλοιεν
2480 649 2760 711 τοσούτοις
2807 649 3228 719 περιϐάλλεσθαι
3266 652 3488 714 κακοῖς,
3521 651 3615 703 καί⁸
3665 652 3757 702 ἐπὶ

2179 739 2445 793 τοσούτων
2487 740 2622 793 ἐτῶν
2653 741 2884 811 ἀριθμὸν
2923 741 3166 796 δουλείαν
3214 743 3536 812 ὑπομένειν;
3565 742 3638 794 τίν
3667 760 3757 810 μοι

2182 833 2237 886 τὸ
2267 833 2493 901 δφελος;
2537 833 2676 885 Ἀλλ’
2705 834 2859 887 οὐδὲν
2896 834 3100 888 τούτων
3143 836 3170 888 6
3206 835 3412 896 δίκαιος
3453 834 3754 901 ἐλογίσατο,

2181 926 2312 979 ἀλλὰ
2345 925 2595 996 καθάπερ
2628 927 2922 998 εὐγνώμων
2957 928 3172 997 οἰκέτης
3205 927 3272 980 τὰ
3302 927 3454 998 παρά
3485 927 3578 980 τοῦ
3621 927 3756 980 Θεοῦ

2180 1017 2395 1072 ᾶπαντα
2431 1019 2677 1089 ἔστεργε,
2706 1022 2800 1074 καὶ
2844 1021 2912 1074 τά
2943 1021 3094 1090 αὑτῷ
3124 1020 3382 1074 δοκοῦντα
3416 1020 3522 1072 τῶν
3562 1019 3754 1073 ἐαυτοῦ

2180 1107 2451 1179 λογισμῶν
2479 1111 2768 1182 προετίμα.
2791 1109 2920 1164 Εἶτα
2942 1113 3035 1165 καὶ
3065 1112 3154 1164 τὸν
3178 1112 3366 1182 καιρὸν
3392 1110 3539 1180 αὑτῷ
3563 1111 3756 1181 μηνύει

2179 1197 2273 1267 τῆς
2302 1198 2561 1251 ἐπανόδου
2589 1198 2687 1268 τῆς
2718 1199 2826 1251 ἀπὸ
2862 1199 2960 1268 τῆς
2985 1198 3248 1259 δουλείας.
3287 1199 3469 1251 Εἰπὼν
3498 1198 3609 1268 γὰρ
3646 1214 3758 1249 των

2178 1284 2313 1336 ἐτῶν
2348 1285 2602 1355 ἀριθμὸν,
2651 1287 2834 1356 φησὶν,
2863 1286 2957 1352 ἐτη
3006 1287 3362 1357 τετρακόσια·
3406 1286 3656 1354 Τετάρτῃ
3687 1285 3758 1338 δὲ

2177 1375 2351 1444 γενεᾷ
2379 1377 2952 1444 ἀποστραφήσονται
2974 1372 3109 1430 ὧδε.
3147 1377 3288 1430 Ἀλλ’
3311 1377 3542 1429 ἐνταῦθα
3580 1375 3643 1426 ἄν
3672 1391 3757 1436 τις

2175 1463 2522 1535 διαπορήσειε
2566 1464 2683 1527 πῶς
2708 1464 3033 1533 τετρακόσια
3077 1464 3170 1533 ἐτη
3211 1465 3312 1532 ἔφη
3353 1462 3626 1516 δουλεύειν
3660 1462 3757 1514 αὐ-

2175 1553 2320 1615 τοὺς,
2352 1552 2526 1604 καίτοι
2548 1553 2668 1605 οὐδὲ
2712 1551 2782 1604 τά
2809 1551 2981 1621 ἡμίση
3010 1550 3214 1603 τούτων
3248 1549 3626 1618 πεποιηκότων
3653 1548 3754 1600 αὑ-

2175 1640 2282 1692 τῶν
2310 1641 2389 1703 εἰς
2422 1642 2519 1710 τὴν
2559 1641 2847 1708 Αἴγυπτον.
2890 1639 2987 1692 Διά
3032 1639 3190 1692 τοῦτο
3219 1640 3319 1692 οὑκ
3359 1635 3531 1692 εἶπεν.
3561 1637 3642 1688 ὅτι
3674 1637 3754 1698 εἰς

2175 1727 2271 1796 τὴν
2316 1728 2589 1796 Αἴγυπτον
2619 1729 2934 1798 ποιήσουσιν
2977 1726 3071 1796 ἔτη
3105 1726 3450 1797 τετρακόσια,
3479 1723 3617 1786 ἀλλ’,
3653 1724 3758 1775 Ἐν

2177 1815 2253 1884 γῇ
2286 1818 2397 1869 οὐκ
2436 1817 2574 1883 ἰδίᾳ,
2607 1815 2746 1868 ὥστε
2775 1815 3072 1885 δυνηθῆναι
3117 1817 3227 1877 τοῖς
3260 1813 3458 1876 ἐτεσιν,
3497 1806 3576 1875 οἷς
3615 1810 3757 1864 κατὰ

2174 1902 2272 1974 τὴν
2303 1904 2573 1970 Αἴγυπτον
2604 1903 2883 1974 ἐποίησαν,
2916 1899 3363 1972 συναριθμεῖσθαι
3388 1900 3481 1952 καὶ
3513 1899 3603 1951 τὸν
3630 1896 3758 1966 χρό-

2175 2008 2262 2043 νον
2293 1990 2386 2043 τοῦ
2419 1991 2778 2062 πατριάρχου,
2817 1990 2938 2044 καθ’
2967 1991 3026 2043 ὂν
3047 1992 3110 2042 ἐκ
3143 1989 3242 2058 τῆς
3264 1987 3488 2058 Χαρρὰν
3519 1983 3756 2051 ἐξελθεῖν

2178 2079 2546 2149 προσετάχθη.
2588 2080 2675 2146 Ἐξ
2710 2080 2919 2132 ἐκείνου
2957 2079 3068 2151 γάρ
3097 2080 3228 2149 ἡμῖν
3269 2079 3366 2130 καὶ
3391 2077 3484 2128 τὸν
3522 2073 3758 2145 ἀριθμὸν

2174 2169 2281 2221 τῶν
2303 2168 2437 2221 ἐτῶν
2459 2168 2622 2222 αὑτοῦ
2645 2169 2942 2239 κατάδηλον
2963 2168 3219 2237 ἐποίησεν
3239 2169 3272 2235 ή
3293 2165 3482 2236 Γραφὴ
3503 2163 3753 2224 εἰποῦσα,

2174 2259 2255 2310 ὅτι
2302 2256 2837 2330 ἑϐδομηκονταπέντε
2888 2257 3024 2309 ἐτῶν
3070 2253 3159 2326 ἦν,
3213 2255 3375 2324 ἡνίκα
3423 2253 3642 2322 ἐξῆλθεν
3691 2252 3756 2302 ἐκ

2174 2345 2419 2416 Χαρράν.
2451 2345 2539 2410 Ἐξ
2566 2347 2775 2398 ἐκείνου
2812 2345 2991 2398 τοίνυν
3033 2345 3193 2415 μέχρι
3227 2343 3326 2411 τῆς
3356 2341 3536 2406 ἐξόδου
3568 2339 3666 2408 τῆς
3695 2337 3757 2402 ἐξ

2174 2431 2475 2498 Αἰγύπτου,
2520 2434 2568 2484 εί
2604 2431 2888 2502 βουληθείη
2917 2449 2999 2494 τις
3038 2430 3364 2501 ἀριθμῆσαι,
3395 2429 3616 2496 εὑρήσει
3645 2442 3755 2476 σω-

2175 2519 2397 2587 ζόμενον
2423 2519 2513 2571 τὸν
2546 2518 2795 2590 ἀριθμόν.
2833 2519 2940 2570 Καὶ
2967 2519 3151 2589 ἓτερον
3180 2517 3236 2570 δὲ
3263 2517 3406 2568 ἐστιν
3439 2517 3634 2577 εἰπεῖν,
3672 2514 3754 2565 ὅτι

2176 2607 2559 2676 φιλάνθρωπος
2599 2607 2675 2659 ὢν
2729 2609 2756 2660 6
2797 2607 3071 2672 Δεσπότης
3136 2607 3222 2658 καί
3288 2602 3616 2673 συμμετρῶν
3672 2601 3755 2653 ἀεὶ

2173 2698 2236 2765 τῇ
2277 2695 2527 2766 ἀσθενείᾳ
2586 2698 2649 2765 τῇ
2694 2696 2938 2765 ἡμετέρᾳ
2987 2695 3080 2746 καὶ
3118 2693 3216 2756 τὰς
3251 2691 3541 2761 τιμωρίας,
3603 2691 3756 2740 ἐπει-

2172 2783 2233 2854 δὴ
2304 2779 2439 2836 εἶδεν
2517 2784 2715 2846 αὐτοὺς
2794 2783 3197 2852 πεπονηκότας,
3252 2781 3344 2833 καὶ
3417 2780 3540 2840 τοὺς
3585 2777 3756 2843 Αἰγυ-

2174 2871 2360 2934 πτίους
2393 2871 2591 2939 πολλὴν
2631 2872 2757 2940 περί
2786 2871 2981 2933 αὐτοὺς
3019 2870 3116 2940 τὴν
3151 2870 3407 2937 ὠμότητα
3454 2866 3756 2918 ἐπιδεικνυ-

2176 2959 2404 3028 μένους,
2453 2959 2558 3030 πρδ
2602 2958 2696 3012 τοῦ
2761 2958 3066 3029 ὡρισμένου
3105 2955 3299 3028 καιροῦ
3358 2956 3455 3024 τὴν
3511 2953 3756 3006 ἐκδικίαν

2173 3048 2496 3118 ἐποιήσατο,
2529 3049 2620 3100 καί
2663 3049 2798 3118 πρὸς
2829 3047 2926 3118 τὴν
2959 3047 3267 3117 ἐλευθερίαν
3311 3045 3506 3106 αὐτοὺς
3547 3043 3756 3110 ἐπανή-

2171 3135 2550 3202 γαγεν.“Ἐθος
2577 3136 2683 3207 γὰρ
2721 3134 2866 3204 αὑτῴ
2901 3133 3160 3196 τοιοῦτον,
3184 3132 3368 3201 ἐπειδὴ
3408 3131 3494 3183 διὶι
3535 3131 3754 3183 πάντων

2168 3224 2268 3294 τὴν
2287 3224 2556 3294 ἡμετέραν
2579 3223 2848 3294 σωτηρίαν
2872 3220 3338 3292 πραγματεύεται,
3359 3221 3460 3273 κᾶν
3482 3219 3756 3290 ἀπειλήσῃ

2168 3310 2546 3380 τιμωρεῖσθαι,
2574 3309 2925 3380 βουληθῶμεν
2965 3309 3021 3362 δὲ
3056 3311 3217 3379 ἡμεῖς
3245 3308 3443 3375 πολλὴν
3473 3306 3753 3371 ἐπιδείξα-

2173 3398 2294 3451 σθαι
2324 3399 2422 3464 τὴν
2468 3398 2824 3468 ἐπιστροφὴν,
2854 3395 3240 3450 ἀνακαλεῖσθαι
3267 3393 3431 3447 αὑτοῦ
3473 3394 3568 3456 τὰς
3615 3395 3754 3445 ἀπο-

2172 3486 2366 3552 φάσεις
2390 3503 2402 3514 ·
2441 3485 2534 3536 καὶ
2570 3485 2879 3537 τούναντίον
2927 3484 3087 3537 πάλιν
3117 3483 3220 3536 κᾶν
3248 3482 3553 3552 ὑπόσχηταί
3599 3480 3752 3552 [578]

2170 3574 2473 3644 τιχρηστὸν
2510 3576 2638 3645 ἡμῖν
2659 3573 2937 3646 παρέξειν,
2973 3576 3132 3643 ἡμεῖς
3165 3573 3220 3625 δὲ
3247 3572 3322 3642 μὴ
3357 3573 3424 3624 τὰ
3463 3573 3592 3643 παρ’
3629 3573 3756 3625 ἐαυο

2170 3661 2275 3713 τῶν
2323 3661 2759 3731 εἰσενέγκωμεν,
2811 3661 2931 3714 οὑδέ
2975 3661 3138 3723 αὐτὸς
3177 3662 3258 3723 εἰς
3302 3661 3476 3731 πέρας
3521 3659 3645 3726 ἄγει
3687 3660 3757 3713 τά

2171 3749 2594 3817 ἐπαγγελθέντα,
2622 3749 2763 3802 ὥστε
2796 3749 2869 3819 μὴ
2892 3748 3106 3819 χείρους
3127 3750 3157 3819 ἡ
3167 3751 3272 3817 μᾶς
3292 3748 3383 3800 καί
3407 3747 3576 3817 ταύτῃ
3602 3748 3756 3815 γενέ-

2172 3836 2316 3891 σθαι.
2351 3835 2454 3889 Καὶ
2492 3836 2662 3889 ταῦτα
2705 3836 2943 3898 ἅπαντα,
2981 3837 3095 3889 ὅσοι
3134 3836 3431 3906 φιλότεχνοι
3480 3836 3609 3908 περὶ
3655 3835 3752 3906 τὴν

2170 3926 2472 3992 ἀνάγνωσιν
2493 3924 2598 3976 τῶν
2626 3925 2786 3978 θείων
2813 3925 3046 3995 Γραφῶν
3066 3925 3208 3987 ἐστε,
3232 3925 3412 3995 εὑρεῖν
3433 3925 3750 3994 δυνήσεσθε.

2175 4011 2424 4078 Τετάρτῃ
2455 4011 2530 4076 δέ,
2579 4012 2741 4081 φησί,
2771 4010 2946 4081 γενεᾷ
2979 4012 3552 4080 ἁποστραφήσονται
3596 4007 3715 4064 ὧδε
3734 4028 3746 4040 ·

2169 4101 2333 4153 οὔπω
2354 4099 2460 4170 γὰρ
2477 4101 3016 4168 ἀναπεπλήρωνται
3039 4103 3098 4154 αἱ
3119 4101 3393 4168 ἁμαρτίαι
3424 4099 3538 4152 τῶν
3562 4101 3761 4168 Ἄμορ-

2161 4190 2350 4256 ραίων
2381 4189 2491 4255 ἕως
2524 4189 2628 4243 τοῦ
2678 4190 2812 4244 νῦν.
2854 4189 3006 4249 Τότε,
3040 4190 3192 4258 φησί,
3235 4187 3424 4259 καιρὸς
3457 4189 3610 4241 ἐσται
3656 4189 3748 4243 τοῦ

2168 4276 2262 4329 καὶ
2303 4277 2544 4339 ἐκείνους
2574 4277 2710 4347 πρὸς
2749 4276 2846 4348 τὴν
2879 4275 3191 4346 ἐλευθερίαν
3225 4275 3614 4347 ἐπαναχθῆναι,
3655 4277 3751 4329 καὶ

2165 4361 2388 4431 τούτους
2421 4367 2575 4437 δίκην
2603 4366 2782 4418 δοῦναι
2813 4367 2952 4435 ὑπὲρ
2980 4367 3072 4419 τοῦ
3103 4366 3334 4437 πλήθους
3361 4366 3470 4418 τῶν
3497 4367 3750 4435 ἡμαρτηο

2170 4454 2366 4524 μένων,
2402 4455 2493 4508 καὶ
2535 4454 2634 4524 τῆς
2673 4455 2775 4524 γῆς
2820 4455 3173 4523 ἐξεωσθῆναι.
3222 4455 3531 4524 Ἀμφότερα
3569 4453 3750 4504 τοίνυν

2167 4542 2308 4594 κατά
2336 4542 2430 4594 τὸν
2467 4543 2651 4595 δέοντα
2684 4543 2874 4614 καιρὸν
2912 4545 3222 4613 γενήσεται,
3253 4543 3518 4595 κάκείνων
3545 4543 3578 4610 ή
3607 4542 3749 4592 ἀπο-
3777 4576 3780 4579 -

2167 4633 2514 4696 κατάστασις.
2545 4636 2636 4686 καὶ
2665 4633 2869 4686 τούτων
2904 4637 2936 4704 ή
2975 4634 3191 4704 ἐκϐολή.
3217 4633 3382 4686 Οὔπω
3413 4633 3522 4701 γάρ
3542 4631 3746 4691 αὐτῶν,

2167 4721 2358 4792 φησὶν,
2396 4720 2886 4792 ἀναπεπλήρωνται
2921 4722 2978 4774 αἰ
3027 4721 3292 4793 ἁμαρτίαι
3317 4737 3329 4750 ·
3366 4719 3442 4783 ὡς
3487 4719 3551 4773 ἂν
3599 4720 3746 4771 εἴποι

2163 4826 2276 4872 τις·
2306 4808 2514 4861 οὑδέπω
2554 4809 2806 4861 τοσοῦτον
2835 4809 3159 4880 εἰργάσαντο
3185 4807 3386 4878 πλῆθος
3420 4807 3749 4876 πλημμελη-

2167 4897 2351 4966 μάτων
2375 4938 2388 4961 ,
2433 4897 2507 4958 ὡς
2555 4897 2811 4967 τοιαύτην
2847 4897 3102 4966 ὑποσχεῖν
3143 4896 3317 4967 δίκην.
3359 4895 3748 4964 Φιλάνθρωπος

2163 4983 2271 5053 γὰρ
2301 4982 2374 5035 ῶν
2406 4985 2466 5036 οὑ
2505 4983 2664 5052 μόνον
2703 4983 2810 5036 τῶν
2844 4983 3219 5053 ἐπταισμένων
3253 4983 3468 5052 μείζους
3507 4983 3607 5034 οὑκ
3640 4983 3744 5034 ἐπ-

2165 5074 2285 5139 άγει
2312 5072 2409 5134 τάς
2444 5073 2732 5142 τιμωρίας,
2774 5073 2908 5126 ἀλλά
2952 5074 3046 5125 καὶ
3080 5073 3281 5143 σφόδρα
3324 5073 3598 5134 ἐλάττους.
3643 5073 3748 5125 Διά

2161 5161 2316 5212 τοῦτο
2343 5162 2436 5212 καὶ
2471 5163 2596 5230 περὶ
2626 5160 2846 5223 τούτους
2869 5159 3070 5230 πολλὴν
3106 5160 3471 5212 ἐπιδείκνυται
3505 5159 3603 5229 τήν
3635 5177 3748 5224 μα·-

2162 5247 2486 5316 κροθυμίαν,
2510 5249 2595 5299 ἵνα
2622 5248 2740 5300 καθ’
2765 5247 2972 5300 ἑαυτῶν
2999 5248 3431 5315 ἐπισπασάμενοι
3453 5246 3550 5316 τὴν
3571 5263 3745 5316 τιμω-

2165 5337 2304 5408 ρίαν,
2345 5336 2613 5405 μηδεμίαν
2642 5335 2804 5406 ἔχωσι
2830 5335 3016 5388 λοιπὸν
3044 5335 3355 5403 ἀπολογίαν.

2226 5490 2286 5542 6'.
2316 5490 2497 5543 Εῖδετε
2531 5490 2642 5553 πῶς
2673 5491 2885 5545 ἅπαντα
2917 5491 3052 5561 μετά
3073 5491 3354 5561 ἀκριϐείας
3376 5490 3636 5561 ἐγνώρισε
3661 5489 3744 5559 τῷ

2159 5580 2492 5649 πατριάρχῃ,
2536 5581 2621 5632 ἵνα
2657 5580 2991 5650 πανταχόθεν
3029 5581 3191 5633 αὑτοῦ
3222 5579 3467 5650 νευρώσῃ
3516 5581 3614 5649 τὴν
3649 5580 3740 5631 πί-

2161 5681 2296 5728 στιν,
2331 5668 2424 5719 καί
2449 5669 2512 5719 ἐκ
2537 5667 2644 5720 τῶν
2666 5668 2801 5738 πρὸς
2831 5668 2994 5721 αὑτὸν
3023 5668 3325 5739 εἰρημένων
3357 5668 3454 5738 ἔχῃ
3491 5667 3735 5738 θαρρεῖν,

2159 5753 2240 5806 ὄτι
2273 5755 2366 5807 καί
2391 5753 2457 5808 τά
2483 5757 2561 5821 εἰς
2589 5755 2714 5820 τοὺς
2742 5756 2998 5824 ἐκγόνους
3038 5756 3254 5820 πάντως
3291 5756 3615 5830 ἐκϐήσεται’
3645 5755 3742 5809 καὶ
