4092 6408
285 381 386 442 διε

288 510 340 551 te
370 503 699 563 prementem
729 507 830 562 ego
852 490 1103 561 judicabo
1126 530 1142 556 ,
1182 499 1236 545 et
1275 491 1353 544 sic
1391 503 1485 543 eos
1536 500 1730 556 magno
1755 498 1877 539 cum

293 599 549 657 apparatu
579 587 683 640 huc
706 586 882 640 redire
912 583 1110 639 curabo
1135 600 1149 636 :
1182 583 1338 638 simul
1364 581 1658 652 praedicens
1682 579 1731 633 ei
1761 592 1881 646 qua;

293 683 516 751 posthac
561 689 712 734 certo
743 687 994 733 eventura
1037 684 1235 740 essent,
1269 675 1576 729 servitutem
1621 671 1877 734 declarat,

291 781 348 828 et
397 772 716 826 descensum
768 771 819 824 in
878 768 1192 840 Egyptum,
1249 778 1410 837 atque
1462 764 1880 834 indignationem

292 881 454 935 qnam
484 873 703 935 prepter
731 878 824 918 eos
847 861 1084 934 Egyptii
1115 861 1385 930 expcrturi
1409 866 1580 922 erant,
1611 866 1666 912 et
1688 856 1884 926 gloria.

291 971 408 1009 sum
434 971 620 1012 eorum
651 953 898 1009 reditum.
928 953 1273 1022 Ostenditque
1297 952 1366 1017 ei,
1386 966 1488 1005 non
1522 951 1572 1004 in
1606 950 1720 1018 ipso
1740 947 1885 1001 dum-

296 1056 441 1102 taxat
466 1047 554 1101 illa
576 1062 694 1116 qua:
719 1061 881 1114 super
905 1056 1144 1100 naturam
1177 1053 1352 1110 erunt,
1380 1053 1636 1100 eventura
1667 1057 1805 1100 esse.
1831 1053 1884 1097 et

294 1151 418 1212 post
451 1147 596 1195 tanta
626 1139 1002 1209 impedimenta
1029 1154 1148 1208 quae
1173 1153 1202 1192 a
1235 1139 1343 1192 Deo
1385 1138 1644 1208 promissa
1676 1135 1884 1190 fuerant

295 1233 563 1303 implenda
589 1233 722 1297 fore,
752 1233 844 1287 sed
870 1239 928 1287 et
960 1233 1010 1285 in
1039 1241 1148 1286 toto
1178 1231 1380 1286 semine
1401 1232 1516 1298 ejus
1539 1230 1638 1284 hoc
1659 1239 1884 1284 eventu—

296 1341 437 1381 rum.
471 1325 595 1379 Haec
619 1335 820 1388 autem,
852 1324 1039 1394 inquit,
1064 1323 1171 1392 jam
1197 1323 1302 1376 dixi
1333 1322 1446 1385 tibi,
1491 1330 1548 1375 ut
1571 1323 1881 1391 priusquam

296 1419 460 1472 vitam
492 1417 665 1480 finias,
692 1417 830 1470 scire
859 1415 1031 1484 possis
1052 1431 1168 1483 qua:
1194 1422 1247 1466 et
1275 1413 1554 1483 nepotibus
1577 1421 1629 1466 et
1657 1411 1884 1481 posteris

295 1509 563 1564 evenient.
598 1509 684 1564 15.
713 1507 793 1561 Tu
827 1504 1017 1572 autem,
1044 1507 1232 1574 inquit,
1273 1506 1431 1558 abibis
1457 1505 1524 1557 ad
1559 1515 1725 1573 patres
1751 1512 1880 1566 tuos,

297 1602 522 1654 nutritus
550 1603 603 1654 in
643 1608 892 1654 senectute
931 1598 1080 1653 bona.
1107 1597 1224 1652 Non
1258 1597 1388 1652 dixit
1416 1640 1430 1662 ,
1466 1596 1712 1650 morieris
1743 1611 1758 1647 :
1789 1593 1882 1647 sed

297 1693 488 1757 Abibis,
519 1693 668 1762 quasi
694 1693 1092 1760 peregrinaturo
1135 1705 1220 1752 co,
1266 1698 1318 1744 et
1349 1689 1636 1757 migratnro
1665 1701 1692 1740 a
1716 1685 1883 1754 patria

299 1785 351 1837 in
385 1784 628 1853 patriam.
659 1782 849 1848 Abibis,
883 1784 1068 1852 inquit,
1092 1781 1160 1835 ad
1188 1792 1353 1850 patres
1376 1790 1488 1833 tuos
1517 1795 1534 1833 :
1562 1795 1665 1833 non
1694 1793 1884 1831 carna-

301 1877 379 1930 les
406 1875 554 1930 dicit.
585 1873 684 1940 Qui
707 1875 850 1928 enim
878 1873 1120 1942 poterat?
1149 1871 1458 1926 lncredulus
1488 1871 1629 1924 enim
1652 1878 1884 1938 eratpa-

301 1975 383 2018 ter
413 1965 552 2035 ejus,
588 1973 642 2019 et
671 1981 776 2018 non
803 1973 917 2018 erat
956 1963 1208 2032 possibile
1237 1972 1292 2017 ut
1316 1961 1564 2017 eumdem
1596 1961 1768 2016 locum
1799 1976 1888 2014 ca-

300 2066 474 2125 peret,
498 2070 654 2124 quem
683 2054 791 2108 ille.
820 2053 1007 2107 Hiatus
1031 2053 1193 2117 enim,
1227 2053 1414 2121 inquit,
1438 2068 1651 2122 magnus
1671 2061 1740 2105 est
1760 2051 1888 2103 inter

299 2163 393 2199 nos
420 2156 466 2199 et
493 2161 576 2199 ros
607 2145 758 2214 (Luc.
794 2144 879 2199 16.
912 2144 1026 2214 26).
1055 2144 1228 2212 Quare
1253 2144 1406 2208 dixit,
1436 2143 1516 2196 Ad
1545 2152 1710 2211 patres
1736 2141 1889 2196 tuos?

299 2238 484 2293 Justos
513 2238 809 2303 insinuans,
835 2246 893 2291 ut
913 2237 1062 2302 Abel,
1085 2246 1138 2292 et
1167 2236 1298 2300 Noe,
1323 2245 1376 2290 et
1399 2234 1603 2290 Enoch.
1627 2233 1884 2301 Nutritus,

300 2329 493 2398 inquit,
517 2329 570 2382 in
593 2339 845 2382 senectute
867 2328 1016 2380 bona.
1047 2328 1113 2382 Et
1133 2326 1301 2396 qualis
1329 2325 1442 2380 hate
1462 2333 1709 2380 senectus
1727 2325 1884 2391 bona,

298 2420 528 2475 fortasse
575 2421 716 2475 dicet
758 2419 968 2489 aliquis,
1001 2419 1068 2473 ad
1098 2435 1255 2489 quam
1286 2418 1445 2472 tantis
1487 2417 1747 2472 molestiis
1795 2431 1890 2485 per

301 2521 466 2565 totam
498 2510 658 2565 vitam
694 2510 942 2564 transiit?
965 2509 1158 2564 Verum
1189 2525 1256 2564 ne
1280 2509 1379 2563 hoc
1407 2508 1670 2573 attendas,
1702 2507 1884 2574 homo,

298 2602 392 2656 sed
437 2613 618 2671 specta
659 2618 778 2671 qua:
832 2602 904 2655 illi
948 2602 1090 2655 omni
1133 2611 1370 2669 tempore
1413 2599 1571 2654 fuerit
1597 2599 1762 2669 gloria
1788 2639 1802 2664 ,
1833 2609 1890 2654 et

299 2693 572 2762 quomodo
597 2693 858 2762 gloriosus
886 2693 1080 2746 vixerit
1107 2692 1418 2760 peregrinus
1441 2691 1531 2760 qui
1561 2691 1773 2744 civitate
1801 2691 1885 2744 fo-

301 2799 471 2853 coque
499 2784 736 2847 carebat,
768 2793 822 2837 et
848 2794 1044 2851 quanto
1073 2783 1173 2852 ipsi
1198 2782 1378 2837 datum
1405 2791 1487 2836 est
1510 2784 1654 2835 omni
1685 2793 1891 2851 tempo-

248 2923 260 2932 .
301 2890 360 2928 re
407 2875 499 2929 Dei
542 2875 780 2928 subsidio
807 2873 929 2928 frui.

375 2967 621 3021 Senectus
661 2967 788 3020 bona
813 2984 947 3036 quia.
975 2966 1342 3038 Quadringenti
1387 2969 1509 3022 anui
1544 2969 1794 3023 servitutis
1836 2969 1889 3022 in

299 3056 535 3128 Egypto
561 3074 592 3109 a
619 3074 717 3126 quo
746 3059 994 3128 principio
1024 3059 1263 3111 ducendi.
1286 3059 1480 3113 —Non
1514 3061 1670 3129 igitur
1697 3076 1890 3115 secun-

302 3147 427 3201 dum
461 3156 776 3217 prtesentem
822 3149 1126 3218 opinionem
1157 3149 1224 3202 de
1254 3148 1411 3204 rebus
1433 3149 1689 3218 judicium
1723 3150 1886 3217 feras,

303 3255 478 3309 neque
523 3250 851 3294 senectutem
910 3256 1028 3296 esse
1078 3241 1268 3294 bonam
1315 3257 1555 3304 censeas,
1587 3244 1787 3298 versari
1834 3245 1888 3298 in

303 3347 449 3396 nixu,
471 3329 706 3396 deliciis,
733 3342 782 3386 et
805 3331 1042 3398 crapula,
1062 3330 1111 3383 in
1133 3333 1465 3399 possessione
1489 3332 1812 3399 divitiarum,
1836 3340 1893 3389 et

301 3437 492 3494 magna
533 3424 847 3478 famulorum
874 3423 1225 3489 multitudine,
1253 3423 1734 3494 mancipiorumque
1754 3441 1892 3495 gre—

300 3515 476 3584 gibus.
500 3515 624 3570 llarc
651 3516 793 3569 enim
823 3525 1150 3570 senectutem
1182 3517 1371 3570 bonam
1397 3531 1500 3570 non
1525 3517 1772 3584 reddunt,
1795 3517 1888 3572 sed

302 3615 356 3661 et
378 3606 596 3661 multam
626 3605 1118 3661 condemnationem
1141 3589 1372 3661 afferunt
1391 3609 1437 3662 ei
1460 3608 1548 3678 qui
1569 3623 1636 3662 ne
1659 3609 1712 3662 in
1732 3624 1892 3665 senc-

305 3707 452 3754 ctute
473 3698 684 3768 quidem
715 3698 1095 3754 continentiam
1127 3706 1374 3766 exercet,
1419 3715 1592 3769 neque
1619 3701 1684 3754 ad
1711 3711 1890 3755 extre-

307 3805 427 3843 mos
455 3789 706 3844 redactus
730 3791 965 3860 spiritus,
989 3789 1054 3844 de
1075 3791 1138 3844 iis
1154 3806 1272 3859 quae
1301 3791 1588 3859 expediunt
1611 3791 1884 3858 deliberat,

305 3881 402 3936 sed
458 3881 693 3950 quotidie
748 3881 983 3950 indulget
1035 3881 1226 3945 ventri,
1277 3892 1512 3936 sectatur
1552 3883 1789 3937 convivia
1838 3893 1892 3938 et

307 3971 594 4027 ebrietates
614 4013 628 4035 ,
651 3971 718 4026 de
745 3971 936 4042 quibus
969 3971 1217 4026 omnibus
1247 3988 1350 4025 non
1389 3973 1554 4026 multo
1581 3984 1700 4042 post
1737 3976 1890 4028 ratio-

308 4078 432 4118 nem
460 4061 763 4117 redditurus
800 4071 902 4116 est.
932 4062 1071 4116 Sane
1097 4062 1186 4131 qui
1217 4061 1270 4114 in
1308 4063 1389 4116 via
1421 4063 1628 4116 virtutis
1654 4063 1893 4117 ambula-

308 4157 408 4223 vit,
431 4155 520 4210 hic
543 4170 670 4210 vere
692 4155 921 4209 nutritus
947 4156 998 4209 in
1019 4163 1291 4209 senectute
1318 4155 1474 4219 bona,
1497 4156 1602 4209 vita
1631 4155 1885 4224 fungitur,

308 4255 365 4301 et
403 4245 646 4301 laborum
679 4247 1016 4315 pmsentium
1055 4245 1257 4300 invenit
1289 4245 1687 4301 retributiones.
1718 4247 1783 4300 Et
1812 4247 1892 4301 id-

307 4338 454 4392 circo
479 4337 652 4406 inquit
683 4354 696 4389 :
737 4337 864 4390 Tuis
901 4336 1112 4406 quidem
1141 4337 1422 4407 nepotibus
1458 4338 1578 4391 talia
1606 4339 1888 4408 evenient,

309 4437 364 4480 tu
402 4437 577 4482 autem
601 4427 770 4482 abibis
797 4429 1023 4482 nutritus
1048 4427 1098 4480 in
1131 4437 1402 4482 senectute
1429 4427 1585 4482 bona.
1611 4429 1706 4483 Hic
1726 4431 1889 4483 anim-

304 4519 548 4584 adverte,
577 4518 845 4589 quomodo
891 4518 993 4572 nisi
1040 4519 1154 4587 ejus
1201 4519 1385 4588 ingens
1414 4518 1599 4573 fuisset
1637 4519 1888 4574 fortitudo

305 4619 362 4664 et
387 4609 721 4678 philosophia
758 4609 956 4664 eximia
982 4649 998 4673 ,
1041 4607 1156 4663 haec
1200 4623 1408 4678 quoque
1433 4610 1749 4664 conturbare
1774 4610 1887 4679 ejus

306 4710 542 4754 mentem
571 4701 884 4768 potuissent.
919 4700 1104 4753 Dicere
1131 4700 1271 4753 enim
1302 4709 1528 4769 poterat,
1565 4701 1609 4755 si
1641 4702 1832 4770 aliquis
1858 4719 1888 4756 e

303 4791 468 4860 Vulgo
489 4789 678 4845 fuisset
708 4808 721 4843 :
746 4806 909 4861 quare
936 4791 1200 4860 promittis
1229 4793 1356 4846 mibi
1385 4802 1588 4846 tantum
1612 4809 1790 4847 semen
1820 4808 1887 4846 ex

302 4898 392 4938 me
417 4883 654 4936 futurum
681 4890 738 4936 et
765 4882 1184 4952 propagandum,
1222 4883 1265 4936 si
1295 4893 1514 4952 nepotes
1549 4885 1707 4938 tantis
1733 4893 1888 4938 erunt

301 4975 460 5029 malis
508 4983 564 5029 et
609 4975 1001 5030 calamitatibus
1044 4975 1294 5041 obnoxii,
1323 4977 1736 5045 servitutcmque
1766 4984 1889 5030 sunt

301 5074 379 5118 tot
409 5065 567 5119 annis
613 5065 933 5119 toleraturi?
958 5081 1074 5135 qua:
1110 5065 1239 5120 mihi
1274 5065 1396 5119 hinc
1427 5067 1658 5120 utilitas?
1689 5067 1884 5121 Verum

298 5154 432 5209 nihil
478 5154 671 5209 horum
692 5155 865 5224 justus
896 5157 1161 5224 cogitavit,
1192 5155 1283 5210 sed
1315 5157 1466 5226 quasi
1505 5167 1684 5226 gratus
1709 5157 1885 5212 famu-

297 5242 399 5307 Ius,
435 5244 612 5297 omnia
653 5260 770 5313 qua:
792 5261 820 5296 a
851 5244 959 5298 Deo
985 5245 1178 5298 fiebant
1221 5246 1342 5300 b0ni
1372 5247 1658 5313 consuluit,
1685 5257 1738 5302 et
1765 5265 1885 5318 quae

299 5334 396 5402 ipsi
423 5334 736 5403 placebant,
775 5350 885 5389 sua:
913 5334 1230 5403 prmfercbat
1257 5340 1554 5392 sententiae.
1603 5339 1800 5394 Deinde
1829 5349 1884 5395 et

297 5435 509 5492 tetnpus
548 5425 596 5478 ei
635 5425 917 5496 signiﬁcat,
959 5442 1063 5495 quo
1100 5441 1131 5481 a
1168 5428 1423 5483 servitute
1472 5440 1594 5484 sunt
1639 5431 1878 5486 redituri.

297 5514 428 5571 Nam
462 5525 741 5584 postquam
768 5517 922 5570 annis
951 5516 1351 5586 quadringentis
1395 5522 1685 5575 servituros
1711 5523 1878 5578 dixis-

293 5617 397 5666 set,
431 5606 651 5661 subdit:
690 5606 776 5662 16.
810 5606 1141 5661 Generatione
1175 5620 1348 5678 autem.
1369 5624 1549 5680 quarta
1575 5625 1880 5668 revertentur

293 5697 414 5750 Itur.
459 5696 656 5752 Verum
698 5697 782 5752 hic
811 5699 1002 5752 merito
1037 5698 1156 5768 quis
1194 5698 1420 5767 dubitet,
1457 5706 1724 5770 quomodo
1751 5723 1879 5776 qua-

290 5790 591 5859 dringentis
618 5791 772 5846 annis
797 5791 923 5845 dicit
951 5793 1241 5846 servituros
1259 5831 1274 5858 ,
1311 5795 1553 5863 quamvis
1591 5809 1764 5866 neque
1791 5795 1876 5853 di-

1279 373 1344 430 lN
1379 370 1535 428 CAP.
1578 367 1692 425 XV.
1733 361 1980 424 GENES.
2021 359 2253 420 HOMIL.
2295 357 2559 419 XXXVII.

3467 361 3572 418 556

1987 481 2206 535 midium
2238 496 2423 536 eorum
2453 480 2646 536 fuerint
2675 481 2772 550 ipsi
2795 480 2848 536 in
2868 479 3124 553 Egypto.
3148 480 3434 552 Propterea
3463 496 3571 535 non

1986 574 2122 628 dixit
2141 587 2237 628 eos
2263 575 2313 627 iu
2337 572 2572 642 Egypto
2597 572 2799 627 futuros
2823 587 2944 628 esse
2969 573 3120 627 annis
3146 573 3570 644 quadringentis,

1986 665 2102 728 sed,
2135 663 2201 717 In
2229 675 2360 718 terra
2385 681 2487 718 non
2513 682 2624 728 sua,
2658 665 2728 718 ita
2771 673 2830 718 ut
2861 664 3029 734 possit
3051 667 3424 719 connumerari
3450 681 3572 719 cum

1987 758 2142 812 annis
2179 759 2230 812 in
2267 757 2500 828 Egyplo
2534 757 2736 810 exactis
2763 756 2936 826 ipsum
2981 757 3294 825 patriarchae
3324 764 3532 824 tempus
3555 797 3572 819 ,

1987 869 2053 908 ex
2077 869 2183 924 quo
2209 855 2258 908 ei
2286 854 2605 923 imperatum
2647 863 2748 916 est,
2800 861 2861 906 ut
2905 867 2970 906 ex
3009 851 3249 906 Charran
3289 851 3575 921 egredere-

1989 953 2077 998 tur
2105 945 2204 1014 (a).
2237 945 2318 997 Ab
2371 944 2460 996 illo
2511 942 2652 997 enim
2702 952 2942 1011 tempore
2990 957 3271 996 numerum
3311 955 3576 995 annorum

1990 1039 2144 1092 nobis
2185 1038 2357 1106 palam
2389 1036 2512 1090 fecit
2553 1035 2848 1104 Scriptura,
2897 1049 3018 1103 qum
3064 1034 3198 1088 dixit
3241 1032 3573 1102 septuaginta

1988 1133 2221 1200 quinque
2276 1143 2539 1182 annorum
2587 1127 2752 1182 fuisse
2799 1127 3029 1187 Abram.
3076 1125 3289 1196 quando
3331 1126 3460 1180 exiit
3508 1140 3574 1179 ex

1988 1221 2224 1274 Cbarran
2260 1217 2410 1289 (Gen.
2443 1218 2531 1272 1'2.
2559 1219 2618 1286 4)
2643 1236 2656 1272 :
2685 1233 2748 1270 ex
2779 1232 2846 1272 eo
2871 1218 3026 1286 igitur
3054 1226 3291 1286 tempore
3317 1231 3483 1286 usque
3507 1214 3575 1269 ad

1989 1313 2189 1365 exitum
2219 1312 2286 1364 de
2312 1309 2565 1380 JEgypto,
2594 1311 2636 1363 si
2667 1309 2784 1379 quis
2815 1319 3100 1377 supputare
3123 1309 3266 1375 velit,
3293 1323 3574 1361 numerum

1992 1403 2252 1470 integrum
2281 1401 2534 1454 inveniet.
2568 1400 2682 1454 Dici
2731 1409 2911 1470 posset
2938 1401 3098 1454 etiam
3120 1441 3135 1463 ,
3183 1399 3464 1453 Dominum
3494 1408 3576 1452 ut.

1992 1503 2116 1562 pote
2164 1493 2471 1562 benignum,
2501 1501 2553 1546 et
2586 1492 2937 1546 imbecillitati
2982 1500 3179 1546 nostrae
3222 1500 3577 1560 congruentes

1993 1600 2178 1654 ptenas
2199 1601 2411 1654 semper
2463 1585 2800 1648 inferentem,
2834 1590 2954 1654 quia
2999 1583 3129 1638 vidit
3157 1598 3250 1638 eos
3293 1585 3364 1637 ita
3394 1584 3576 1638 labore

1991 1691 2218 1745 pressos,
2267 1686 2320 1731 ct
2361 1676 2640 1748 Egyplios
2686 1692 2931 1746 magnam
2983 1677 3034 1730 in
3083 1691 3174 1732 eos
3210 1675 3575 1730 crudelitatem

1989 1769 2262 1830 eiercere.
2300 1781 2423 1824 ante
2447 1771 2720 1824 detinitum
2751 1779 2958 1839 tempus
2985 1770 3238 1824 ultionem
3280 1769 3492 1832 fecisse,
3524 1779 3578 1824 et

1991 1861 2057 1915 ad
2089 1863 2389 1917 libertatem
2411 1877 2504 1916 eos
2530 1862 2826 1916 reduxisse.
2857 1862 2947 1916 Dei
2977 1863 3117 1915 enim
3145 1876 3263 1915 mos
3288 1869 3402 1926 est,
3445 1876 3578 1930 quo-

1993 1956 2134 2010 niam
2157 1955 2209 2009 in
2231 1956 2476 2010 omnibus
2492 1955 2718 2009 salutem
2741 1965 2876 2008 nosti
2891 1970 2976 2008 am
2999 1963 3270 2022 Operatur,
3294 1962 3352 2007 ut
3368 1954 3578 2008 etiamsi

1991 2048 2224 2102 minetur
2258 2063 2316 2102 se
2343 2047 2651 2116 puniturnm
2671 2087 2686 2112 ,
2717 2048 2760 2101 si
2791 2062 2888 2100 nos
2917 2046 3241 2100 voluerimus
3267 2048 3574 2099 conversio-

1991 2140 2075 2194 nis
2103 2140 2373 2210 Specimen
2406 2139 2659 2195 exhibere
2678 2182 2694 2208 ,
2727 2141 2990 2210 possimus
3017 2140 3134 2209 ejus
3161 2154 3413 2195 revocare
3455 2155 3579 2193 sen-

1992 2231 2231 2285 tentias:
2265 2241 2319 2284 et
2364 2245 2396 2286 e
2435 2231 2648 2286 diverso
2675 2229 2720 2285 si
2764 2231 3073 2300 polliceatur
3121 2229 3316 2300 aliquid
3367 2231 3490 2284 boni
3520 2246 3579 2286 se

1991 2325 2146 2380 nobis
2173 2324 2439 2391 daturum,
2474 2341 2572 2379 nos
2597 2333 2773 2379 autem
2824 2341 2928 2378 non
2980 2324 3315 2378 attulerimus
3344 2338 3406 2378 ea
3452 2338 3573 2392 qua:

1991 2415 2258 2471 facultatis
2278 2427 2474 2471 nostra:
2503 2425 2657 2480 sunt,
2690 2432 2863 2486 neque
2889 2417 3002 2485 ipse
3046 2416 3364 2486 promissum
3409 2415 3579 2468 adim-

1991 2508 2154 2578 pleat,
2186 2523 2253 2563 ne
2283 2523 2381 2563 nos
2409 2523 2470 2564 ea
2509 2509 2715 2562 ratione
2743 2508 3039 2563 deteriores
3061 2507 3371 2562 evadamus.
3404 2508 3579 2576 Atque

1993 2601 2108 2656 haec
2132 2601 2373 2656 invenire
2404 2601 2652 2670 poteritis
2667 2603 3175 2674 quotquotstudiosi
3189 2617 3472 2659 sacrarum
3491 2605 3577 2658 Li-

1995 2703 2232 2747 terarum
2279 2694 2430 2748 estis.
2465 2693 2661 2760 Quarta
2689 2703 2873 2762 ,autem
2909 2693 3230 2763 generatione
3270 2702 3575 2744 revertentur

1992 2784 2092 2836 hac
2114 2799 2133 2837 :
2152 2783 2374 2837 nondum
2394 2785 2525 2838 enim
2546 2785 2806 2854 completa:
2819 2795 2935 2837 sunt
2954 2784 3239 2852 iniquitates
3259 2782 3578 2835 Amori-Iuro-

1990 2893 2104 2930 rum
2131 2893 2288 2947 usque
2315 2893 2466 2930 nunc.
2498 2876 2666 2943 Tunc,
2717 2877 2918 2946 inquit,
2950 2877 3052 2930 erit
3099 2886 3305 2944 tempus
3335 2886 3391 2929 ut
3418 2885 3471 2929 et
3501 2873 3576 2929 illi

1992 2968 2314 3023 reducantur
2360 2968 2413 3022 in
2443 2968 2742 3024 libertatem
2765 3010 2779 3033 ,
2810 2977 2864 3022 et
2903 2968 2958 3022 hi
3003 2982 3216 3038 poenam
3245 2967 3452 3021 luentes
3483 2981 3576 3034 pro

1992 3059 2332 3113 multitudine
2371 3071 2708 3129 peccatorum
2746 3075 2777 3114 e
2819 3071 2960 3113 terra
2999 3059 3348 3128 expellantur.
3403 3058 3578 3112 Ambo

1993 3151 2168 3222 itaque
2185 3151 2312 3206 (ient
2335 3162 2574 3221 tempore
2594 3161 2914 3222 opportuno,
2940 3160 2992 3204 et
3009 3151 3217 3204 illorum
3240 3150 3574 3216 instauratio,

1991 3253 2048 3297 et
2073 3243 2265 3297 horum
2293 3243 2578 3298 excidium.
2618 3243 2862 3297 Nondum
2892 3242 3034 3296 enim
3067 3243 3298 3310 impleta:
3323 3251 3445 3296 sunt
3469 3240 3577 3295 ini-

1992 3335 2221 3404 quitates
2241 3350 2424 3389 eorum
2459 3352 2472 3388 :
2501 3335 2652 3404 quasi
2682 3335 2824 3388 dicat
2847 3335 3039 3404 aliquis
3069 3351 3082 3385 :
3114 3333 3359 3388 Nondum
3392 3334 3578 3404 inlan-

1995 3435 2049 3479 to
2078 3440 2302 3479 numero
2342 3433 2558 3494 peccata
2587 3425 2944 3490 admiserunt,
2975 3436 3032 3479 ut
3060 3425 3220 3479 talem
3263 3423 3433 3478 ferant
3461 3440 3576 3494 pte-

1994 3534 2138 3572 nam.
2190 3519 2326 3572 Deus
2353 3519 2493 3572 enim
2523 3519 2782 3588 benignus
2825 3533 2946 3571 cum
2988 3519 3089 3580 sit,
3123 3533 3226 3572 non
3257 3518 3430 3572 solum
3469 3533 3576 3572 non

1995 3609 2196 3663 inducit
2217 3624 2402 3679 poenas
2431 3610 2660 3678 peccatis
2688 3609 2990 3678 graviores,
3023 3609 3116 3663 sed
3144 3617 3198 3664 et
3223 3609 3376 3664 valde
3401 3609 3574 3662 miuo-

1995 3713 2103 3752 res.
2135 3697 2363 3769 Ideoque
2385 3709 2582 3753 tantam
2607 3715 2729 3770 erga
2761 3699 2878 3753 illos
2903 3699 3118 3754 exhibet
3141 3701 3496 3766 tolerantiam,
3519 3709 3578 3755 ut

1993 3804 2114 3844 cum
2141 3790 2376 3859 sibiipsis
2402 3804 2682 3861 pinnarum
2707 3788 2814 3844 sint
2835 3798 3100 3855 auctores,
3132 3791 3327 3845 nullam
3354 3792 3576 3861 posthac

1993 3882 2387 3936 excusationem
2416 3882 2666 3936 habeant.

2072 3976 2126 4032 4.
2167 3972 2387 4030 Vidistis
2411 3973 2676 4044 quomodo
2719 3973 3031 4043 patriarchae
3068 3975 3246 4028 omnia
3295 3973 3576 4045 diligenter

1994 4071 2266 4136 indicavit,
2294 4077 2351 4124 ut
2379 4083 2450 4123 ex
2480 4066 2624 4123 omni
2656 4075 2807 4136 parte
2835 4065 2951 4135 ejus
2994 4066 3269 4121 roboraret
3307 4066 3490 4131 fidem,
3523 4079 3576 4124 et

1993 4174 2052 4218 ut
2088 4179 2155 4219 ex
2198 4162 2264 4216 iis
2291 4175 2409 4230 quae
2436 4158 2503 4213 ad
2527 4173 2650 4212 eum
2675 4157 2813 4212 dicta
2840 4155 3048 4211 fuerant
3073 4156 3344 4212 confidere
3370 4170 3571 4228 posset,

1992 4255 2151 4310 etiam
2183 4249 2522 4323 prosperitati
2551 4248 2666 4319 ejus
2694 4247 2809 4302 hzec
2848 4249 3066 4302 omnino
3091 4259 3349 4303 eventura
3388 4265 3508 4304 esse
3556 4268 3572 4306 :

2055 4391 2127 4453 (a)
2158 4396 2225 4438 Ita
2247 4399 2507 4453 numerare
2544 4385 2704 4453 solent
2726 4387 2758 4434 ii
2795 4387 2878 4448 qui
2909 4387 3039 4453 inter
3061 4386 3381 4453 chronologos
3404 4389 3578 4449 princi-

1991 4448 2118 4514 peui'
2129 4453 2352 4514 obtinent
2371 4448 2553 4502 locum;
2580 4451 2644 4497 ita
2662 4456 2823 4514 tamen
2854 4454 2909 4496 ut
2929 4449 2978 4495 in
3001 4451 3291 4514 recensione
3311 4448 3577 4514 nouomni-

1991 4511 2055 4562 no
2077 4527 2185 4563 cum
2207 4512 2537 4573 Cbrysostomo
2558 4511 2877 4573 consentiant,
2892 4511 3099 4558 maxime
3113 4524 3230 4559 vero
3253 4525 3361 4560 cum
3384 4513 3497 4561 dicit
3514 4526 3576 4561 ne

1990 4577 2237 4624 dimidium
2281 4571 2480 4633 quidem
2524 4571 2984 4632 quadringentorum
3007 4575 3491 4622 annorumttebrmOS
3527 4575 3575 4621 in

1992 4638 2197 4699 [Egypto
2213 4636 2464 4699 mansisse.
2491 4635 2710 4699 Petavius
2724 4640 2886 4699 autem
2907 4636 2977 4681 sic
2997 4633 3233 4699 calculum
3249 4637 3398 4699 ponit,
3421 4637 3575 4682 Ratio-

1991 4693 2260 4759 nari'i'part.
2286 4695 2333 4753 ‘2,
2367 4693 2400 4742 l.
2425 4695 2472 4759 ‘2,
2499 4708 2546 4759 c._
2577 4695 2626 4753 4,
2649 4693 2962 4759 _ubi_t‘auluui
2995 4693 3263 4759 apostolum
3296 4696 3470 4744 ducem
3493 4711 3576 4744 se-

1990 4755 2170 4821 quitur,
2197 4759 2352 4821 quiin
2377 4755 2578 4821 epistola
2603 4756 2659 4805 ad
2684 4755 2887 4821 galalas.
2912 4756 2960 4813 5,
2999 4755 3074 4821 f7,
3099 4757 3221 4803 dixit
3246 4765 3352 4818 post
3374 4770 3525 4821 annos
3547 4771 3576 4807 a

2007 4817 2226 4870 Iromissa
2247 4819 2473 4867 divinitus
2497 4827 2626 4868 terra
2661 4817 2877 4865 Chanaan
2904 4818 3281 4880 quadringentos
3305 4827 3355 4867 et
3379 4820 3576 4880 triginta

2007 4834 2224 4870 immissa
2247 4834 2473 4867 UH‘lllllllS
2497 4834 2626 4868 terra
2661 4834 2877 4865 Chanaan
2904 4834 3103 4878 quaurtu
3121 4834 3281 4865 Ventos
3305 4834 3355 4867 Cl.
3379 4834 3575 4880 U‘lglllia

1992 4834 2156 4945 legem
2181 4881 2358 4930 editam
2376 4941 2387 4945 _
2405 4880 2572 4928 fuisse.
2599 4881 2855 4945 Il_inc_vcro
2885 4885 2954 4945 sic
2975 4834 3187 4927 calcu‘ius
3207 4880 3398 4928 ducitur
3424 4894 3437 4945 ἶ
3465 4887 3575 4945 Pro-

1990 4941 2154 4993 missio
2178 4952 2322 4992 terra:
2343 4941 2560 4990 Chanaan
2597 4943 2858 4994 Abrabamo
2881 4941 3000 4989 facta
3035 4949 3111 4989 est
3145 4953 3269 4988 anno
3293 4945 3402 4989 vita:
3428 4943 3575 5001 ipsius

1990 5005 2194 5054 ineunte
2214 5006 2291 5054 76.
2317 5011 2429 5054 Cum
2447 5011 2640 5051 centum
2668 5011 2801 5050 esset
2819 5016 3050 5051 annorqu
3067 5002 3326 5059 Abraham,
3345 5013 3483 5049 natus
3499 5010 3575 5052 est

1989 5072 2132 5115 Isaac.
2156 5067 2225 5114 Ab
2246 5072 2354 5114 ortu
2378 5065 2518 5114 tsaaci
2544 5065 2601 5112 ad
2623 5065 2784 5126 Jacobi
2808 5072 2965 5126 ortum
2988 5064 3099 5112 anni
3122 5066 3378 5126 sexaginta
3401 5077 3574 5112 nume-

1988 5135 2172 5176 rantur.
2197 5127 2341 5175 Jacob
2363 5139 2594 5179 annorum
2619 5125 2709 5174 150
2729 5125 2777 5172 in
2811 5124 2947 5187 Δίωνι
2969 5133 3068 5173 tnnt
3094 5124 3392 5187 vet:it,'qno_s
3425 5139 3576 5174 annos

1988 5192 2026 5238 si
2046 5203 2154 5238 cum
2178 5191 2240 5238 25
2265 5187 2530 5244 Abrabami,
2550 5195 2600 5235 et
2622 5188 2683 5235 60
2709 5185 3107 5248 Isaacjijunxcris,
3132 5188 3241 5234 anni
3259 5185 3572 5235 cunficientur

1988 5250 2097 5301 215.
2117 5251 2352 5312 .Ioseplius
2372 5261 2468 5310 quo
2486 5255 2707 5312 tempore
2731 5250 2778 5296 in
2807 5246 3222 5312 [Egypto‘patrem
3247 5249 3460 5312 excepit,
3485 5261 3572 5312 an-

1987 5327 2102 5362 num
2124 5309 2423 5381 agebat
2447 5310 2570 5381 vixit
2592 5318 2756 5381 autem
2775 5309 2924 5380 annos
2950 5309 3056 5357 HO.
3079 5320 3109 5357 Α
3137 5310 3471 5381 promissione
3480 5311 3570 5381 igi-

1986 5384 2065 5425 tur
2088 5370 2350 5422 Abrahamo
2372 5370 2490 5420 facta
2513 5371 2570 5418 ad
2594 5372 2787 5432 .losephi
2811 5379 3015 5418 mortem
3041 5370 3154 5419 anni
3189 5379 3301 5419 sunt
3324 5371 3430 5419 285.
3458 5372 3573 5419 Itinc

1985 5439 2042 5486 ad
2062 5444 2218 5484 ortum
2243 5436 2378 5484 Mosis
2397 5434 2508 5480 anni
2529 5433 2783 5494 75.,Moses
2817 5445 2993 5480 annum
3017 5433 3196 5494 agebat
3219 5433 3569 5494 octogesimum

1985 5499 2034 5547 in
2058 5500 2192 5548 exitu
2218 5510 2283 5546 ex
2307 5495 2528 5557 ASgypto.
2551 5493 2844 5557 Colliguntur
2869 5507 2988 5555 ergo
3005 5506 3030 5540 a
3056 5493 3378 5557 promissione
3402 5493 3460 5540 ad
3485 5495 3570 5557 mi-

1984 5561 2256 5621 grationem
2282 5570 2346 5605 ex
2369 5552 2582 5621 Egypto
2599 5552 2711 5604 anni
2747 5555 2855 5621 460.
2882 5552 2990 5603 Hae
3015 5552 3248 5604 Petavius.
3269 5552 3457 5621 _Verum
3477 5555 3570 5603 440

1983 5615 2092 5670 anni
2117 5620 2408 5680 colliguntur
2425 5615 2511 5678 ,"si
2543 5619 2675 5667 bene
2707 5617 2941 5680 calculum
2983 5629 3158 5680 ponas;
3195 5615 3282 5680 sed
3320 5618 3434 5677 quia
3471 5629 3569 5665 non

1983 5685 2178 5733 omnino
2194 5674 2384 5729 cértum
2408 5674 2501 5739 est,
2541 5692 2639 5739 quo
2656 5679 2766 5728 vitae
2790 5674 3035 5726 Abrahaini
3075 5674 3201 5726 anno
3224 5674 3309 5725 ille
3330 5674 3566 5726 annorum

1983 5756 2215 5794 numerus
2237 5743 2300 5791 sit
2333 5740 2652 5807 incipiendus,
2676 5741 2791 5791 satis
2825 5741 2918 5790 erit
2939 5740 2978 5789 si
3019 5751 3252 5788 annorum
3275 5750 3459 5788 summa
3477 5740 3570 5789 cir-

1984 5807 2108 5856 citer
2125 5812 2375 5855 statuatur.
