  <div class='ocr_page' id='page_1' title='image "/cluster/home/n/w/nwhite01/storage/ocr_20150623/53/nnc1.0046978453/345.png"; bbox 0 0 4092 6408; ppageno 0'>
   <div class='ocr_carea' id='block_1_1' title="bbox 481 317 580 379">
    <p class='ocr_par' dir='ltr' id='par_1_1' title="bbox 481 317 580 379">
     <span class='ocr_line' id='line_1_1' title="bbox 481 317 580 379; baseline -0.051 0"><span class='ocrx_word' id='word_1_1' title='bbox 481 317 580 379; x_wconf 65' lang='lat'><strong>3&amp;7</strong></span> 
     </span>
    </p>
   </div>
   <div class='ocr_carea' id='block_1_2' title="bbox 487 433 2075 503">
    <p class='ocr_par' dir='ltr' id='par_1_2' title="bbox 487 433 2075 503">
     <span class='ocr_line' id='line_1_2' title="bbox 487 433 2075 503; baseline 0 -16"><span class='ocrx_word' id='word_1_2' title='bbox 487 447 648 503; x_wconf 62' lang='lat' dir='ltr'><strong>utque.</strong></span> <span class='ocrx_word' id='word_1_3' title='bbox 689 435 849 487; x_wconf 88' lang='lat' dir='ltr'><strong>etiam</strong></span> <span class='ocrx_word' id='word_1_4' title='bbox 897 450 960 488; x_wconf 84' lang='lat' dir='ltr'><strong>ex</strong></span> <span class='ocrx_word' id='word_1_5' title='bbox 1009 433 1278 502; x_wconf 61' lang='lat' dir='ltr'><strong>pra&#39;dictis</strong></span> <span class='ocrx_word' id='word_1_6' title='bbox 1317 435 1549 488; x_wconf 84' lang='lat' dir='ltr'><strong>vicissim</strong></span> <span class='ocrx_word' id='word_1_7' title='bbox 1596 434 1802 488; x_wconf 91' lang='lat' dir='ltr'><strong>ﬁrmam</strong></span> <span class='ocrx_word' id='word_1_8' title='bbox 1855 433 2075 488; x_wconf 77' lang='lat' dir='ltr'><strong>haberet</strong></span> 
     </span>
    </p>
   </div>
   <div class='ocr_carea' id='block_1_3' title="bbox 488 526 2077 597">
    <p class='ocr_par' dir='ltr' id='par_1_3' title="bbox 488 526 2077 597">
     <span class='ocr_line' id='line_1_3' title="bbox 488 526 2077 597; baseline 0 -17"><span class='ocrx_word' id='word_1_9' title='bbox 488 528 647 580; x_wconf 87' lang='lat' dir='ltr'><strong>tidem</strong></span> <span class='ocrx_word' id='word_1_10' title='bbox 671 567 687 590; x_wconf 95' lang='lat'><strong>,</strong></span> <span class='ocrx_word' id='word_1_11' title='bbox 715 542 936 581; x_wconf 68' lang='lat' dir='ltr'><strong>necesse</strong></span> <span class='ocrx_word' id='word_1_12' title='bbox 965 543 1082 581; x_wconf 85' lang='lat' dir='ltr'><strong>esse</strong></span> <span class='ocrx_word' id='word_1_13' title='bbox 1105 528 1214 596; x_wconf 89' lang='lat' dir='ltr'><strong>jam</strong></span> <span class='ocrx_word' id='word_1_14' title='bbox 1245 528 1355 580; x_wconf 82' lang='lat' dir='ltr'><strong>fieri</strong></span> <span class='ocrx_word' id='word_1_15' title='bbox 1383 526 1523 597; x_wconf 88' lang='lat' dir='ltr'><strong>quod</strong></span> <span class='ocrx_word' id='word_1_16' title='bbox 1547 526 1614 581; x_wconf 93' lang='lat' dir='ltr'><strong>de</strong></span> <span class='ocrx_word' id='word_1_17' title='bbox 1639 541 1706 580; x_wconf 89' lang='lat' dir='ltr'><strong>eo</strong></span> <span class='ocrx_word' id='word_1_18' title='bbox 1741 527 1939 580; x_wconf 87' lang='lat' dir='ltr'><strong>dictum</strong></span> <span class='ocrx_word' id='word_1_19' title='bbox 1967 526 2077 580; x_wconf 87' lang='lat' dir='ltr'><strong>fue-</strong></span> 
     </span>
    </p>
   </div>
   <div class='ocr_carea' id='block_1_4' title="bbox 487 617 2077 687">
    <p class='ocr_par' dir='ltr' id='par_1_4' title="bbox 487 617 2077 687">
     <span class='ocr_line' id='line_1_4' title="bbox 487 617 2077 687; baseline -0.001 -15"><span class='ocrx_word' id='word_1_20' title='bbox 487 627 588 672; x_wconf 88' lang='lat' dir='ltr'><strong>rat.</strong></span> <span class='ocrx_word' id='word_1_21' title='bbox 638 618 852 681; x_wconf 79' lang='lat' dir='ltr'><strong>Postea,</strong></span> <span class='ocrx_word' id='word_1_22' title='bbox 907 619 992 671; x_wconf 85' lang='lat' dir='ltr'><strong>ubi</strong></span> <span class='ocrx_word' id='word_1_23' title='bbox 1040 619 1329 687; x_wconf 82' lang='lat' dir='ltr'><strong>eomplevit</strong></span> <span class='ocrx_word' id='word_1_24' title='bbox 1380 617 1813 686; x_wconf 65' lang='lat' dir='ltr'><strong>praedictionem,</strong></span> <span class='ocrx_word' id='word_1_25' title='bbox 1870 619 2077 684; x_wconf 82' lang='lat' dir='ltr'><strong>accepit</strong></span> 
     </span>
    </p>
   </div>
   <div class='ocr_carea' id='block_1_5' title="bbox 488 709 2075 780">
    <p class='ocr_par' dir='ltr' id='par_1_5' title="bbox 488 709 2075 780">
     <span class='ocr_line' id='line_1_5' title="bbox 488 709 2075 780; baseline -0.001 -17"><span class='ocrx_word' id='word_1_26' title='bbox 488 711 644 764; x_wconf 72' lang='lat' dir='ltr'><strong>etiam</strong></span> <span class='ocrx_word' id='word_1_27' title='bbox 675 711 762 764; x_wconf 91' lang='lat' dir='ltr'><strong>ille</strong></span> <span class='ocrx_word' id='word_1_28' title='bbox 792 711 997 779; x_wconf 90' lang='lat' dir='ltr'><strong>signum</strong></span> <span class='ocrx_word' id='word_1_29' title='bbox 1029 711 1277 765; x_wconf 89' lang='lat' dir='ltr'><strong>idoneum</strong></span> <span class='ocrx_word' id='word_1_30' title='bbox 1320 726 1502 764; x_wconf 90' lang='lat' dir='ltr'><strong>eorum</strong></span> <span class='ocrx_word' id='word_1_31' title='bbox 1531 725 1652 780; x_wconf 67' lang='lat' dir='ltr'><strong>quae</strong></span> <span class='ocrx_word' id='word_1_32' title='bbox 1697 709 1796 779; x_wconf 83' lang='lat' dir='ltr'><strong>ipsi</strong></span> <span class='ocrx_word' id='word_1_33' title='bbox 1837 709 2075 778; x_wconf 68' lang='lat' dir='ltr'><strong>contigv-</strong></span> 
     </span>
    </p>
   </div>
   <div class='ocr_carea' id='block_1_6' title="bbox 487 801 2077 873">
    <p class='ocr_par' dir='ltr' id='par_1_6' title="bbox 487 801 2077 873">
     <span class='ocr_line' id='line_1_6' title="bbox 487 801 2077 873; baseline -0.003 -17"><span class='ocrx_word' id='word_1_34' title='bbox 487 810 629 856; x_wconf 91' lang='lat' dir='ltr'><strong>rnnt.</strong></span> <span class='ocrx_word' id='word_1_35' title='bbox 662 802 746 854; x_wconf 82' lang='grc'><strong>17.</strong></span> <span class='ocrx_word' id='word_1_36' title='bbox 784 801 1058 871; x_wconf 76' lang='lat' dir='ltr'><strong>Postquam</strong></span> <span class='ocrx_word' id='word_1_37' title='bbox 1095 803 1190 873; x_wconf 83' lang='lat' dir='ltr'><strong>[uit</strong></span> <span class='ocrx_word' id='word_1_38' title='bbox 1216 802 1295 856; x_wconf 83' lang='lat' dir='ltr'><strong>sol</strong></span> <span class='ocrx_word' id='word_1_39' title='bbox 1321 802 1388 854; x_wconf 85' lang='lat' dir='ltr'><strong>ad</strong></span> <span class='ocrx_word' id='word_1_40' title='bbox 1431 819 1686 868; x_wconf 82' lang='lat' dir='ltr'><strong>occasum,</strong></span> <span class='ocrx_word' id='word_1_41' title='bbox 1719 801 1909 871; x_wconf 89' lang='lat' dir='ltr'><strong>inquit,</strong></span> <span class='ocrx_word' id='word_1_42' title='bbox 1941 803 2077 870; x_wconf 69' lang='lat' dir='ltr'><strong>fricta</strong></span> 
     </span>
    </p>
   </div>
   <div class='ocr_carea' id='block_1_7' title="bbox 485 892 2077 964">
    <p class='ocr_par' dir='ltr' id='par_1_7' title="bbox 485 892 2077 964">
     <span class='ocr_line' id='line_1_7' title="bbox 485 892 2077 964; baseline -0.001 -19"><span class='ocrx_word' id='word_1_43' title='bbox 485 904 556 946; x_wconf 83' lang='lat' dir='ltr'><strong>cst</strong></span> <span class='ocrx_word' id='word_1_44' title='bbox 608 896 838 962; x_wconf 84' lang='lat' dir='ltr'><strong>ﬂamma,</strong></span> <span class='ocrx_word' id='word_1_45' title='bbox 883 906 926 946; x_wconf 89' lang='lat' dir='ltr'><strong>et</strong></span> <span class='ocrx_word' id='word_1_46' title='bbox 971 910 1081 946; x_wconf 88' lang='lat' dir='ltr'><strong>ecce</strong></span> <span class='ocrx_word' id='word_1_47' title='bbox 1119 894 1347 947; x_wconf 77' lang='lat' dir='ltr'><strong>clibanus</strong></span> <span class='ocrx_word' id='word_1_48' title='bbox 1393 894 1669 964; x_wconf 81' lang='lat' dir='ltr'><strong>fumigans,</strong></span> <span class='ocrx_word' id='word_1_49' title='bbox 1721 902 1766 946; x_wconf 90' lang='lat' dir='ltr'><strong>et</strong></span> <span class='ocrx_word' id='word_1_50' title='bbox 1815 892 2077 962; x_wconf 58' lang='lat' dir='ltr'><strong>lampadas</strong></span> 
     </span>
    </p>
   </div>
   <div class='ocr_carea' id='block_1_8' title="bbox 485 985 2074 1051">
    <p class='ocr_par' dir='ltr' id='par_1_8' title="bbox 485 985 2074 1051">
     <span class='ocr_line' id='line_1_8' title="bbox 485 985 2074 1051; baseline -0.001 -15"><span class='ocrx_word' id='word_1_51' title='bbox 485 986 635 1051; x_wconf 76' lang='lat' dir='ltr'><strong>ignis,</strong></span> <span class='ocrx_word' id='word_1_52' title='bbox 665 1001 778 1050; x_wconf 70' lang='lat' dir='ltr'><strong>tnta:</strong></span> <span class='ocrx_word' id='word_1_53' title='bbox 806 987 1110 1039; x_wconf 84' lang='lat' dir='ltr'><strong>transierunt</strong></span> <span class='ocrx_word' id='word_1_54' title='bbox 1134 987 1265 1038; x_wconf 85' lang='lat' dir='ltr'><strong>inter</strong></span> <span class='ocrx_word' id='word_1_55' title='bbox 1294 985 1562 1038; x_wconf 82' lang='lat' dir='ltr'><strong>divisiones</strong></span> <span class='ocrx_word' id='word_1_56' title='bbox 1589 986 1730 1038; x_wconf 80' lang='lat' dir='ltr'><strong>illus.</strong></span> <span class='ocrx_word' id='word_1_57' title='bbox 1775 985 1835 1038; x_wconf 88' lang='lat' dir='ltr'><strong>Et</strong></span> <span class='ocrx_word' id='word_1_58' title='bbox 1866 985 2074 1037; x_wconf 88' lang='lat' dir='ltr'><strong>ﬁannna</strong></span> 
     </span>
    </p>
   </div>
   <div class='ocr_carea' id='block_1_9' title="bbox 487 1075 2076 1147">
    <p class='ocr_par' dir='ltr' id='par_1_9' title="bbox 487 1075 2076 1147">
     <span class='ocr_line' id='line_1_9' title="bbox 487 1075 2076 1147; baseline -0.003 -17"><span class='ocrx_word' id='word_1_59' title='bbox 487 1084 543 1132; x_wconf 83' lang='lat' dir='ltr'><strong>et</strong></span> <span class='ocrx_word' id='word_1_60' title='bbox 566 1077 809 1131; x_wconf 77' lang='lat' dir='ltr'><strong>clibanus</strong></span> <span class='ocrx_word' id='word_1_61' title='bbox 838 1085 892 1130; x_wconf 90' lang='lat' dir='ltr'><strong>et</strong></span> <span class='ocrx_word' id='word_1_62' title='bbox 934 1077 1202 1147; x_wconf 86' lang='lat' dir='ltr'><strong>lampades</strong></span> <span class='ocrx_word' id='word_1_63' title='bbox 1237 1075 1718 1144; x_wconf 86' lang='lat' dir='ltr'><strong>conspiciebantur,</strong></span> <span class='ocrx_word' id='word_1_64' title='bbox 1769 1085 1826 1128; x_wconf 93' lang='grc' dir='ltr'><strong>ιιι</strong></span> <span class='ocrx_word' id='word_1_65' title='bbox 1869 1076 2076 1144; x_wconf 85' lang='lat' dir='ltr'><strong>signum</strong></span> 
     </span>
    </p>
   </div>
   <div class='ocr_carea' id='block_1_10' title="bbox 491 1168 2078 1236">
    <p class='ocr_par' dir='ltr' id='par_1_10' title="bbox 491 1168 2078 1236">
     <span class='ocr_line' id='line_1_10' title="bbox 491 1168 2078 1236; baseline -0.001 -16"><span class='ocrx_word' id='word_1_66' title='bbox 491 1173 626 1224; x_wconf 81' lang='lat' dir='ltr'><strong>halt:</strong></span> <span class='ocrx_word' id='word_1_67' title='bbox 657 1181 710 1224; x_wconf 90' lang='lat' dir='ltr'><strong>et</strong></span> <span class='ocrx_word' id='word_1_68' title='bbox 749 1177 923 1236; x_wconf 73' lang='lat' dir='ltr'><strong>justus</strong></span> <span class='ocrx_word' id='word_1_69' title='bbox 958 1172 1247 1224; x_wconf 89' lang='lat' dir='ltr'><strong>lirmiorum</strong></span> <span class='ocrx_word' id='word_1_70' title='bbox 1291 1169 1571 1232; x_wconf 74' lang='lat' dir='ltr'><strong>fmdernm,</strong></span> <span class='ocrx_word' id='word_1_71' title='bbox 1616 1179 1669 1223; x_wconf 87' lang='lat' dir='ltr'><strong>et</strong></span> <span class='ocrx_word' id='word_1_72' title='bbox 1707 1168 1965 1222; x_wconf 75' lang='lat' dir='ltr'><strong>adventus</strong></span> <span class='ocrx_word' id='word_1_73' title='bbox 1997 1168 2078 1220; x_wconf 86' lang='lat' dir='ltr'><strong>di-</strong></span> 
     </span>
    </p>
   </div>
   <div class='ocr_carea' id='block_1_11' title="bbox 489 1260 2078 1331">
    <p class='ocr_par' dir='ltr' id='par_1_11' title="bbox 489 1260 2078 1331">
     <span class='ocr_line' id='line_1_11' title="bbox 489 1260 2078 1331; baseline 0 -19"><span class='ocrx_word' id='word_1_74' title='bbox 489 1275 624 1314; x_wconf 75' lang='lat' dir='ltr'><strong>vine</strong></span> <span class='ocrx_word' id='word_1_75' title='bbox 672 1265 1015 1331; x_wconf 78' lang='lat' dir='ltr'><strong>Operatinnis.</strong></span> <span class='ocrx_word' id='word_1_76' title='bbox 1069 1263 1324 1331; x_wconf 78' lang='lat' dir='ltr'><strong>Denique,</strong></span> <span class='ocrx_word' id='word_1_77' title='bbox 1373 1272 1653 1331; x_wconf 89' lang='lat' dir='ltr'><strong>postqttam</strong></span> <span class='ocrx_word' id='word_1_78' title='bbox 1704 1260 1968 1328; x_wconf 89' lang='lat' dir='ltr'><strong>completa</strong></span> <span class='ocrx_word' id='word_1_79' title='bbox 2023 1267 2078 1312; x_wconf 84' lang='lat' dir='ltr'><strong>et</strong></span> 
     </span>
    </p>
   </div>
   <div class='ocr_carea' id='block_1_12' title="bbox 491 1351 2078 1423">
    <p class='ocr_par' dir='ltr' id='par_1_12' title="bbox 491 1351 2078 1423">
     <span class='ocr_line' id='line_1_12' title="bbox 491 1351 2078 1423; baseline -0.003 -18"><span class='ocrx_word' id='word_1_80' title='bbox 491 1351 666 1421; x_wconf 55' lang='lat' dir='ltr'><strong>perfi-c</strong></span> <span class='ocrx_word' id='word_1_81' title='bbox 693 1367 722 1405; x_wconf 90' lang='lat' dir='ltr'><strong>a</strong></span> <span class='ocrx_word' id='word_1_82' title='bbox 751 1363 870 1406; x_wconf 73' lang='lat' dir='ltr'><strong>sunt</strong></span> <span class='ocrx_word' id='word_1_83' title='bbox 911 1354 1108 1414; x_wconf 89' lang='lat' dir='ltr'><strong>omnia,</strong></span> <span class='ocrx_word' id='word_1_84' title='bbox 1159 1362 1436 1423; x_wconf 78' lang='lat' dir='ltr'><strong>postquam</strong></span> <span class='ocrx_word' id='word_1_85' title='bbox 1478 1352 1614 1420; x_wconf 81' lang='lat' dir='ltr'><strong>ignis</strong></span> <span class='ocrx_word' id='word_1_86' title='bbox 1651 1351 1919 1420; x_wconf 89' lang='lat' dir='ltr'><strong>proposita</strong></span> <span class='ocrx_word' id='word_1_87' title='bbox 1950 1364 2078 1403; x_wconf 88' lang='lat' dir='ltr'><strong>con-</strong></span> 
     </span>
    </p>
   </div>
   <div class='ocr_carea' id='block_1_13' title="bbox 491 1441 2078 1514">
    <p class='ocr_par' dir='ltr' id='par_1_13' title="bbox 491 1441 2078 1514">
     <span class='ocr_line' id='line_1_13' title="bbox 491 1441 2078 1514; baseline -0.001 -19"><span class='ocrx_word' id='word_1_88' title='bbox 491 1455 808 1510; x_wconf 64' lang='lat' dir='ltr'><strong>sumpsi-rut,</strong></span> <span class='ocrx_word' id='word_1_89' title='bbox 857 1445 939 1500; x_wconf 85' lang='grc'><strong>18.</strong></span> <span class='ocrx_word' id='word_1_90' title='bbox 975 1445 1260 1512; x_wconf 70' lang='lat' dir='ltr'><strong>Disposuit,</strong></span> <span class='ocrx_word' id='word_1_91' title='bbox 1295 1446 1483 1514; x_wconf 90' lang='lat' dir='ltr'><strong>inquit,</strong></span> <span class='ocrx_word' id='word_1_92' title='bbox 1516 1443 1765 1496; x_wconf 81' lang='lat' dir='ltr'><strong>Dominus</strong></span> <span class='ocrx_word' id='word_1_93' title='bbox 1793 1443 1846 1495; x_wconf 87' lang='lat' dir='ltr'><strong>iu</strong></span> <span class='ocrx_word' id='word_1_94' title='bbox 1870 1442 1951 1495; x_wconf 87' lang='lat' dir='ltr'><strong>die</strong></span> <span class='ocrx_word' id='word_1_95' title='bbox 1988 1441 2078 1494; x_wconf 81' lang='lat' dir='ltr'><strong>illo</strong></span> 
     </span>
    </p>
   </div>
   <div class='ocr_carea' id='block_1_14' title="bbox 495 1534 2078 1592">
    <p class='ocr_par' dir='ltr' id='par_1_14' title="bbox 495 1534 2078 1592">
     <span class='ocr_line' id='line_1_14' title="bbox 495 1534 2078 1592; baseline -0.001 -4"><span class='ocrx_word' id='word_1_96' title='bbox 495 1537 638 1588; x_wconf 76' lang='lat' dir='ltr'><strong>Alme</strong></span> <span class='ocrx_word' id='word_1_97' title='bbox 683 1547 1031 1590; x_wconf 61' lang='lat' dir='ltr'><strong>test/imminut</strong></span> <span class='ocrx_word' id='word_1_98' title='bbox 1079 1539 1249 1590; x_wconf 84' lang='lat' dir='ltr'><strong>dicens</strong></span> <span class='ocrx_word' id='word_1_99' title='bbox 1296 1552 1316 1592; x_wconf 90' lang='lat'><strong><em>:</em></strong></span> <span class='ocrx_word' id='word_1_100' title='bbox 1355 1537 1549 1591; x_wconf 82' lang='lat' dir='ltr'><strong>Semini</strong></span> <span class='ocrx_word' id='word_1_101' title='bbox 1594 1547 1679 1589; x_wconf 86' lang='lat' dir='ltr'><strong>tuo</strong></span> <span class='ocrx_word' id='word_1_102' title='bbox 1723 1534 1852 1588; x_wconf 84' lang='lat' dir='ltr'><strong>dabo</strong></span> <span class='ocrx_word' id='word_1_103' title='bbox 1894 1546 2078 1588; x_wconf 89' lang='lat' dir='ltr'><strong>terram</strong></span> 
     </span>
    </p>
   </div>
   <div class='ocr_carea' id='block_1_15' title="bbox 491 1630 2044 1705">
    <p class='ocr_par' dir='ltr' id='par_1_15' title="bbox 491 1630 2044 1705">
     <span class='ocr_line' id='line_1_15' title="bbox 491 1630 2044 1705; baseline -0.002 -20"><span class='ocrx_word' id='word_1_104' title='bbox 491 1635 640 1696; x_wconf 67' lang='lat' dir='ltr'><strong>huic,</strong></span> <span class='ocrx_word' id='word_1_105' title='bbox 668 1652 697 1685; x_wconf 82' lang='grc' dir='ltr'>(ι</span> <span class='ocrx_word' id='word_1_106' title='bbox 722 1635 874 1704; x_wconf 71' lang='lat' dir='ltr'><strong>ﬂuvio</strong></span> <span class='ocrx_word' id='word_1_107' title='bbox 905 1633 1122 1705; x_wconf 55' lang='lat' dir='ltr'><strong>,Egypti</strong></span> <span class='ocrx_word' id='word_1_108' title='bbox 1147 1651 1302 1703; x_wconf 64' lang='lat' dir='ltr'><strong>usque</strong></span> <span class='ocrx_word' id='word_1_109' title='bbox 1344 1635 1412 1688; x_wconf 83' lang='lat' dir='ltr'><strong>ad</strong></span> <span class='ocrx_word' id='word_1_110' title='bbox 1451 1634 1660 1703; x_wconf 82' lang='lat' dir='ltr'><strong>ﬂuvium</strong></span> <span class='ocrx_word' id='word_1_111' title='bbox 1690 1647 1930 1703; x_wconf 84' lang='lat' dir='ltr'><strong>magnum</strong></span> <span class='ocrx_word' id='word_1_112' title='bbox 1964 1630 2044 1684; x_wconf 85' lang='lat' dir='ltr'><strong>Eu</strong></span> 
     </span>
    </p>
   </div>
   <div class='ocr_carea' id='block_1_16' title="bbox 494 1722 2076 1793">
    <p class='ocr_par' dir='ltr' id='par_1_16' title="bbox 494 1722 2076 1793">
     <span class='ocr_line' id='line_1_16' title="bbox 494 1722 2076 1793; baseline 0.003 -20"><span class='ocrx_word' id='word_1_113' title='bbox 494 1725 739 1790; x_wconf 80' lang='lat' dir='ltr'><strong>phratmt,</strong></span> <span class='ocrx_word' id='word_1_114' title='bbox 771 1726 860 1778; x_wconf 80' lang='grc'><strong>19.</strong></span> <span class='ocrx_word' id='word_1_115' title='bbox 887 1727 1106 1793; x_wconf 48' lang='lat' dir='ltr'><strong>hirmos,</strong></span> <span class='ocrx_word' id='word_1_116' title='bbox 1131 1736 1178 1776; x_wconf 87' lang='lat' dir='ltr'><strong>et</strong></span> <span class='ocrx_word' id='word_1_117' title='bbox 1204 1724 1485 1789; x_wconf 65' lang='lat' dir='ltr'><strong>Centauros,</strong></span> <span class='ocrx_word' id='word_1_118' title='bbox 1525 1733 1572 1777; x_wconf 87' lang='lat' dir='ltr'><strong>et</strong></span> <span class='ocrx_word' id='word_1_119' title='bbox 1610 1722 1954 1782; x_wconf 65' lang='lat' dir='ltr'><strong>Cedmonaeos,</strong></span> <span class='ocrx_word' id='word_1_120' title='bbox 1981 1722 2076 1778; x_wconf 69' lang='lat'><strong>20.</strong></span> 
     </span>
    </p>
   </div>
   <div class='ocr_carea' id='block_1_17' title="bbox 493 1816 2072 1887">
    <p class='ocr_par' dir='ltr' id='par_1_17' title="bbox 493 1816 2072 1887">
     <span class='ocr_line' id='line_1_17' title="bbox 493 1816 2072 1887; baseline 0 -19"><span class='ocrx_word' id='word_1_121' title='bbox 493 1825 538 1868; x_wconf 86' lang='lat' dir='ltr'><strong>et</strong></span> <span class='ocrx_word' id='word_1_122' title='bbox 565 1817 828 1878; x_wconf 74' lang='lat' dir='ltr'><strong>Cheuazos.</strong></span> <span class='ocrx_word' id='word_1_123' title='bbox 855 1828 903 1872; x_wconf 90' lang='lat' dir='ltr'><strong>et</strong></span> <span class='ocrx_word' id='word_1_124' title='bbox 937 1819 1256 1884; x_wconf 66' lang='lat' dir='ltr'><strong>l’heresazos,</strong></span> <span class='ocrx_word' id='word_1_125' title='bbox 1286 1829 1332 1872; x_wconf 87' lang='lat' dir='ltr'><strong>et</strong></span> <span class='ocrx_word' id='word_1_126' title='bbox 1363 1819 1633 1887; x_wconf 84' lang='lat' dir='ltr'><strong>Raphaim,</strong></span> <span class='ocrx_word' id='word_1_127' title='bbox 1658 1827 1704 1870; x_wconf 86' lang='lat' dir='ltr'><strong>ct</strong></span> <span class='ocrx_word' id='word_1_128' title='bbox 1736 1816 2072 1879; x_wconf 71' lang='lat' dir='ltr'><strong>Amori-ham,</strong></span> 
     </span>
    </p>
   </div>
   <div class='ocr_carea' id='block_1_18' title="bbox 490 1908 2074 1978">
    <p class='ocr_par' dir='ltr' id='par_1_18' title="bbox 490 1908 2074 1978">
     <span class='ocr_line' id='line_1_18' title="bbox 490 1908 2074 1978; baseline 0 -18"><span class='ocrx_word' id='word_1_129' title='bbox 490 1917 539 1960; x_wconf 81' lang='lat' dir='ltr'><strong>et</strong></span> <span class='ocrx_word' id='word_1_130' title='bbox 569 1908 904 1974; x_wconf 72' lang='lat' dir='ltr'><strong>Chananwos,</strong></span> <span class='ocrx_word' id='word_1_131' title='bbox 945 1919 988 1961; x_wconf 88' lang='lat' dir='ltr'><strong>et</strong></span> <span class='ocrx_word' id='word_1_132' title='bbox 1030 1910 1228 1972; x_wconf 60' lang='lat' dir='ltr'><strong>Etruros,</strong></span> <span class='ocrx_word' id='word_1_133' title='bbox 1272 1919 1316 1961; x_wconf 86' lang='lat' dir='ltr'><strong>et</strong></span> <span class='ocrx_word' id='word_1_134' title='bbox 1359 1908 1668 1978; x_wconf 72' lang='lat' dir='ltr'><strong>Gergestcm,</strong></span> <span class='ocrx_word' id='word_1_135' title='bbox 1713 1919 1761 1962; x_wconf 84' lang='lat' dir='ltr'><strong>et</strong></span> <span class='ocrx_word' id='word_1_136' title='bbox 1793 1908 2074 1962; x_wconf 75' lang='lat' dir='ltr'><strong>Jebustcos.</strong></span> 
     </span>
    </p>
   </div>
   <div class='ocr_carea' id='block_1_19' title="bbox 495 1997 2074 2070">
    <p class='ocr_par' dir='ltr' id='par_1_19' title="bbox 495 1997 2074 2070">
     <span class='ocr_line' id='line_1_19' title="bbox 495 1997 2074 2070; baseline 0 -20"><span class='ocrx_word' id='word_1_137' title='bbox 495 1997 628 2051; x_wconf 72' lang='lat' dir='ltr'><strong>Vide</strong></span> <span class='ocrx_word' id='word_1_138' title='bbox 653 2000 919 2068; x_wconf 87' lang='lat' dir='ltr'><strong>quomodo</strong></span> <span class='ocrx_word' id='word_1_139' title='bbox 945 2001 1115 2055; x_wconf 91' lang='lat' dir='ltr'><strong>adhuc</strong></span> <span class='ocrx_word' id='word_1_140' title='bbox 1146 2010 1469 2070; x_wconf 81' lang='lat' dir='ltr'><strong>perseverat,</strong></span> <span class='ocrx_word' id='word_1_141' title='bbox 1519 2012 1574 2054; x_wconf 92' lang='lat' dir='ltr'><strong>ut</strong></span> <span class='ocrx_word' id='word_1_142' title='bbox 1606 2001 1887 2054; x_wconf 87' lang='lat' dir='ltr'><strong>conﬁrmet</strong></span> <span class='ocrx_word' id='word_1_143' title='bbox 1924 2014 2074 2054; x_wconf 88' lang='lat' dir='ltr'><strong>suam</strong></span> 
     </span>
    </p>
   </div>
   <div class='ocr_carea' id='block_1_20' title="bbox 495 2087 2072 2162">
    <p class='ocr_par' dir='ltr' id='par_1_20' title="bbox 495 2087 2072 2162">
     <span class='ocr_line' id='line_1_20' title="bbox 495 2087 2072 2162; baseline 0.002 -23"><span class='ocrx_word' id='word_1_144' title='bbox 495 2087 546 2140; x_wconf 93' lang='lat' dir='ltr'><strong>in</strong></span> <span class='ocrx_word' id='word_1_145' title='bbox 579 2089 721 2141; x_wconf 85' lang='lat' dir='ltr'><strong>illum</strong></span> <span class='ocrx_word' id='word_1_146' title='bbox 754 2091 1179 2159; x_wconf 87' lang='lat' dir='ltr'><strong>promissionem.</strong></span> <span class='ocrx_word' id='word_1_147' title='bbox 1212 2091 1472 2162; x_wconf 74' lang='lat' dir='ltr'><strong>Disposuit</strong></span> <span class='ocrx_word' id='word_1_148' title='bbox 1498 2093 1662 2156; x_wconf 91' lang='lat' dir='ltr'><strong>enim,</strong></span> <span class='ocrx_word' id='word_1_149' title='bbox 1698 2092 1884 2160; x_wconf 91' lang='lat' dir='ltr'><strong>inquit,</strong></span> <span class='ocrx_word' id='word_1_150' title='bbox 1914 2099 2072 2144; x_wconf 81' lang='lat' dir='ltr'><strong>testu-</strong></span> 
     </span>
    </p>
   </div>
   <div class='ocr_carea' id='block_1_21' title="bbox 494 2180 2075 2236">
    <p class='ocr_par' dir='ltr' id='par_1_21' title="bbox 494 2180 2075 2236">
     <span class='ocr_line' id='line_1_21' title="bbox 494 2180 2075 2236; baseline 0.003 -7"><span class='ocrx_word' id='word_1_151' title='bbox 494 2190 715 2231; x_wconf 79' lang='lat' dir='ltr'><strong>mentum</strong></span> <span class='ocrx_word' id='word_1_152' title='bbox 746 2181 916 2234; x_wconf 84' lang='lat' dir='ltr'><strong>dicens</strong></span> <span class='ocrx_word' id='word_1_153' title='bbox 943 2197 963 2234; x_wconf 91' lang='lat'><strong><em>:</em></strong></span> <span class='ocrx_word' id='word_1_154' title='bbox 994 2181 1188 2235; x_wconf 83' lang='lat' dir='ltr'><strong>Semini</strong></span> <span class='ocrx_word' id='word_1_155' title='bbox 1213 2191 1300 2234; x_wconf 91' lang='lat' dir='ltr'><strong>tuo</strong></span> <span class='ocrx_word' id='word_1_156' title='bbox 1329 2182 1458 2235; x_wconf 85' lang='lat' dir='ltr'><strong>dabo</strong></span> <span class='ocrx_word' id='word_1_157' title='bbox 1488 2190 1674 2235; x_wconf 89' lang='lat' dir='ltr'><strong>terram</strong></span> <span class='ocrx_word' id='word_1_158' title='bbox 1702 2183 1852 2235; x_wconf 88' lang='lat' dir='ltr'><strong>hanc.</strong></span> <span class='ocrx_word' id='word_1_159' title='bbox 1878 2180 2075 2236; x_wconf 91' lang='lat' dir='ltr'><strong>Deinde</strong></span> 
     </span>
    </p>
   </div>
   <div class='ocr_carea' id='block_1_22' title="bbox 496 2271 2076 2342">
    <p class='ocr_par' dir='ltr' id='par_1_22' title="bbox 496 2271 2076 2342">
     <span class='ocr_line' id='line_1_22' title="bbox 496 2271 2076 2342; baseline 0.006 -22"><span class='ocrx_word' id='word_1_160' title='bbox 496 2280 550 2321; x_wconf 88' lang='lat' dir='ltr'><strong>nt</strong></span> <span class='ocrx_word' id='word_1_161' title='bbox 568 2286 632 2323; x_wconf 83' lang='lat' dir='ltr'><strong>ex</strong></span> <span class='ocrx_word' id='word_1_162' title='bbox 651 2271 925 2327; x_wconf 90' lang='lat' dir='ltr'><strong>latitudine</strong></span> <span class='ocrx_word' id='word_1_163' title='bbox 943 2281 1117 2335; x_wconf 68' lang='lat' dir='ltr'><strong>terrte,</strong></span> <span class='ocrx_word' id='word_1_164' title='bbox 1141 2283 1193 2327; x_wconf 92' lang='lat' dir='ltr'><strong>et</strong></span> <span class='ocrx_word' id='word_1_165' title='bbox 1214 2274 1561 2342; x_wconf 89' lang='lat' dir='ltr'><strong>amplitudine</strong></span> <span class='ocrx_word' id='word_1_166' title='bbox 1579 2274 1921 2328; x_wconf 91' lang='lat' dir='ltr'><strong>terminorum</strong></span> <span class='ocrx_word' id='word_1_167' title='bbox 1939 2276 2076 2329; x_wconf 81' lang='lat' dir='ltr'><strong>scire</strong></span> 
     </span>
    </p>
   </div>
   <div class='ocr_carea' id='block_1_23' title="bbox 499 2361 2072 2434">
    <p class='ocr_par' dir='ltr' id='par_1_23' title="bbox 499 2361 2072 2434">
     <span class='ocr_line' id='line_1_23' title="bbox 499 2361 2072 2434; baseline 0.007 -26"><span class='ocrx_word' id='word_1_168' title='bbox 499 2361 664 2426; x_wconf 82' lang='lat' dir='ltr'><strong>possit</strong></span> <span class='ocrx_word' id='word_1_169' title='bbox 683 2361 856 2428; x_wconf 88' lang='lat' dir='ltr'><strong>justus</strong></span> <span class='ocrx_word' id='word_1_170' title='bbox 882 2373 1135 2431; x_wconf 87' lang='lat' dir='ltr'><strong>quantum</strong></span> <span class='ocrx_word' id='word_1_171' title='bbox 1160 2364 1477 2419; x_wconf 78' lang='lat' dir='ltr'><strong>extendetur</strong></span> <span class='ocrx_word' id='word_1_172' title='bbox 1501 2365 1616 2433; x_wconf 91' lang='lat' dir='ltr'><strong>ejus</strong></span> <span class='ocrx_word' id='word_1_173' title='bbox 1637 2379 1840 2428; x_wconf 91' lang='lat' dir='ltr'><strong>semen,</strong></span> <span class='ocrx_word' id='word_1_174' title='bbox 1866 2365 2034 2434; x_wconf 88' lang='lat' dir='ltr'><strong>inquit</strong></span> <span class='ocrx_word' id='word_1_175' title='bbox 2061 2382 2072 2419; x_wconf 90' lang='lat'>:</span> 
     </span>
    </p>
   </div>
   <div class='ocr_carea' id='block_1_24' title="bbox 493 2449 2072 2524">
    <p class='ocr_par' dir='ltr' id='par_1_24' title="bbox 493 2449 2072 2524">
     <span class='ocr_line' id='line_1_24' title="bbox 493 2449 2072 2524; baseline 0.004 -24"><span class='ocrx_word' id='word_1_176' title='bbox 493 2449 537 2500; x_wconf 82' lang='grc' dir='ltr'><em>Α</em></span> <span class='ocrx_word' id='word_1_177' title='bbox 562 2451 770 2517; x_wconf 79' lang='lat' dir='ltr'><strong>ﬂumine</strong></span> <span class='ocrx_word' id='word_1_178' title='bbox 795 2450 1014 2521; x_wconf 63' lang='lat' dir='ltr'><strong>Egypti</strong></span> <span class='ocrx_word' id='word_1_179' title='bbox 1041 2470 1195 2521; x_wconf 82' lang='lat' dir='ltr'><strong>usque</strong></span> <span class='ocrx_word' id='word_1_180' title='bbox 1221 2453 1289 2506; x_wconf 82' lang='lat' dir='ltr'><strong>ad</strong></span> <span class='ocrx_word' id='word_1_181' title='bbox 1311 2455 1500 2524; x_wconf 84' lang='lat' dir='ltr'><strong>ﬂumen</strong></span> <span class='ocrx_word' id='word_1_182' title='bbox 1528 2454 1842 2524; x_wconf 80' lang='lat' dir='ltr'><strong>Euphratem</strong></span> <span class='ocrx_word' id='word_1_183' title='bbox 1871 2463 2072 2508; x_wconf 87' lang='lat' dir='ltr'><strong>tantum</strong></span> 
     </span>
    </p>
   </div>
   <div class='ocr_carea' id='block_1_25' title="bbox 493 2541 2073 2615">
    <p class='ocr_par' dir='ltr' id='par_1_25' title="bbox 493 2541 2073 2615">
     <span class='ocr_line' id='line_1_25' title="bbox 493 2541 2073 2615; baseline 0.005 -23"><span class='ocrx_word' id='word_1_184' title='bbox 493 2541 596 2592; x_wconf 87' lang='lat' dir='ltr'><strong>erit</strong></span> <span class='ocrx_word' id='word_1_185' title='bbox 624 2555 806 2595; x_wconf 86' lang='lat' dir='ltr'><strong>semen</strong></span> <span class='ocrx_word' id='word_1_186' title='bbox 835 2553 1002 2598; x_wconf 89' lang='lat' dir='ltr'><strong>tuum.</strong></span> <span class='ocrx_word' id='word_1_187' title='bbox 1034 2544 1310 2613; x_wconf 73' lang='lat' dir='ltr'><strong>Perpende</strong></span> <span class='ocrx_word' id='word_1_188' title='bbox 1335 2545 1601 2614; x_wconf 89' lang='lat' dir='ltr'><strong>quomodo</strong></span> <span class='ocrx_word' id='word_1_189' title='bbox 1631 2547 1896 2615; x_wconf 90' lang='lat' dir='ltr'><strong>ingentem</strong></span> <span class='ocrx_word' id='word_1_190' title='bbox 1927 2561 2073 2600; x_wconf 81' lang='lat' dir='ltr'><strong>sem-</strong></span> 
     </span>
    </p>
   </div>
   <div class='ocr_carea' id='block_1_26' title="bbox 496 2633 2072 2705">
    <p class='ocr_par' dir='ltr' id='par_1_26' title="bbox 496 2633 2072 2705">
     <span class='ocr_line' id='line_1_26' title="bbox 496 2633 2072 2705; baseline 0.005 -23"><span class='ocrx_word' id='word_1_191' title='bbox 496 2646 590 2698; x_wconf 84' lang='lat' dir='ltr'><strong>per</strong></span> <span class='ocrx_word' id='word_1_192' title='bbox 624 2633 1010 2687; x_wconf 81' lang='lat' dir='ltr'><strong>multitudinem</strong></span> <span class='ocrx_word' id='word_1_193' title='bbox 1044 2635 1114 2688; x_wconf 90' lang='lat' dir='ltr'><strong>illi</strong></span> <span class='ocrx_word' id='word_1_194' title='bbox 1146 2634 1420 2691; x_wconf 81' lang='lat' dir='ltr'><strong>declarare</strong></span> <span class='ocrx_word' id='word_1_195' title='bbox 1462 2637 1610 2690; x_wconf 80' lang='lat' dir='ltr'><strong>velit.</strong></span> <span class='ocrx_word' id='word_1_196' title='bbox 1643 2636 1899 2705; x_wconf 86' lang='lat' dir='ltr'><strong>Superius</strong></span> <span class='ocrx_word' id='word_1_197' title='bbox 1927 2637 2072 2692; x_wconf 88' lang='lat' dir='ltr'><strong>enim</strong></span> 
     </span>
    </p>
   </div>
   <div class='ocr_carea' id='block_1_27' title="bbox 492 2722 2072 2784">
    <p class='ocr_par' dir='ltr' id='par_1_27' title="bbox 492 2722 2072 2784">
     <span class='ocr_line' id='line_1_27' title="bbox 492 2722 2072 2784; baseline 0.004 -10"><span class='ocrx_word' id='word_1_198' title='bbox 492 2722 525 2774; x_wconf 85' lang='grc' dir='ltr'><strong>(Ι</strong></span> <span class='ocrx_word' id='word_1_199' title='bbox 552 2723 644 2784; x_wconf 81' lang='lat' dir='ltr'><strong>xit,</strong></span> <span class='ocrx_word' id='word_1_200' title='bbox 674 2739 733 2777; x_wconf 89' lang='lat' dir='ltr'><strong>se</strong></span> <span class='ocrx_word' id='word_1_201' title='bbox 759 2725 895 2778; x_wconf 91' lang='lat' dir='ltr'><strong>sicut</strong></span> <span class='ocrx_word' id='word_1_202' title='bbox 921 2725 1360 2779; x_wconf 89' lang='lat' dir='ltr'><strong>innumerabilem</strong></span> <span class='ocrx_word' id='word_1_203' title='bbox 1388 2727 1663 2780; x_wconf 87' lang='lat' dir='ltr'><strong>stellarum</strong></span> <span class='ocrx_word' id='word_1_204' title='bbox 1695 2741 1979 2782; x_wconf 86' lang='lat' dir='ltr'><strong>numerum</strong></span> <span class='ocrx_word' id='word_1_205' title='bbox 2007 2728 2072 2780; x_wconf 90' lang='lat' dir='ltr'><strong>il-</strong></span> 
     </span>
    </p>
   </div>
   <div class='ocr_carea' id='block_1_28' title="bbox 494 2811 2072 2886">
    <p class='ocr_par' dir='ltr' id='par_1_28' title="bbox 494 2811 2072 2886">
     <span class='ocr_line' id='line_1_28' title="bbox 494 2811 2072 2886; baseline 0.006 -24"><span class='ocrx_word' id='word_1_206' title='bbox 494 2811 596 2863; x_wconf 88' lang='lat' dir='ltr'><strong>lam</strong></span> <span class='ocrx_word' id='word_1_207' title='bbox 627 2812 888 2867; x_wconf 89' lang='lat' dir='ltr'><strong>facturum</strong></span> <span class='ocrx_word' id='word_1_208' title='bbox 915 2830 1036 2871; x_wconf 85' lang='lat' dir='ltr'><strong>esse</strong></span> <span class='ocrx_word' id='word_1_209' title='bbox 1065 2834 1078 2869; x_wconf 88' lang='lat'><strong>:</strong></span> <span class='ocrx_word' id='word_1_210' title='bbox 1108 2816 1194 2870; x_wconf 91' lang='lat' dir='ltr'><strong>hic</strong></span> <span class='ocrx_word' id='word_1_211' title='bbox 1227 2828 1280 2870; x_wconf 90' lang='lat' dir='ltr'><strong>et</strong></span> <span class='ocrx_word' id='word_1_212' title='bbox 1326 2817 1602 2871; x_wconf 88' lang='lat' dir='ltr'><strong>latitudine</strong></span> <span class='ocrx_word' id='word_1_213' title='bbox 1632 2815 1816 2871; x_wconf 88' lang='lat' dir='ltr'><strong>ﬁnium</strong></span> <span class='ocrx_word' id='word_1_214' title='bbox 1846 2817 2072 2886; x_wconf 90' lang='lat' dir='ltr'><strong>idipsum</strong></span> 
     </span>
    </p>
   </div>
   <div class='ocr_carea' id='block_1_29' title="bbox 491 2903 2076 2979">
    <p class='ocr_par' dir='ltr' id='par_1_29' title="bbox 491 2903 2076 2979">
     <span class='ocr_line' id='line_1_29' title="bbox 491 2903 2076 2979; baseline 0.006 -23"><span class='ocrx_word' id='word_1_215' title='bbox 491 2903 743 2966; x_wconf 87' lang='lat' dir='ltr'><strong>declarat,</strong></span> <span class='ocrx_word' id='word_1_216' title='bbox 789 2915 846 2959; x_wconf 92' lang='grc' dir='ltr'><strong>ιιι</strong></span> <span class='ocrx_word' id='word_1_217' title='bbox 884 2915 939 2960; x_wconf 92' lang='lat' dir='ltr'><strong>et</strong></span> <span class='ocrx_word' id='word_1_218' title='bbox 980 2905 1104 2961; x_wconf 77' lang='lat' dir='ltr'><strong>hinc</strong></span> <span class='ocrx_word' id='word_1_219' title='bbox 1145 2908 1334 2975; x_wconf 88' lang='lat' dir='ltr'><strong>discat,</strong></span> <span class='ocrx_word' id='word_1_220' title='bbox 1379 2925 1538 2979; x_wconf 92' lang='lat' dir='ltr'><strong>quam</strong></span> <span class='ocrx_word' id='word_1_221' title='bbox 1583 2925 1642 2964; x_wconf 86' lang='lat' dir='ltr'><strong>se</strong></span> <span class='ocrx_word' id='word_1_222' title='bbox 1681 2909 1964 2964; x_wconf 88' lang='lat' dir='ltr'><strong>dilatatura</strong></span> <span class='ocrx_word' id='word_1_223' title='bbox 2007 2911 2076 2965; x_wconf 88' lang='lat' dir='ltr'><strong>sit</strong></span> 
     </span>
    </p>
   </div>
   <div class='ocr_carea' id='block_1_30' title="bbox 492 2995 2074 3072">
    <p class='ocr_par' dir='ltr' id='par_1_30' title="bbox 492 2995 2074 3072">
     <span class='ocr_line' id='line_1_30' title="bbox 492 2995 2074 3072; baseline 0.004 -25"><span class='ocrx_word' id='word_1_224' title='bbox 492 2995 773 3049; x_wconf 86' lang='lat' dir='ltr'><strong>multitudo</strong></span> <span class='ocrx_word' id='word_1_225' title='bbox 801 2998 992 3052; x_wconf 86' lang='lat' dir='ltr'><strong>futura.</strong></span> <span class='ocrx_word' id='word_1_226' title='bbox 1018 2999 1198 3069; x_wconf 82' lang='lat' dir='ltr'><strong>Neque</strong></span> <span class='ocrx_word' id='word_1_227' title='bbox 1226 2999 1326 3054; x_wconf 90' lang='lat' dir='ltr'><strong>hoc</strong></span> <span class='ocrx_word' id='word_1_228' title='bbox 1355 3002 1547 3064; x_wconf 89' lang='lat' dir='ltr'><strong>solum,</strong></span> <span class='ocrx_word' id='word_1_229' title='bbox 1579 3002 1670 3055; x_wconf 88' lang='lat' dir='ltr'><strong>sed</strong></span> <span class='ocrx_word' id='word_1_230' title='bbox 1694 3010 1747 3055; x_wconf 89' lang='lat' dir='ltr'><strong>et</strong></span> <span class='ocrx_word' id='word_1_231' title='bbox 1775 3001 2074 3072; x_wconf 90' lang='lat' dir='ltr'><strong>specialiter</strong></span> 
     </span>
    </p>
   </div>
   <div class='ocr_carea' id='block_1_31' title="bbox 490 3087 2074 3160">
    <p class='ocr_par' dir='ltr' id='par_1_31' title="bbox 490 3087 2074 3160">
     <span class='ocr_line' id='line_1_31' title="bbox 490 3087 2074 3160; baseline 0.006 -23"><span class='ocrx_word' id='word_1_232' title='bbox 490 3087 728 3153; x_wconf 85' lang='lat' dir='ltr'><strong>gentium</strong></span> <span class='ocrx_word' id='word_1_233' title='bbox 752 3090 1077 3145; x_wconf 87' lang='lat' dir='ltr'><strong>mentionem</strong></span> <span class='ocrx_word' id='word_1_234' title='bbox 1113 3089 1256 3153; x_wconf 84' lang='lat' dir='ltr'><strong>facit,</strong></span> <span class='ocrx_word' id='word_1_235' title='bbox 1289 3106 1513 3160; x_wconf 89' lang='lat' dir='ltr'><strong>quarum</strong></span> <span class='ocrx_word' id='word_1_236' title='bbox 1553 3093 1945 3160; x_wconf 86' lang='lat' dir='ltr'><strong>possessionem</strong></span> <span class='ocrx_word' id='word_1_237' title='bbox 1989 3107 2074 3147; x_wconf 88' lang='lat' dir='ltr'><strong>se-</strong></span> 
     </span>
    </p>
   </div>
   <div class='ocr_carea' id='block_1_32' title="bbox 494 3175 2070 3244">
    <p class='ocr_par' dir='ltr' id='par_1_32' title="bbox 494 3175 2070 3244">
     <span class='ocr_line' id='line_1_32' title="bbox 494 3175 2070 3244; baseline 0.008 -18"><span class='ocrx_word' id='word_1_238' title='bbox 494 3175 620 3228; x_wconf 88' lang='lat' dir='ltr'><strong>mini</strong></span> <span class='ocrx_word' id='word_1_239' title='bbox 653 3177 767 3244; x_wconf 85' lang='lat' dir='ltr'><strong>ejus</strong></span> <span class='ocrx_word' id='word_1_240' title='bbox 811 3181 879 3232; x_wconf 88' lang='lat' dir='ltr'><strong>sit</strong></span> <span class='ocrx_word' id='word_1_241' title='bbox 923 3180 1161 3241; x_wconf 88' lang='lat' dir='ltr'><strong>daturus,</strong></span> <span class='ocrx_word' id='word_1_242' title='bbox 1206 3190 1261 3234; x_wconf 92' lang='lat' dir='ltr'><strong>ut</strong></span> <span class='ocrx_word' id='word_1_243' title='bbox 1290 3198 1352 3234; x_wconf 82' lang='lat' dir='ltr'><strong>ex</strong></span> <span class='ocrx_word' id='word_1_244' title='bbox 1382 3181 1465 3235; x_wconf 92' lang='lat' dir='ltr'><strong>his</strong></span> <span class='ocrx_word' id='word_1_245' title='bbox 1505 3183 1753 3236; x_wconf 89' lang='lat' dir='ltr'><strong>omnibus</strong></span> <span class='ocrx_word' id='word_1_246' title='bbox 1789 3183 1858 3238; x_wconf 87' lang='lat' dir='ltr'><strong>de</strong></span> <span class='ocrx_word' id='word_1_247' title='bbox 1895 3199 2070 3240; x_wconf 92' lang='lat' dir='ltr'><strong>rerum</strong></span> 
     </span>
    </p>
   </div>
   <div class='ocr_carea' id='block_1_33' title="bbox 493 3271 2070 3346">
    <p class='ocr_par' dir='ltr' id='par_1_33' title="bbox 493 3271 2070 3346">
     <span class='ocr_line' id='line_1_33' title="bbox 493 3271 2070 3346; baseline 0.009 -28"><span class='ocrx_word' id='word_1_248' title='bbox 493 3279 686 3320; x_wconf 86' lang='lat' dir='ltr'><strong>eventu</strong></span> <span class='ocrx_word' id='word_1_249' title='bbox 713 3283 932 3324; x_wconf 86' lang='lat' dir='ltr'><strong>securus</strong></span> <span class='ocrx_word' id='word_1_250' title='bbox 961 3271 1272 3326; x_wconf 88' lang='lat' dir='ltr'><strong>redderetur</strong></span> <span class='ocrx_word' id='word_1_251' title='bbox 1295 3273 1483 3343; x_wconf 88' lang='lat' dir='ltr'><strong>justus.</strong></span> <span class='ocrx_word' id='word_1_252' title='bbox 1515 3275 1580 3328; x_wconf 85' lang='lat' dir='ltr'><strong>Et</strong></span> <span class='ocrx_word' id='word_1_253' title='bbox 1606 3291 1728 3330; x_wconf 92' lang='lat' dir='ltr'><strong>cum</strong></span> <span class='ocrx_word' id='word_1_254' title='bbox 1760 3286 1918 3331; x_wconf 79' lang='lat' dir='ltr'><strong>tanta:</strong></span> <span class='ocrx_word' id='word_1_255' title='bbox 1948 3294 2070 3346; x_wconf 89' lang='lat' dir='ltr'><strong>pro-</strong></span> 
     </span>
    </p>
   </div>
   <div class='ocr_carea' id='block_1_34' title="bbox 496 3361 2074 3436">
    <p class='ocr_par' dir='ltr' id='par_1_34' title="bbox 496 3361 2074 3436">
     <span class='ocr_line' id='line_1_34' title="bbox 496 3361 2074 3436; baseline 0.009 -25"><span class='ocrx_word' id='word_1_256' title='bbox 496 3361 776 3417; x_wconf 79' lang='lat' dir='ltr'><strong>missiones</strong></span> <span class='ocrx_word' id='word_1_257' title='bbox 802 3374 981 3418; x_wconf 84' lang='lat' dir='ltr'><strong>essent</strong></span> <span class='ocrx_word' id='word_1_258' title='bbox 1003 3364 1176 3430; x_wconf 72' lang='lat' dir='ltr'><strong>factm,</strong></span> <span class='ocrx_word' id='word_1_259' title='bbox 1205 3365 1377 3420; x_wconf 91' lang='lat' dir='ltr'><strong>adhuc</strong></span> <span class='ocrx_word' id='word_1_260' title='bbox 1400 3371 1592 3422; x_wconf 84' lang='lat' dir='ltr'><strong>mansit</strong></span> <span class='ocrx_word' id='word_1_261' title='bbox 1616 3368 1744 3423; x_wconf 89' lang='lat' dir='ltr'><strong>Sara</strong></span> <span class='ocrx_word' id='word_1_262' title='bbox 1775 3371 1990 3436; x_wconf 69' lang='lat' dir='ltr'><strong>stvrilis,</strong></span> <span class='ocrx_word' id='word_1_263' title='bbox 2017 3379 2074 3425; x_wconf 91' lang='lat' dir='ltr'><strong>et</strong></span> 
     </span>
    </p>
   </div>
   <div class='ocr_carea' id='block_1_35' title="bbox 491 3457 2070 3526">
    <p class='ocr_par' dir='ltr' id='par_1_35' title="bbox 491 3457 2070 3526">
     <span class='ocr_line' id='line_1_35' title="bbox 491 3457 2070 3526; baseline 0.008 -22"><span class='ocrx_word' id='word_1_264' title='bbox 491 3463 742 3507; x_wconf 80' lang='lat' dir='ltr'><strong>senectus</strong></span> <span class='ocrx_word' id='word_1_265' title='bbox 766 3471 949 3509; x_wconf 87' lang='lat' dir='ltr'><strong>eorum</strong></span> <span class='ocrx_word' id='word_1_266' title='bbox 991 3457 1314 3526; x_wconf 81' lang='lat' dir='ltr'><strong>augebatur;</strong></span> <span class='ocrx_word' id='word_1_267' title='bbox 1360 3466 1419 3512; x_wconf 92' lang='lat' dir='ltr'><strong>ut</strong></span> <span class='ocrx_word' id='word_1_268' title='bbox 1459 3473 1582 3513; x_wconf 90' lang='lat' dir='ltr'><strong>cum</strong></span> <span class='ocrx_word' id='word_1_269' title='bbox 1626 3463 1912 3516; x_wconf 83' lang='lat' dir='ltr'><strong>maximum</strong></span> <span class='ocrx_word' id='word_1_270' title='bbox 1952 3462 2070 3517; x_wconf 90' lang='lat' dir='ltr'><strong>ﬁdei</strong></span> 
     </span>
    </p>
   </div>
   <div class='ocr_carea' id='block_1_36' title="bbox 489 3545 2071 3612">
    <p class='ocr_par' dir='ltr' id='par_1_36' title="bbox 489 3545 2071 3612">
     <span class='ocr_line' id='line_1_36' title="bbox 489 3545 2071 3612; baseline 0.006 -17"><span class='ocrx_word' id='word_1_271' title='bbox 489 3557 598 3596; x_wconf 68' lang='lat' dir='ltr'><strong>suae</strong></span> <span class='ocrx_word' id='word_1_272' title='bbox 623 3545 832 3612; x_wconf 89' lang='lat' dir='ltr'><strong>signum</strong></span> <span class='ocrx_word' id='word_1_273' title='bbox 865 3547 1176 3610; x_wconf 85' lang='lat' dir='ltr'><strong>edidissent,</strong></span> <span class='ocrx_word' id='word_1_274' title='bbox 1207 3558 1330 3602; x_wconf 91' lang='lat' dir='ltr'><strong>tunc</strong></span> <span class='ocrx_word' id='word_1_275' title='bbox 1368 3549 1566 3604; x_wconf 88' lang='lat' dir='ltr'><strong>scirent</strong></span> <span class='ocrx_word' id='word_1_276' title='bbox 1603 3561 1658 3605; x_wconf 91' lang='lat' dir='ltr'><strong>et</strong></span> <span class='ocrx_word' id='word_1_277' title='bbox 1700 3551 1943 3607; x_wconf 77' lang='lat' dir='ltr'><strong>humana:</strong></span> <span class='ocrx_word' id='word_1_278' title='bbox 1972 3568 2071 3606; x_wconf 90' lang='lat' dir='ltr'><strong>na-</strong></span> 
     </span>
    </p>
   </div>
   <div class='ocr_carea' id='block_1_37' title="bbox 491 3635 2068 3710">
    <p class='ocr_par' dir='ltr' id='par_1_37' title="bbox 491 3635 2068 3710">
     <span class='ocr_line' id='line_1_37' title="bbox 491 3635 2068 3710; baseline 0.006 -23"><span class='ocrx_word' id='word_1_279' title='bbox 491 3642 626 3687; x_wconf 68' lang='lat' dir='ltr'><strong>tura:</strong></span> <span class='ocrx_word' id='word_1_280' title='bbox 653 3635 1034 3703; x_wconf 89' lang='lat' dir='ltr'><strong>inﬁrmitatem,</strong></span> <span class='ocrx_word' id='word_1_281' title='bbox 1064 3649 1117 3692; x_wconf 92' lang='lat' dir='ltr'><strong>et</strong></span> <span class='ocrx_word' id='word_1_282' title='bbox 1153 3638 1347 3692; x_wconf 65' lang='lat' dir='ltr'><strong>divinae</strong></span> <span class='ocrx_word' id='word_1_283' title='bbox 1377 3640 1586 3694; x_wconf 86' lang='lat' dir='ltr'><strong>virtutis</strong></span> <span class='ocrx_word' id='word_1_284' title='bbox 1629 3642 2068 3710; x_wconf 83' lang='lat' dir='ltr'><strong>magnitudinem.</strong></span> 
     </span>
    </p>
   </div>
   <div class='ocr_carea' id='block_1_38' title="bbox 562 3723 2072 3802">
    <p class='ocr_par' dir='ltr' id='par_1_38' title="bbox 562 3723 2072 3802">
     <span class='ocr_line' id='line_1_38' title="bbox 562 3723 2072 3802; baseline 0.007 -27"><span class='ocrx_word' id='word_1_285' title='bbox 562 3723 775 3777; x_wconf 81' lang='lat' dir='ltr'><strong>Moralis</strong></span> <span class='ocrx_word' id='word_1_286' title='bbox 801 3725 1121 3793; x_wconf 76' lang='lat' dir='ltr'><strong>exhortatio;</strong></span> <span class='ocrx_word' id='word_1_287' title='bbox 1150 3729 1324 3798; x_wconf 83' lang='lat' dir='ltr'><strong>gulam</strong></span> <span class='ocrx_word' id='word_1_288' title='bbox 1351 3739 1396 3783; x_wconf 89' lang='lat' dir='ltr'><strong>et</strong></span> <span class='ocrx_word' id='word_1_289' title='bbox 1423 3731 1687 3798; x_wconf 76' lang='lat' dir='ltr'><strong>crapulam</strong></span> <span class='ocrx_word' id='word_1_290' title='bbox 1726 3733 1984 3802; x_wconf 79' lang='lat' dir='ltr'><strong>pro/ligat.</strong></span> <span class='ocrx_word' id='word_1_291' title='bbox 2001 3761 2072 3773; x_wconf 89' lang='lat'><strong>—-</strong></span> 
     </span>
    </p>
   </div>
   <div class='ocr_carea' id='block_1_39' title="bbox 490 3812 2070 3890">
    <p class='ocr_par' dir='ltr' id='par_1_39' title="bbox 490 3812 2070 3890">
     <span class='ocr_line' id='line_1_39' title="bbox 490 3812 2070 3890; baseline 0.007 -23"><span class='ocrx_word' id='word_1_292' title='bbox 490 3812 688 3868; x_wconf 78' lang='lat' dir='ltr'><strong>Verum</strong></span> <span class='ocrx_word' id='word_1_293' title='bbox 714 3831 780 3869; x_wconf 92' lang='lat' dir='ltr'><strong>ne</strong></span> <span class='ocrx_word' id='word_1_294' title='bbox 807 3817 998 3871; x_wconf 89' lang='lat' dir='ltr'><strong>iterum</strong></span> <span class='ocrx_word' id='word_1_295' title='bbox 1028 3817 1297 3886; x_wconf 88' lang='lat' dir='ltr'><strong>aliquanto</strong></span> <span class='ocrx_word' id='word_1_296' title='bbox 1321 3819 1529 3890; x_wconf 81' lang='lat' dir='ltr'><strong>longius</strong></span> <span class='ocrx_word' id='word_1_297' title='bbox 1550 3837 1852 3876; x_wconf 89' lang='lat' dir='ltr'><strong>sermonem</strong></span> <span class='ocrx_word' id='word_1_298' title='bbox 1877 3833 2070 3878; x_wconf 80' lang='lat' dir='ltr'><strong>exten-</strong></span> 
     </span>
    </p>
   </div>
   <div class='ocr_carea' id='block_1_40' title="bbox 488 3903 2070 3978">
    <p class='ocr_par' dir='ltr' id='par_1_40' title="bbox 488 3903 2070 3978">
     <span class='ocr_line' id='line_1_40' title="bbox 488 3903 2070 3978; baseline 0.008 -23"><span class='ocrx_word' id='word_1_299' title='bbox 488 3903 698 3968; x_wconf 86' lang='lat' dir='ltr'><strong>damus,</strong></span> <span class='ocrx_word' id='word_1_300' title='bbox 731 3905 816 3959; x_wconf 88' lang='lat' dir='ltr'><strong>hic</strong></span> <span class='ocrx_word' id='word_1_301' title='bbox 846 3907 1002 3961; x_wconf 83' lang='lat' dir='ltr'><strong>linem</strong></span> <span class='ocrx_word' id='word_1_302' title='bbox 1030 3906 1275 3978; x_wconf 86' lang='lat' dir='ltr'><strong>loquendi</strong></span> <span class='ocrx_word' id='word_1_303' title='bbox 1316 3909 1570 3966; x_wconf 84' lang='lat' dir='ltr'><strong>faciamus</strong></span> <span class='ocrx_word' id='word_1_304' title='bbox 1609 3930 1620 3964; x_wconf 94' lang='lat'>:</span> <span class='ocrx_word' id='word_1_305' title='bbox 1659 3927 1754 3968; x_wconf 89' lang='lat' dir='ltr'><strong>vos</strong></span> <span class='ocrx_word' id='word_1_306' title='bbox 1782 3913 2070 3968; x_wconf 85' lang='lat' dir='ltr'><strong>obsecran-</strong></span> 
     </span>
    </p>
   </div>
   <div class='ocr_carea' id='block_1_41' title="bbox 490 3998 2065 4074">
    <p class='ocr_par' dir='ltr' id='par_1_41' title="bbox 490 3998 2065 4074">
     <span class='ocr_line' id='line_1_41' title="bbox 490 3998 2065 4074; baseline 0.01 -28"><span class='ocrx_word' id='word_1_307' title='bbox 490 4005 570 4048; x_wconf 88' lang='lat' dir='ltr'><strong>tes</strong></span> <span class='ocrx_word' id='word_1_308' title='bbox 600 4006 656 4048; x_wconf 91' lang='lat' dir='ltr'><strong>ut</strong></span> <span class='ocrx_word' id='word_1_309' title='bbox 686 3998 977 4052; x_wconf 84' lang='lat' dir='ltr'><strong>imitatores</strong></span> <span class='ocrx_word' id='word_1_310' title='bbox 1003 4000 1118 4053; x_wconf 78' lang='lat' dir='ltr'><strong>sitis</strong></span> <span class='ocrx_word' id='word_1_311' title='bbox 1148 4001 1302 4070; x_wconf 85' lang='lat' dir='ltr'><strong>hujus</strong></span> <span class='ocrx_word' id='word_1_312' title='bbox 1330 4003 1658 4071; x_wconf 77' lang='lat' dir='ltr'><strong>patriarchm.</strong></span> <span class='ocrx_word' id='word_1_313' title='bbox 1689 4004 1870 4074; x_wconf 89' lang='lat' dir='ltr'><strong>Cogita</strong></span> <span class='ocrx_word' id='word_1_314' title='bbox 1902 4008 2065 4073; x_wconf 87' lang='lat' dir='ltr'><strong>enim,</strong></span> 
     </span>
    </p>
   </div>
   <div class='ocr_carea' id='block_1_42' title="bbox 487 4085 2068 4166">
    <p class='ocr_par' dir='ltr' id='par_1_42' title="bbox 487 4085 2068 4166">
     <span class='ocr_line' id='line_1_42' title="bbox 487 4085 2068 4166; baseline 0.007 -27"><span class='ocrx_word' id='word_1_315' title='bbox 487 4085 702 4152; x_wconf 82' lang='lat' dir='ltr'><strong>dilecte,</strong></span> <span class='ocrx_word' id='word_1_316' title='bbox 733 4091 1000 4158; x_wconf 91' lang='lat' dir='ltr'><strong>quomodo</strong></span> <span class='ocrx_word' id='word_1_317' title='bbox 1041 4102 1255 4161; x_wconf 86' lang='lat' dir='ltr'><strong>propter</strong></span> <span class='ocrx_word' id='word_1_318' title='bbox 1294 4095 1449 4150; x_wconf 88' lang='lat' dir='ltr'><strong>verba</strong></span> <span class='ocrx_word' id='word_1_319' title='bbox 1491 4095 1580 4148; x_wconf 91' lang='lat' dir='ltr'><strong>illa</strong></span> <span class='ocrx_word' id='word_1_320' title='bbox 1621 4110 1739 4164; x_wconf 77' lang='lat' dir='ltr'><strong>qua:</strong></span> <span class='ocrx_word' id='word_1_321' title='bbox 1782 4096 1846 4150; x_wconf 89' lang='lat' dir='ltr'><strong>ad</strong></span> <span class='ocrx_word' id='word_1_322' title='bbox 1890 4113 2068 4166; x_wconf 89' lang='lat' dir='ltr'><strong>regem</strong></span> 
     </span>
    </p>
   </div>
   <div class='ocr_carea' id='block_1_43' title="bbox 491 4180 2070 4256">
    <p class='ocr_par' dir='ltr' id='par_1_43' title="bbox 491 4180 2070 4256">
     <span class='ocr_line' id='line_1_43' title="bbox 491 4180 2070 4256; baseline 0.008 -25"><span class='ocrx_word' id='word_1_323' title='bbox 491 4180 843 4234; x_wconf 60' lang='lat' dir='ltr'><strong>bodimornm</strong></span> <span class='ocrx_word' id='word_1_324' title='bbox 874 4182 1118 4250; x_wconf 78' lang='lat' dir='ltr'><strong>faciebat,</strong></span> <span class='ocrx_word' id='word_1_325' title='bbox 1156 4186 1264 4238; x_wconf 92' lang='lat' dir='ltr'><strong>imo</strong></span> <span class='ocrx_word' id='word_1_326' title='bbox 1301 4197 1354 4240; x_wconf 88' lang='lat' dir='ltr'><strong>et</strong></span> <span class='ocrx_word' id='word_1_327' title='bbox 1397 4196 1611 4256; x_wconf 89' lang='lat' dir='ltr'><strong>propter</strong></span> <span class='ocrx_word' id='word_1_328' title='bbox 1639 4188 1884 4242; x_wconf 88' lang='lat' dir='ltr'><strong>virtutem</strong></span> <span class='ocrx_word' id='word_1_329' title='bbox 1915 4191 2070 4243; x_wconf 91' lang='lat' dir='ltr'><strong>aliam</strong></span> 
     </span>
    </p>
   </div>
   <div class='ocr_carea' id='block_1_44' title="bbox 489 4277 2067 4342">
    <p class='ocr_par' dir='ltr' id='par_1_44' title="bbox 489 4277 2067 4342">
     <span class='ocr_line' id='line_1_44' title="bbox 489 4277 2067 4342; baseline 0.007 -21"><span class='ocrx_word' id='word_1_330' title='bbox 489 4285 724 4334; x_wconf 87' lang='lat' dir='ltr'><strong>omnem,</strong></span> <span class='ocrx_word' id='word_1_331' title='bbox 766 4288 924 4340; x_wconf 90' lang='lat' dir='ltr'><strong>quam</strong></span> <span class='ocrx_word' id='word_1_332' title='bbox 963 4291 1056 4342; x_wconf 91' lang='lat' dir='ltr'><strong>per</strong></span> <span class='ocrx_word' id='word_1_333' title='bbox 1093 4291 1308 4329; x_wconf 91' lang='lat' dir='ltr'><strong>omnem</strong></span> <span class='ocrx_word' id='word_1_334' title='bbox 1352 4277 1512 4330; x_wconf 91' lang='lat' dir='ltr'><strong>vitam</strong></span> <span class='ocrx_word' id='word_1_335' title='bbox 1563 4293 1714 4332; x_wconf 85' lang='lat' dir='ltr'><strong>suam</strong></span> <span class='ocrx_word' id='word_1_336' title='bbox 1761 4278 2067 4341; x_wconf 86' lang='lat' dir='ltr'><strong>declaravit,</strong></span> 
     </span>
    </p>
   </div>
   <div class='ocr_carea' id='block_1_45' title="bbox 490 4363 2070 4438">
    <p class='ocr_par' dir='ltr' id='par_1_45' title="bbox 490 4363 2070 4438">
     <span class='ocr_line' id='line_1_45' title="bbox 490 4363 2070 4438; baseline 0.006 -25"><span class='ocrx_word' id='word_1_337' title='bbox 490 4369 632 4413; x_wconf 87' lang='lat' dir='ltr'><strong>tanta</strong></span> <span class='ocrx_word' id='word_1_338' title='bbox 665 4363 907 4417; x_wconf 88' lang='lat' dir='ltr'><strong>mercede</strong></span> <span class='ocrx_word' id='word_1_339' title='bbox 935 4380 1055 4417; x_wconf 90' lang='lat' dir='ltr'><strong>eum</strong></span> <span class='ocrx_word' id='word_1_340' title='bbox 1084 4365 1331 4435; x_wconf 90' lang='lat' dir='ltr'><strong>dignatus</strong></span> <span class='ocrx_word' id='word_1_341' title='bbox 1372 4367 1463 4433; x_wconf 92' lang='lat' dir='ltr'><strong>sit,</strong></span> <span class='ocrx_word' id='word_1_342' title='bbox 1505 4378 1560 4422; x_wconf 92' lang='lat' dir='ltr'><strong>et</strong></span> <span class='ocrx_word' id='word_1_343' title='bbox 1587 4378 1782 4438; x_wconf 87' lang='lat' dir='ltr'><strong>quanta</strong></span> <span class='ocrx_word' id='word_1_344' title='bbox 1822 4369 2070 4424; x_wconf 84' lang='lat' dir='ltr'><strong>humani-</strong></span> 
     </span>
    </p>
   </div>
   <div class='ocr_carea' id='block_1_46' title="bbox 491 4453 2072 4532">
    <p class='ocr_par' dir='ltr' id='par_1_46' title="bbox 491 4453 2072 4532">
     <span class='ocr_line' id='line_1_46' title="bbox 491 4453 2072 4532; baseline 0.007 -28"><span class='ocrx_word' id='word_1_345' title='bbox 491 4461 595 4506; x_wconf 86' lang='lat' dir='ltr'><strong>tate</strong></span> <span class='ocrx_word' id='word_1_346' title='bbox 626 4469 682 4506; x_wconf 90' lang='lat' dir='ltr'><strong>se</strong></span> <span class='ocrx_word' id='word_1_347' title='bbox 708 4453 774 4508; x_wconf 91' lang='lat' dir='ltr'><strong>ad</strong></span> <span class='ocrx_word' id='word_1_348' title='bbox 803 4470 925 4509; x_wconf 90' lang='lat' dir='ltr'><strong>eum</strong></span> <span class='ocrx_word' id='word_1_349' title='bbox 956 4459 1438 4514; x_wconf 86' lang='lat' dir='ltr'><strong>accommodaverit</strong></span> <span class='ocrx_word' id='word_1_350' title='bbox 1467 4461 1627 4524; x_wconf 89' lang='lat' dir='ltr'><strong>Deus,</strong></span> <span class='ocrx_word' id='word_1_351' title='bbox 1659 4463 1948 4516; x_wconf 89' lang='lat' dir='ltr'><strong>ostendens</strong></span> <span class='ocrx_word' id='word_1_352' title='bbox 1976 4479 2072 4532; x_wconf 86' lang='lat' dir='ltr'><strong>per</strong></span> 
     </span>
    </p>
   </div>
   <div class='ocr_carea' id='block_1_47' title="bbox 488 4547 2070 4616">
    <p class='ocr_par' dir='ltr' id='par_1_47' title="bbox 488 4547 2070 4616">
     <span class='ocr_line' id='line_1_47' title="bbox 488 4547 2070 4616; baseline 0.006 -19"><span class='ocrx_word' id='word_1_353' title='bbox 488 4559 572 4603; x_wconf 86' lang='lat' dir='ltr'><strong>ea,</strong></span> <span class='ocrx_word' id='word_1_354' title='bbox 602 4560 720 4614; x_wconf 66' lang='lat' dir='ltr'><strong>qute</strong></span> <span class='ocrx_word' id='word_1_355' title='bbox 748 4547 799 4600; x_wconf 93' lang='lat' dir='ltr'><strong>in</strong></span> <span class='ocrx_word' id='word_1_356' title='bbox 838 4549 1188 4615; x_wconf 87' lang='lat' dir='ltr'><strong>patriarcham</strong></span> <span class='ocrx_word' id='word_1_357' title='bbox 1218 4551 1460 4616; x_wconf 89' lang='lat' dir='ltr'><strong>contulit,</strong></span> <span class='ocrx_word' id='word_1_358' title='bbox 1503 4552 1658 4606; x_wconf 89' lang='lat' dir='ltr'><strong>nobis</strong></span> <span class='ocrx_word' id='word_1_359' title='bbox 1688 4553 1934 4606; x_wconf 89' lang='lat' dir='ltr'><strong>omnibus</strong></span> <span class='ocrx_word' id='word_1_360' title='bbox 1961 4569 2070 4606; x_wconf 74' lang='lat' dir='ltr'><strong>sum</strong></span> 
     </span>
    </p>
   </div>
   <div class='ocr_carea' id='block_1_48' title="bbox 489 4635 2070 4713">
    <p class='ocr_par' dir='ltr' id='par_1_48' title="bbox 489 4635 2070 4713">
     <span class='ocr_line' id='line_1_48' title="bbox 489 4635 2070 4713; baseline 0.007 -25"><span class='ocrx_word' id='word_1_361' title='bbox 489 4635 820 4692; x_wconf 69' lang='lat' dir='ltr'><strong>liberalitatis</strong></span> <span class='ocrx_word' id='word_1_362' title='bbox 845 4639 1274 4705; x_wconf 88' lang='lat' dir='ltr'><strong>immensitatem,</strong></span> <span class='ocrx_word' id='word_1_363' title='bbox 1300 4654 1353 4696; x_wconf 91' lang='lat' dir='ltr'><strong>et</strong></span> <span class='ocrx_word' id='word_1_364' title='bbox 1372 4658 1430 4697; x_wconf 89' lang='lat' dir='ltr'><strong>se</strong></span> <span class='ocrx_word' id='word_1_365' title='bbox 1449 4645 1535 4697; x_wconf 89' lang='lat' dir='ltr'><strong>vel</strong></span> <span class='ocrx_word' id='word_1_366' title='bbox 1562 4645 1794 4698; x_wconf 75' lang='lat' dir='ltr'><strong>minimis</strong></span> <span class='ocrx_word' id='word_1_367' title='bbox 1819 4646 2070 4713; x_wconf 88' lang='lat' dir='ltr'><strong>operibus</strong></span> 
     </span>
    </p>
   </div>
   <div class='ocr_carea' id='block_1_49' title="bbox 487 4731 2068 4803">
    <p class='ocr_par' dir='ltr' id='par_1_49' title="bbox 487 4731 2068 4803">
     <span class='ocr_line' id='line_1_49' title="bbox 487 4731 2068 4803; baseline 0.006 -23"><span class='ocrx_word' id='word_1_368' title='bbox 487 4737 854 4797; x_wconf 87' lang='lat' dir='ltr'><strong>provocatum,</strong></span> <span class='ocrx_word' id='word_1_369' title='bbox 887 4745 984 4783; x_wconf 92' lang='lat' dir='ltr'><strong>nos</strong></span> <span class='ocrx_word' id='word_1_370' title='bbox 1009 4731 1208 4801; x_wconf 90' lang='lat' dir='ltr'><strong>absque</strong></span> <span class='ocrx_word' id='word_1_371' title='bbox 1234 4747 1381 4787; x_wconf 88' lang='lat' dir='ltr'><strong>mora</strong></span> <span class='ocrx_word' id='word_1_372' title='bbox 1409 4737 1613 4803; x_wconf 88' lang='lat' dir='ltr'><strong>magnis</strong></span> <span class='ocrx_word' id='word_1_373' title='bbox 1639 4734 1793 4788; x_wconf 90' lang='lat' dir='ltr'><strong>donis</strong></span> <span class='ocrx_word' id='word_1_374' title='bbox 1819 4751 2068 4789; x_wconf 86' lang='lat' dir='ltr'><strong>remune-</strong></span> 
     </span>
    </p>
   </div>
   <div class='ocr_carea' id='block_1_50' title="bbox 486 4819 2068 4892">
    <p class='ocr_par' dir='ltr' id='par_1_50' title="bbox 486 4819 2068 4892">
     <span class='ocr_line' id='line_1_50' title="bbox 486 4819 2068 4892; baseline 0.004 -21"><span class='ocrx_word' id='word_1_375' title='bbox 486 4819 609 4882; x_wconf 85' lang='lat' dir='ltr'><strong>rari,</strong></span> <span class='ocrx_word' id='word_1_376' title='bbox 641 4819 686 4872; x_wconf 89' lang='lat' dir='ltr'><strong>si</strong></span> <span class='ocrx_word' id='word_1_377' title='bbox 716 4821 977 4874; x_wconf 89' lang='lat' dir='ltr'><strong>sinceram</strong></span> <span class='ocrx_word' id='word_1_378' title='bbox 1022 4821 1200 4887; x_wconf 87' lang='lat' dir='ltr'><strong>ﬁdem,</strong></span> <span class='ocrx_word' id='word_1_379' title='bbox 1243 4823 1377 4876; x_wconf 91' lang='lat' dir='ltr'><strong>sicut</strong></span> <span class='ocrx_word' id='word_1_380' title='bbox 1407 4823 1496 4878; x_wconf 90' lang='lat' dir='ltr'><strong>ille</strong></span> <span class='ocrx_word' id='word_1_381' title='bbox 1523 4823 1720 4892; x_wconf 88' lang='lat' dir='ltr'><strong>justus,</strong></span> <span class='ocrx_word' id='word_1_382' title='bbox 1761 4824 2068 4886; x_wconf 82' lang='lat' dir='ltr'><strong>exhibueri-</strong></span> 
     </span>
    </p>
   </div>
   <div class='ocr_carea' id='block_1_51' title="bbox 486 4913 2070 4984">
    <p class='ocr_par' dir='ltr' id='par_1_51' title="bbox 486 4913 2070 4984">
     <span class='ocr_line' id='line_1_51' title="bbox 486 4913 2070 4984; baseline 0.006 -22"><span class='ocrx_word' id='word_1_383' title='bbox 486 4928 624 4975; x_wconf 87' lang='lat' dir='ltr'><strong>mus,</strong></span> <span class='ocrx_word' id='word_1_384' title='bbox 663 4923 719 4967; x_wconf 92' lang='lat' dir='ltr'><strong>et</strong></span> <span class='ocrx_word' id='word_1_385' title='bbox 764 4929 1052 4984; x_wconf 85' lang='lat' dir='ltr'><strong>numquam</strong></span> <span class='ocrx_word' id='word_1_386' title='bbox 1103 4924 1281 4969; x_wconf 90' lang='lat' dir='ltr'><strong>mente</strong></span> <span class='ocrx_word' id='word_1_387' title='bbox 1323 4913 1771 4980; x_wconf 88' lang='lat' dir='ltr'><strong>ﬁuctuaverimus,</strong></span> <span class='ocrx_word' id='word_1_388' title='bbox 1808 4917 1900 4970; x_wconf 89' lang='lat' dir='ltr'><strong>sed</strong></span> <span class='ocrx_word' id='word_1_389' title='bbox 1942 4933 2070 4972; x_wconf 88' lang='lat' dir='ltr'><strong>con-</strong></span> 
     </span>
    </p>
   </div>
   <div class='ocr_carea' id='block_1_52' title="bbox 483 5004 2068 5073">
    <p class='ocr_par' dir='ltr' id='par_1_52' title="bbox 483 5004 2068 5073">
     <span class='ocr_line' id='line_1_52' title="bbox 483 5004 2068 5073; baseline 0.008 -20"><span class='ocrx_word' id='word_1_390' title='bbox 483 5012 711 5056; x_wconf 79' lang='lat' dir='ltr'><strong>stantem</strong></span> <span class='ocrx_word' id='word_1_391' title='bbox 739 5015 795 5058; x_wconf 87' lang='lat' dir='ltr'><strong>et</strong></span> <span class='ocrx_word' id='word_1_392' title='bbox 821 5004 1031 5059; x_wconf 91' lang='lat' dir='ltr'><strong>ﬁrmam</strong></span> <span class='ocrx_word' id='word_1_393' title='bbox 1066 5005 1210 5060; x_wconf 88' lang='lat' dir='ltr'><strong>illam</strong></span> <span class='ocrx_word' id='word_1_394' title='bbox 1259 5006 1618 5063; x_wconf 88' lang='lat' dir='ltr'><strong>habuerimus.</strong></span> <span class='ocrx_word' id='word_1_395' title='bbox 1656 5008 1790 5062; x_wconf 87' lang='lat' dir='ltr'><strong>Hinc</strong></span> <span class='ocrx_word' id='word_1_396' title='bbox 1833 5014 1975 5073; x_wconf 86' lang='lat' dir='ltr'><strong>enim</strong></span> <span class='ocrx_word' id='word_1_397' title='bbox 2016 5021 2068 5064; x_wconf 88' lang='lat' dir='ltr'><strong>ct</strong></span> 
     </span>
    </p>
   </div>
   <div class='ocr_carea' id='block_1_53' title="bbox 485 5092 2065 5168">
    <p class='ocr_par' dir='ltr' id='par_1_53' title="bbox 485 5092 2065 5168">
     <span class='ocr_line' id='line_1_53' title="bbox 485 5092 2065 5168; baseline 0.008 -24"><span class='ocrx_word' id='word_1_398' title='bbox 485 5092 577 5146; x_wconf 89' lang='lat' dir='ltr'><strong>ille</strong></span> <span class='ocrx_word' id='word_1_399' title='bbox 615 5095 975 5150; x_wconf 88' lang='lat' dir='ltr'><strong>celebritatem</strong></span> <span class='ocrx_word' id='word_1_400' title='bbox 1021 5099 1335 5168; x_wconf 88' lang='lat' dir='ltr'><strong>laudemque</strong></span> <span class='ocrx_word' id='word_1_401' title='bbox 1377 5109 1735 5168; x_wconf 88' lang='lat' dir='ltr'><strong>consequutus</strong></span> <span class='ocrx_word' id='word_1_402' title='bbox 1779 5111 1881 5155; x_wconf 92' lang='lat' dir='ltr'><strong>est.</strong></span> <span class='ocrx_word' id='word_1_403' title='bbox 1930 5105 2065 5156; x_wconf 86' lang='lat' dir='ltr'><strong>Audi</strong></span> 
     </span>
    </p>
   </div>
   <div class='ocr_carea' id='block_1_54' title="bbox 484 5186 2064 5262">
    <p class='ocr_par' dir='ltr' id='par_1_54' title="bbox 484 5186 2064 5262">
     <span class='ocr_line' id='line_1_54' title="bbox 484 5186 2064 5262; baseline 0.006 -26"><span class='ocrx_word' id='word_1_404' title='bbox 484 5186 643 5253; x_wconf 81' lang='lat' dir='ltr'><strong>igitur</strong></span> <span class='ocrx_word' id='word_1_405' title='bbox 671 5187 882 5242; x_wconf 87' lang='lat' dir='ltr'><strong>beatum</strong></span> <span class='ocrx_word' id='word_1_406' title='bbox 906 5189 1124 5244; x_wconf 80' lang='lat' dir='ltr'><strong>Paulum</strong></span> <span class='ocrx_word' id='word_1_407' title='bbox 1153 5191 1527 5260; x_wconf 62' lang='lat' dir='ltr'><strong>praedicantem</strong></span> <span class='ocrx_word' id='word_1_408' title='bbox 1553 5193 1667 5261; x_wconf 88' lang='lat' dir='ltr'><strong>ejus</strong></span> <span class='ocrx_word' id='word_1_409' title='bbox 1701 5194 1879 5258; x_wconf 80' lang='lat' dir='ltr'><strong>fidem,</strong></span> <span class='ocrx_word' id='word_1_410' title='bbox 1909 5211 2064 5262; x_wconf 92' lang='lat' dir='ltr'><strong>quam</strong></span> 
     </span>
    </p>
   </div>
   <div class='ocr_carea' id='block_1_55' title="bbox 483 5277 2062 5350">
    <p class='ocr_par' dir='ltr' id='par_1_55' title="bbox 483 5277 2062 5350">
     <span class='ocr_line' id='line_1_55' title="bbox 483 5277 2062 5350; baseline 0.006 -22"><span class='ocrx_word' id='word_1_411' title='bbox 483 5277 551 5329; x_wconf 87' lang='lat' dir='ltr'><strong>ab</strong></span> <span class='ocrx_word' id='word_1_412' title='bbox 581 5277 730 5332; x_wconf 86' lang='lat' dir='ltr'><strong>initio</strong></span> <span class='ocrx_word' id='word_1_413' title='bbox 755 5280 988 5334; x_wconf 84' lang='lat' dir='ltr'><strong>ostendit</strong></span> <span class='ocrx_word' id='word_1_414' title='bbox 1017 5299 1030 5334; x_wconf 89' lang='lat'>:</span> <span class='ocrx_word' id='word_1_415' title='bbox 1060 5281 1187 5334; x_wconf 89' lang='lat' dir='ltr'><strong>dicit</strong></span> <span class='ocrx_word' id='word_1_416' title='bbox 1212 5284 1354 5336; x_wconf 89' lang='lat' dir='ltr'><strong>enim</strong></span> <span class='ocrx_word' id='word_1_417' title='bbox 1389 5301 1400 5336; x_wconf 85' lang='lat'>:</span> <span class='ocrx_word' id='word_1_418' title='bbox 1435 5283 1566 5336; x_wconf 83' lang='lat' dir='ltr'><strong>Fide</strong></span> <span class='ocrx_word' id='word_1_419' title='bbox 1612 5295 1815 5337; x_wconf 82' lang='lat' dir='ltr'><strong>vocatus</strong></span> <span class='ocrx_word' id='word_1_420' title='bbox 1856 5285 2062 5350; x_wconf 81' lang='lat' dir='ltr'><strong>Abram,</strong></span> 
     </span>
    </p>
   </div>
   <div class='ocr_carea' id='block_1_56' title="bbox 482 5367 2064 5445">
    <p class='ocr_par' dir='ltr' id='par_1_56' title="bbox 482 5367 2064 5445">
     <span class='ocr_line' id='line_1_56' title="bbox 482 5367 2064 5445; baseline 0.005 -22"><span class='ocrx_word' id='word_1_421' title='bbox 482 5367 694 5423; x_wconf 71' lang='lat' dir='ltr'><strong>obedivit</strong></span> <span class='ocrx_word' id='word_1_422' title='bbox 732 5381 786 5423; x_wconf 86' lang='lat' dir='ltr'><strong>ut</strong></span> <span class='ocrx_word' id='word_1_423' title='bbox 825 5374 978 5425; x_wconf 73' lang='lat' dir='ltr'><strong>exiret</strong></span> <span class='ocrx_word' id='word_1_424' title='bbox 1007 5372 1060 5426; x_wconf 86' lang='lat' dir='ltr'><strong>in</strong></span> <span class='ocrx_word' id='word_1_425' title='bbox 1090 5368 1274 5438; x_wconf 73' lang='lat' dir='ltr'><strong>locum,</strong></span> <span class='ocrx_word' id='word_1_426' title='bbox 1319 5391 1463 5442; x_wconf 78' lang='lat' dir='ltr'><strong>quem</strong></span> <span class='ocrx_word' id='word_1_427' title='bbox 1507 5388 1806 5445; x_wconf 82' lang='lat' dir='ltr'><strong>accepturus</strong></span> <span class='ocrx_word' id='word_1_428' title='bbox 1847 5387 1972 5440; x_wconf 90' lang='lat' dir='ltr'><strong>erat,</strong></span> <span class='ocrx_word' id='word_1_429' title='bbox 2018 5389 2064 5431; x_wconf 86' lang='lat' dir='ltr'><strong>et</strong></span> 
     </span>
    </p>
   </div>
   <div class='ocr_carea' id='block_1_57' title="bbox 483 5459 2066 5536">
    <p class='ocr_par' dir='ltr' id='par_1_57' title="bbox 483 5459 2066 5536">
     <span class='ocr_line' id='line_1_57' title="bbox 483 5459 2066 5536; baseline 0.009 -27"><span class='ocrx_word' id='word_1_430' title='bbox 483 5459 630 5511; x_wconf 73' lang='lat' dir='ltr'><strong>exivit</strong></span> <span class='ocrx_word' id='word_1_431' title='bbox 656 5460 895 5530; x_wconf 85' lang='lat' dir='ltr'><strong>ignorans</strong></span> <span class='ocrx_word' id='word_1_432' title='bbox 922 5479 1019 5531; x_wconf 87' lang='lat' dir='ltr'><strong>quo</strong></span> <span class='ocrx_word' id='word_1_433' title='bbox 1048 5465 1139 5516; x_wconf 87' lang='lat' dir='ltr'><strong>iret</strong></span> <span class='ocrx_word' id='word_1_434' title='bbox 1170 5462 1351 5530; x_wconf 86' lang='lat' dir='ltr'><strong>(Hebr.</strong></span> <span class='ocrx_word' id='word_1_435' title='bbox 1390 5467 1471 5520; x_wconf 81' lang='lat' dir='ltr'><strong>ll.</strong></span> <span class='ocrx_word' id='word_1_436' title='bbox 1501 5466 1555 5536; x_wconf 91' lang='grc'><strong>8)</strong></span> <span class='ocrx_word' id='word_1_437' title='bbox 1597 5485 1609 5520; x_wconf 88' lang='lat'>:</span> <span class='ocrx_word' id='word_1_438' title='bbox 1639 5467 1764 5520; x_wconf 88' lang='lat' dir='ltr'><strong>illttd</strong></span> <span class='ocrx_word' id='word_1_439' title='bbox 1795 5468 1950 5522; x_wconf 85' lang='lat' dir='ltr'><strong>nobis</strong></span> <span class='ocrx_word' id='word_1_440' title='bbox 1979 5469 2066 5522; x_wconf 82' lang='grc' dir='ltr'><strong>ἰηι-</strong></span> 
     </span>
    </p>
   </div>
   <div class='ocr_carea' id='block_1_58' title="bbox 481 5545 2063 5626">
    <p class='ocr_par' dir='ltr' id='par_1_58' title="bbox 481 5545 2063 5626">
     <span class='ocr_line' id='line_1_58' title="bbox 481 5545 2063 5626; baseline 0.008 -28"><span class='ocrx_word' id='word_1_441' title='bbox 481 5545 720 5613; x_wconf 83' lang='lat' dir='ltr'><strong>sinuans,</strong></span> <span class='ocrx_word' id='word_1_442' title='bbox 751 5551 889 5619; x_wconf 90' lang='lat' dir='ltr'><strong>quod</strong></span> <span class='ocrx_word' id='word_1_443' title='bbox 919 5567 946 5603; x_wconf 91' lang='lat' dir='ltr'><strong>a</strong></span> <span class='ocrx_word' id='word_1_444' title='bbox 975 5551 1084 5606; x_wconf 90' lang='lat' dir='ltr'><strong>Deo</strong></span> <span class='ocrx_word' id='word_1_445' title='bbox 1123 5552 1324 5608; x_wconf 89' lang='lat' dir='ltr'><strong>dictum</strong></span> <span class='ocrx_word' id='word_1_446' title='bbox 1350 5565 1431 5609; x_wconf 90' lang='lat' dir='ltr'><strong>est</strong></span> <span class='ocrx_word' id='word_1_447' title='bbox 1467 5573 1480 5608; x_wconf 89' lang='lat'><strong>:</strong></span> <span class='ocrx_word' id='word_1_448' title='bbox 1525 5557 1781 5626; x_wconf 66' lang='lat' dir='ltr'><strong>Egredire</strong></span> <span class='ocrx_word' id='word_1_449' title='bbox 1823 5559 1886 5611; x_wconf 87' lang='lat' dir='ltr'><strong>de</strong></span> <span class='ocrx_word' id='word_1_450' title='bbox 1929 5567 2063 5612; x_wconf 84' lang='lat' dir='ltr'><strong>terra</strong></span> 
     </span>
    </p>
   </div>
   <div class='ocr_carea' id='block_1_59' title="bbox 482 5641 2058 5718">
    <p class='ocr_par' dir='ltr' id='par_1_59' title="bbox 482 5641 2058 5718">
     <span class='ocr_line' id='line_1_59' title="bbox 482 5641 2058 5718; baseline 0.011 -33"><span class='ocrx_word' id='word_1_451' title='bbox 482 5645 588 5698; x_wconf 87' lang='lat' dir='ltr'><strong>tua,</strong></span> <span class='ocrx_word' id='word_1_452' title='bbox 619 5647 664 5690; x_wconf 89' lang='lat' dir='ltr'><strong>et</strong></span> <span class='ocrx_word' id='word_1_453' title='bbox 689 5641 798 5692; x_wconf 87' lang='lat' dir='ltr'><strong>veni</strong></span> <span class='ocrx_word' id='word_1_454' title='bbox 823 5643 873 5693; x_wconf 87' lang='lat' dir='ltr'><strong>in</strong></span> <span class='ocrx_word' id='word_1_455' title='bbox 900 5651 1104 5708; x_wconf 88' lang='lat' dir='ltr'><strong>terram,</strong></span> <span class='ocrx_word' id='word_1_456' title='bbox 1134 5660 1283 5712; x_wconf 88' lang='lat' dir='ltr'><strong>quam</strong></span> <span class='ocrx_word' id='word_1_457' title='bbox 1312 5661 1651 5701; x_wconf 75' lang='lat' dir='ltr'><strong>monstraucro</strong></span> <span class='ocrx_word' id='word_1_458' title='bbox 1675 5648 1760 5700; x_wconf 82' lang='lat' dir='ltr'><strong>tibi</strong></span> <span class='ocrx_word' id='word_1_459' title='bbox 1789 5647 1939 5718; x_wconf 80' lang='lat' dir='ltr'><strong>(Gen.</strong></span> <span class='ocrx_word' id='word_1_460' title='bbox 1971 5648 2058 5703; x_wconf 75' lang='grc'><strong>12.</strong></span> 
     </span>
    </p>
   </div>
   <div class='ocr_carea' id='block_1_60' title="bbox 487 5729 2060 5799">
    <p class='ocr_par' dir='ltr' id='par_1_60' title="bbox 487 5729 2060 5799">
     <span class='ocr_line' id='line_1_60' title="bbox 487 5729 2060 5799; baseline 0.013 -20"><span class='ocrx_word' id='word_1_461' title='bbox 487 5729 559 5795; x_wconf 80' lang='lat' dir='ltr'><strong>t).</strong></span> <span class='ocrx_word' id='word_1_462' title='bbox 595 5729 779 5786; x_wconf 66' lang='lat' dir='ltr'><strong>Vidisti</strong></span> <span class='ocrx_word' id='word_1_463' title='bbox 815 5732 972 5789; x_wconf 88' lang='lat' dir='ltr'><strong>ﬁdem</strong></span> <span class='ocrx_word' id='word_1_464' title='bbox 1002 5735 1246 5790; x_wconf 81' lang='lat' dir='ltr'><strong>ﬁrmam?</strong></span> <span class='ocrx_word' id='word_1_465' title='bbox 1273 5735 1449 5791; x_wconf 89' lang='lat' dir='ltr'><strong>vidisti</strong></span> <span class='ocrx_word' id='word_1_466' title='bbox 1487 5747 1719 5794; x_wconf 89' lang='lat' dir='ltr'><strong>mentem</strong></span> <span class='ocrx_word' id='word_1_467' title='bbox 1757 5739 2060 5799; x_wconf 82' lang='lat' dir='ltr'><strong>sinceram?</strong></span> 
     </span>
    </p>
   </div>
   <div class='ocr_carea' id='block_1_61' title="bbox 1222 319 3022 380">
    <p class='ocr_par' dir='ltr' id='par_1_61' title="bbox 1222 319 3022 380">
     <span class='ocr_line' id='line_1_61' title="bbox 1222 319 3022 380; baseline 0.002 -4"><span class='ocrx_word' id='word_1_468' title='bbox 1222 322 1277 376; x_wconf 92' lang='lat' dir='ltr'><strong>S.</strong></span> <span class='ocrx_word' id='word_1_469' title='bbox 1319 321 1592 377; x_wconf 76' lang='lat' dir='ltr'><strong>JOANNIS</strong></span> <span class='ocrx_word' id='word_1_470' title='bbox 1629 319 2092 378; x_wconf 77' lang='lat' dir='ltr'><strong>CllllYSOSTOMl</strong></span> <span class='ocrx_word' id='word_1_471' title='bbox 2134 320 2449 377; x_wconf 68' lang='lat' dir='ltr'><strong>ARCHIEP.</strong></span> <span class='ocrx_word' id='word_1_472' title='bbox 2488 321 3022 380; x_wconf 76' lang='lat' dir='ltr'><strong>CONS‘I‘ANTINOP.</strong></span> 
     </span>
    </p>
   </div>
   <div class='ocr_carea' id='block_1_62' title="bbox 3669 333 3842 398">
    <p class='ocr_par' dir='ltr' id='par_1_62' title="bbox 3669 333 3842 398">
     <span class='ocr_line' id='line_1_62' title="bbox 3669 333 3842 398; baseline 0.012 -12"><span class='ocrx_word' id='word_1_473' title='bbox 3669 333 3776 388; x_wconf 68' lang='lat'><strong>5-58</strong></span> <span class='ocrx_word' id='word_1_474' title='bbox 3839 395 3842 398; x_wconf 42' lang='grc'><em>,</em></span> 
     </span>
    </p>
   </div>
   <div class='ocr_carea' id='block_1_63' title="bbox 2187 432 3850 508">
    <p class='ocr_par' dir='ltr' id='par_1_63' title="bbox 2187 432 3850 508">
     <span class='ocr_line' id='line_1_63' title="bbox 2187 432 3850 508; baseline 0.007 -22"><span class='ocrx_word' id='word_1_475' title='bbox 2187 432 2339 488; x_wconf 83' lang='lat' dir='ltr'><strong>Hune</strong></span> <span class='ocrx_word' id='word_1_476' title='bbox 2376 443 2430 488; x_wconf 89' lang='lat' dir='ltr'><strong>et</strong></span> <span class='ocrx_word' id='word_1_477' title='bbox 2459 450 2557 488; x_wconf 90' lang='lat' dir='ltr'><strong>nos</strong></span> <span class='ocrx_word' id='word_1_478' title='bbox 2583 435 2872 501; x_wconf 88' lang='lat' dir='ltr'><strong>imitemur,</strong></span> <span class='ocrx_word' id='word_1_479' title='bbox 2905 449 2960 492; x_wconf 90' lang='lat' dir='ltr'><strong>et</strong></span> <span class='ocrx_word' id='word_1_480' title='bbox 2987 437 3328 508; x_wconf 73' lang='lat' dir='ltr'><strong>egrediantur</strong></span> <span class='ocrx_word' id='word_1_481' title='bbox 3362 451 3540 496; x_wconf 88' lang='lat' dir='ltr'><strong>mente</strong></span> <span class='ocrx_word' id='word_1_482' title='bbox 3577 453 3632 498; x_wconf 89' lang='lat' dir='ltr'><strong>et</strong></span> <span class='ocrx_word' id='word_1_483' title='bbox 3662 445 3768 496; x_wconf 86' lang='lat' dir='ltr'><strong>ala-</strong></span> <span class='ocrx_word' id='word_1_484' title='bbox 3846 433 3850 442; x_wconf 71' lang='grc'><em>’</em></span> 
     </span>
    </p>
   </div>
   <div class='ocr_carea' id='block_1_64' title="bbox 2183 524 3780 600">
    <p class='ocr_par' dir='ltr' id='par_1_64' title="bbox 2183 524 3780 600">
     <span class='ocr_line' id='line_1_64' title="bbox 2183 524 3780 600; baseline 0.007 -22"><span class='ocrx_word' id='word_1_485' title='bbox 2183 524 2370 578; x_wconf 88' lang='lat' dir='ltr'><strong>crilate</strong></span> <span class='ocrx_word' id='word_1_486' title='bbox 2387 540 2415 577; x_wconf 93' lang='lat' dir='ltr'><strong>a</strong></span> <span class='ocrx_word' id='word_1_487' title='bbox 2444 527 2724 595; x_wconf 70' lang='lat' dir='ltr'><strong>prmsentis</strong></span> <span class='ocrx_word' id='word_1_488' title='bbox 2750 527 2868 579; x_wconf 76' lang='lat' dir='ltr'><strong>vitm</strong></span> <span class='ocrx_word' id='word_1_489' title='bbox 2896 529 3142 597; x_wconf 86' lang='lat' dir='ltr'><strong>negotiis,</strong></span> <span class='ocrx_word' id='word_1_490' title='bbox 3167 545 3456 600; x_wconf 71' lang='lat' dir='ltr'><strong>eamut-tque</strong></span> <span class='ocrx_word' id='word_1_491' title='bbox 3481 533 3532 586; x_wconf 90' lang='lat' dir='ltr'><strong>in</strong></span> <span class='ocrx_word' id='word_1_492' title='bbox 3559 534 3780 591; x_wconf 63' lang='lat' dir='ltr'><strong>(uelum.</strong></span> 
     </span>
    </p>
   </div>
   <div class='ocr_carea' id='block_1_65' title="bbox 2186 614 3774 688">
    <p class='ocr_par' dir='ltr' id='par_1_65' title="bbox 2186 614 3774 688">
     <span class='ocr_line' id='line_1_65' title="bbox 2186 614 3774 688; baseline 0.005 -22"><span class='ocrx_word' id='word_1_493' title='bbox 2186 614 2443 668; x_wconf 65' lang='lat' dir='ltr'><strong>Pos~ibile</strong></span> <span class='ocrx_word' id='word_1_494' title='bbox 2473 616 2614 670; x_wconf 89' lang='lat' dir='ltr'><strong>enim</strong></span> <span class='ocrx_word' id='word_1_495' title='bbox 2645 627 2747 679; x_wconf 85' lang='lat' dir='ltr'><strong>est,</strong></span> <span class='ocrx_word' id='word_1_496' title='bbox 2777 618 2819 669; x_wconf 88' lang='lat' dir='ltr'><strong>si</strong></span> <span class='ocrx_word' id='word_1_497' title='bbox 2849 619 3190 682; x_wconf 89' lang='lat' dir='ltr'><strong>voluerimus,</strong></span> <span class='ocrx_word' id='word_1_498' title='bbox 3220 631 3276 675; x_wconf 89' lang='lat' dir='ltr'><strong>et</strong></span> <span class='ocrx_word' id='word_1_499' title='bbox 3302 625 3409 688; x_wconf 89' lang='lat' dir='ltr'><strong>jam</strong></span> <span class='ocrx_word' id='word_1_500' title='bbox 3440 621 3524 676; x_wconf 92' lang='lat' dir='ltr'><strong>hic</strong></span> <span class='ocrx_word' id='word_1_501' title='bbox 3550 639 3774 677; x_wconf 89' lang='lat' dir='ltr'><strong>versan-</strong></span> 
     </span>
    </p>
   </div>
   <div class='ocr_carea' id='block_1_66' title="bbox 2185 707 3772 781">
    <p class='ocr_par' dir='ltr' id='par_1_66' title="bbox 2185 707 3772 781">
     <span class='ocr_line' id='line_1_66' title="bbox 2185 707 3772 781; baseline 0.005 -23"><span class='ocrx_word' id='word_1_502' title='bbox 2185 716 2262 759; x_wconf 88' lang='lat' dir='ltr'><strong>tes</strong></span> <span class='ocrx_word' id='word_1_503' title='bbox 2301 707 2385 758; x_wconf 92' lang='lat' dir='ltr'><strong>illa</strong></span> <span class='ocrx_word' id='word_1_504' title='bbox 2433 722 2653 776; x_wconf 86' lang='lat' dir='ltr'><strong>pergere</strong></span> <span class='ocrx_word' id='word_1_505' title='bbox 2696 710 2802 771; x_wconf 86' lang='lat' dir='ltr'><strong>via,</strong></span> <span class='ocrx_word' id='word_1_506' title='bbox 2848 709 3061 778; x_wconf 91' lang='lat' dir='ltr'><strong>quando</strong></span> <span class='ocrx_word' id='word_1_507' title='bbox 3099 711 3254 780; x_wconf 88' lang='lat' dir='ltr'><strong>digna</strong></span> <span class='ocrx_word' id='word_1_508' title='bbox 3292 714 3436 766; x_wconf 72' lang='lat' dir='ltr'><strong>cadis</strong></span> <span class='ocrx_word' id='word_1_509' title='bbox 3465 729 3772 781; x_wconf 86' lang='lat' dir='ltr'><strong>Operamur,</strong></span> 
     </span>
    </p>
   </div>
   <div class='ocr_carea' id='block_1_67' title="bbox 2183 797 3772 874">
    <p class='ocr_par' dir='ltr' id='par_1_67' title="bbox 2183 797 3772 874">
     <span class='ocr_line' id='line_1_67' title="bbox 2183 797 3772 874; baseline 0.006 -26"><span class='ocrx_word' id='word_1_510' title='bbox 2183 797 2395 865; x_wconf 88' lang='lat' dir='ltr'><strong>quando</strong></span> <span class='ocrx_word' id='word_1_511' title='bbox 2432 815 2537 852; x_wconf 84' lang='lat' dir='ltr'><strong>non</strong></span> <span class='ocrx_word' id='word_1_512' title='bbox 2580 801 2898 868; x_wconf 71' lang='grc' dir='ltr'>διιειιίείιιιιιδ</span> <span class='ocrx_word' id='word_1_513' title='bbox 2931 817 2993 855; x_wconf 86' lang='lat' dir='ltr'><strong>ea</strong></span> <span class='ocrx_word' id='word_1_514' title='bbox 3037 817 3154 872; x_wconf 78' lang='lat' dir='ltr'><strong>qua:</strong></span> <span class='ocrx_word' id='word_1_515' title='bbox 3197 812 3322 856; x_wconf 86' lang='lat' dir='ltr'><strong>sunt</strong></span> <span class='ocrx_word' id='word_1_516' title='bbox 3366 805 3522 874; x_wconf 87' lang='lat' dir='ltr'><strong>hujus</strong></span> <span class='ocrx_word' id='word_1_517' title='bbox 3566 806 3772 872; x_wconf 84' lang='lat' dir='ltr'><strong>mundi,</strong></span> 
     </span>
    </p>
   </div>
   <div class='ocr_carea' id='block_1_68' title="bbox 2183 891 3769 968">
    <p class='ocr_par' dir='ltr' id='par_1_68' title="bbox 2183 891 3769 968">
     <span class='ocr_line' id='line_1_68' title="bbox 2183 891 3769 968; baseline 0.009 -29"><span class='ocrx_word' id='word_1_518' title='bbox 2183 891 2394 957; x_wconf 90' lang='lat' dir='ltr'><strong>quando</strong></span> <span class='ocrx_word' id='word_1_519' title='bbox 2425 907 2530 944; x_wconf 93' lang='lat' dir='ltr'><strong>non</strong></span> <span class='ocrx_word' id='word_1_520' title='bbox 2572 892 2794 961; x_wconf 85' lang='lat' dir='ltr'><strong>gloriam</strong></span> <span class='ocrx_word' id='word_1_521' title='bbox 2843 909 3032 947; x_wconf 88' lang='lat' dir='ltr'><strong>vanam</strong></span> <span class='ocrx_word' id='word_1_522' title='bbox 3074 895 3232 964; x_wconf 90' lang='lat' dir='ltr'><strong>hujus</strong></span> <span class='ocrx_word' id='word_1_523' title='bbox 3263 898 3382 950; x_wconf 70' lang='lat' dir='ltr'><strong>vita:</strong></span> <span class='ocrx_word' id='word_1_524' title='bbox 3433 899 3769 968; x_wconf 87' lang='lat' dir='ltr'><strong>inquirimus,</strong></span> 
     </span>
    </p>
   </div>
   <div class='ocr_carea' id='block_1_69' title="bbox 2182 980 3771 1056">
    <p class='ocr_par' dir='ltr' id='par_1_69' title="bbox 2182 980 3771 1056">
     <span class='ocr_line' id='line_1_69' title="bbox 2182 980 3771 1056; baseline 0.008 -22"><span class='ocrx_word' id='word_1_525' title='bbox 2182 980 2276 1034; x_wconf 88' lang='lat' dir='ltr'><strong>sed</strong></span> <span class='ocrx_word' id='word_1_526' title='bbox 2307 981 2404 1034; x_wconf 88' lang='lat' dir='ltr'><strong>hac</strong></span> <span class='ocrx_word' id='word_1_527' title='bbox 2424 994 2748 1051; x_wconf 87' lang='lat' dir='ltr'><strong>contempta,</strong></span> <span class='ocrx_word' id='word_1_528' title='bbox 2774 985 2917 1039; x_wconf 88' lang='lat' dir='ltr'><strong>illam</strong></span> <span class='ocrx_word' id='word_1_529' title='bbox 2942 987 3250 1041; x_wconf 83' lang='lat' dir='ltr'><strong>desiderare</strong></span> <span class='ocrx_word' id='word_1_530' title='bbox 3273 989 3568 1056; x_wconf 73' lang='lat' dir='ltr'><strong>studemus,</strong></span> <span class='ocrx_word' id='word_1_531' title='bbox 3594 1008 3771 1046; x_wconf 90' lang='lat' dir='ltr'><strong>veram</strong></span> 
     </span>
    </p>
   </div>
   <div class='ocr_carea' id='block_1_70' title="bbox 2185 1070 3771 1148">
    <p class='ocr_par' dir='ltr' id='par_1_70' title="bbox 2185 1070 3771 1148">
     <span class='ocr_line' id='line_1_70' title="bbox 2185 1070 3771 1148; baseline 0.01 -26"><span class='ocrx_word' id='word_1_532' title='bbox 2185 1070 2324 1124; x_wconf 86' lang='lat' dir='ltr'><strong>illam</strong></span> <span class='ocrx_word' id='word_1_533' title='bbox 2351 1072 2471 1125; x_wconf 90' lang='lat' dir='ltr'><strong>dico</strong></span> <span class='ocrx_word' id='word_1_534' title='bbox 2495 1083 2550 1127; x_wconf 91' lang='lat' dir='ltr'><strong>et</strong></span> <span class='ocrx_word' id='word_1_535' title='bbox 2577 1090 2790 1144; x_wconf 89' lang='lat' dir='ltr'><strong>semper</strong></span> <span class='ocrx_word' id='word_1_536' title='bbox 2815 1087 3118 1132; x_wconf 89' lang='lat' dir='ltr'><strong>manentem</strong></span> <span class='ocrx_word' id='word_1_537' title='bbox 3141 1095 3155 1142; x_wconf 91' lang='lat'><strong>;</strong></span> <span class='ocrx_word' id='word_1_538' title='bbox 3184 1081 3397 1148; x_wconf 89' lang='lat' dir='ltr'><strong>quando</strong></span> <span class='ocrx_word' id='word_1_539' title='bbox 3427 1097 3534 1135; x_wconf 93' lang='lat' dir='ltr'><strong>non</strong></span> <span class='ocrx_word' id='word_1_540' title='bbox 3562 1084 3613 1137; x_wconf 91' lang='lat' dir='ltr'><strong>in</strong></span> <span class='ocrx_word' id='word_1_541' title='bbox 3645 1083 3771 1139; x_wconf 85' lang='lat' dir='ltr'><strong>luxu</strong></span> 
     </span>
    </p>
   </div>
   <div class='ocr_carea' id='block_1_71' title="bbox 2183 1163 3771 1239">
    <p class='ocr_par' dir='ltr' id='par_1_71' title="bbox 2183 1163 3771 1239">
     <span class='ocr_line' id='line_1_71' title="bbox 2183 1163 3771 1239; baseline 0.011 -27"><span class='ocrx_word' id='word_1_542' title='bbox 2183 1163 2409 1216; x_wconf 86' lang='lat' dir='ltr'><strong>vestium</strong></span> <span class='ocrx_word' id='word_1_543' title='bbox 2435 1167 2674 1233; x_wconf 87' lang='lat' dir='ltr'><strong>occupati</strong></span> <span class='ocrx_word' id='word_1_544' title='bbox 2705 1183 2907 1233; x_wconf 91' lang='lat' dir='ltr'><strong>sumus,</strong></span> <span class='ocrx_word' id='word_1_545' title='bbox 2937 1185 3112 1236; x_wconf 90' lang='lat' dir='ltr'><strong>neque</strong></span> <span class='ocrx_word' id='word_1_546' title='bbox 3140 1186 3334 1239; x_wconf 91' lang='lat' dir='ltr'><strong>corpus</strong></span> <span class='ocrx_word' id='word_1_547' title='bbox 3373 1191 3565 1228; x_wconf 86' lang='lat' dir='ltr'><strong>ornare</strong></span> <span class='ocrx_word' id='word_1_548' title='bbox 3592 1177 3771 1230; x_wconf 88' lang='lat' dir='ltr'><strong>stude-</strong></span> 
     </span>
    </p>
   </div>
   <div class='ocr_carea' id='block_1_72' title="bbox 2183 1244 3772 1321">
    <p class='ocr_par' dir='ltr' id='par_1_72' title="bbox 2183 1244 3772 1321">
     <span class='ocr_line' id='line_1_72' title="bbox 2183 1244 3772 1321; baseline 0.008 -14"><span class='ocrx_word' id='word_1_549' title='bbox 2183 1269 2323 1321; x_wconf 86' lang='lat' dir='ltr'><strong>mus,</strong></span> <span class='ocrx_word' id='word_1_550' title='bbox 2354 1244 2444 1309; x_wconf 81' lang='lat' dir='ltr'><strong>sed</strong></span> <span class='ocrx_word' id='word_1_551' title='bbox 2473 1273 2686 1310; x_wconf 89' lang='lat' dir='ltr'><strong>omnem</strong></span> <span class='ocrx_word' id='word_1_552' title='bbox 2731 1259 2874 1312; x_wconf 89' lang='lat' dir='ltr'><strong>illum</strong></span> <span class='ocrx_word' id='word_1_553' title='bbox 2917 1272 3195 1314; x_wconf 62' lang='lat' dir='ltr'><strong>externum</strong></span> <span class='ocrx_word' id='word_1_554' title='bbox 3237 1265 3434 1317; x_wconf 89' lang='lat' dir='ltr'><strong>cultum</strong></span> <span class='ocrx_word' id='word_1_555' title='bbox 3483 1264 3533 1318; x_wconf 88' lang='lat' dir='ltr'><strong>in</strong></span> <span class='ocrx_word' id='word_1_556' title='bbox 3576 1268 3772 1321; x_wconf 69' lang='lat' dir='ltr'><strong>animm</strong></span> 
     </span>
    </p>
   </div>
   <div class='ocr_carea' id='block_1_73' title="bbox 2185 1346 3768 1413">
    <p class='ocr_par' dir='ltr' id='par_1_73' title="bbox 2185 1346 3768 1413">
     <span class='ocr_line' id='line_1_73' title="bbox 2185 1346 3768 1413; baseline 0.009 -17"><span class='ocrx_word' id='word_1_557' title='bbox 2185 1346 2550 1400; x_wconf 71' lang='lat' dir='ltr'><strong>transierimus</strong></span> <span class='ocrx_word' id='word_1_558' title='bbox 2575 1362 2780 1413; x_wconf 89' lang='lat' dir='ltr'><strong>curam,</strong></span> <span class='ocrx_word' id='word_1_559' title='bbox 2823 1357 2878 1403; x_wconf 93' lang='lat' dir='ltr'><strong>et</strong></span> <span class='ocrx_word' id='word_1_560' title='bbox 2915 1366 3018 1403; x_wconf 91' lang='lat' dir='ltr'><strong>non</strong></span> <span class='ocrx_word' id='word_1_561' title='bbox 3063 1352 3381 1406; x_wconf 87' lang='lat' dir='ltr'><strong>dimittimus</strong></span> <span class='ocrx_word' id='word_1_562' title='bbox 3405 1370 3524 1407; x_wconf 90' lang='lat' dir='ltr'><strong>eam</strong></span> <span class='ocrx_word' id='word_1_563' title='bbox 3572 1356 3768 1410; x_wconf 87' lang='lat' dir='ltr'><strong>nudam</strong></span> 
     </span>
    </p>
   </div>
   <div class='ocr_carea' id='block_1_74' title="bbox 2182 1437 3772 1511">
    <p class='ocr_par' dir='ltr' id='par_1_74' title="bbox 2182 1437 3772 1511">
     <span class='ocr_line' id='line_1_74' title="bbox 2182 1437 3772 1511; baseline 0.008 -24"><span class='ocrx_word' id='word_1_564' title='bbox 2182 1445 2236 1488; x_wconf 89' lang='lat' dir='ltr'><strong>et</strong></span> <span class='ocrx_word' id='word_1_565' title='bbox 2265 1437 2544 1504; x_wconf 86' lang='lat' dir='ltr'><strong>spoliatam</strong></span> <span class='ocrx_word' id='word_1_566' title='bbox 2590 1437 2912 1492; x_wconf 87' lang='lat' dir='ltr'><strong>indumentis</strong></span> <span class='ocrx_word' id='word_1_567' title='bbox 2958 1441 3243 1507; x_wconf 89' lang='lat' dir='ltr'><strong>virtutum;</strong></span> <span class='ocrx_word' id='word_1_568' title='bbox 3288 1445 3502 1511; x_wconf 90' lang='lat' dir='ltr'><strong>quando</strong></span> <span class='ocrx_word' id='word_1_569' title='bbox 3541 1445 3772 1500; x_wconf 87' lang='lat' dir='ltr'><strong>ridemus</strong></span> 
     </span>
    </p>
   </div>
   <div class='ocr_carea' id='block_1_75' title="bbox 2182 1526 3770 1606">
    <p class='ocr_par' dir='ltr' id='par_1_75' title="bbox 2182 1526 3770 1606">
     <span class='ocr_line' id='line_1_75' title="bbox 2182 1526 3770 1606; baseline 0.01 -30"><span class='ocrx_word' id='word_1_570' title='bbox 2182 1526 2420 1595; x_wconf 82' lang='lat' dir='ltr'><strong>delicias,</strong></span> <span class='ocrx_word' id='word_1_571' title='bbox 2444 1530 2656 1597; x_wconf 90' lang='lat' dir='ltr'><strong>quando</strong></span> <span class='ocrx_word' id='word_1_572' title='bbox 2682 1531 2862 1602; x_wconf 87' lang='lat' dir='ltr'><strong>gulam</strong></span> <span class='ocrx_word' id='word_1_573' title='bbox 2889 1540 2943 1585; x_wconf 88' lang='lat' dir='ltr'><strong>et</strong></span> <span class='ocrx_word' id='word_1_574' title='bbox 2968 1533 3241 1601; x_wconf 88' lang='lat' dir='ltr'><strong>crapulam</strong></span> <span class='ocrx_word' id='word_1_575' title='bbox 3281 1536 3527 1604; x_wconf 82' lang='lat' dir='ltr'><strong>fugimus,</strong></span> <span class='ocrx_word' id='word_1_576' title='bbox 3555 1539 3770 1606; x_wconf 88' lang='lat' dir='ltr'><strong>quando</strong></span> 
     </span>
    </p>
   </div>
   <div class='ocr_carea' id='block_1_76' title="bbox 2184 1620 3771 1695">
    <p class='ocr_par' dir='ltr' id='par_1_76' title="bbox 2184 1620 3771 1695">
     <span class='ocr_line' id='line_1_76' title="bbox 2184 1620 3771 1695; baseline 0.01 -27"><span class='ocrx_word' id='word_1_577' title='bbox 2184 1631 2290 1670; x_wconf 92' lang='lat' dir='ltr'><strong>non</strong></span> <span class='ocrx_word' id='word_1_578' title='bbox 2332 1620 2579 1675; x_wconf 90' lang='lat' dir='ltr'><strong>convivia</strong></span> <span class='ocrx_word' id='word_1_579' title='bbox 2626 1631 2680 1677; x_wconf 90' lang='lat' dir='ltr'><strong>et</strong></span> <span class='ocrx_word' id='word_1_580' title='bbox 2717 1638 2898 1678; x_wconf 79' lang='lat' dir='ltr'><strong>cmnas</strong></span> <span class='ocrx_word' id='word_1_581' title='bbox 2945 1633 3234 1689; x_wconf 87' lang='lat' dir='ltr'><strong>sectamur,</strong></span> <span class='ocrx_word' id='word_1_582' title='bbox 3275 1624 3369 1679; x_wconf 89' lang='lat' dir='ltr'><strong>sed</strong></span> <span class='ocrx_word' id='word_1_583' title='bbox 3419 1626 3771 1695; x_wconf 78' lang='lat' dir='ltr'><strong>frugalitatem</strong></span> 
     </span>
    </p>
   </div>
   <div class='ocr_carea' id='block_1_77' title="bbox 2182 1715 3771 1783">
    <p class='ocr_par' dir='ltr' id='par_1_77' title="bbox 2182 1715 3771 1783">
     <span class='ocr_line' id='line_1_77' title="bbox 2182 1715 3771 1783; baseline 0.01 -21"><span class='ocrx_word' id='word_1_584' title='bbox 2182 1726 2485 1776; x_wconf 87' lang='lat' dir='ltr'><strong>servamus,</strong></span> <span class='ocrx_word' id='word_1_585' title='bbox 2544 1715 2835 1769; x_wconf 89' lang='lat' dir='ltr'><strong>secundum</strong></span> <span class='ocrx_word' id='word_1_586' title='bbox 2889 1716 3237 1783; x_wconf 90' lang='lat' dir='ltr'><strong>apostolicam</strong></span> <span class='ocrx_word' id='word_1_587' title='bbox 3285 1718 3703 1776; x_wconf 87' lang='lat' dir='ltr'><strong>admonitionem</strong></span> <span class='ocrx_word' id='word_1_588' title='bbox 3754 1742 3771 1778; x_wconf 90' lang='lat'><strong>:</strong></span> 
     </span>
    </p>
   </div>
   <div class='ocr_carea' id='block_1_78' title="bbox 2186 1801 3774 1878">
    <p class='ocr_par' dir='ltr' id='par_1_78' title="bbox 2186 1801 3774 1878">
     <span class='ocr_line' id='line_1_78' title="bbox 2186 1801 3774 1878; baseline 0.009 -24"><span class='ocrx_word' id='word_1_589' title='bbox 2186 1801 2438 1878; x_wconf 66' lang='lat' dir='ltr'><strong>llahentes</strong></span> <span class='ocrx_word' id='word_1_590' title='bbox 2479 1805 2664 1858; x_wconf 74' lang='lat' dir='ltr'><strong>victum</strong></span> <span class='ocrx_word' id='word_1_591' title='bbox 2704 1820 2750 1859; x_wconf 93' lang='lat' dir='ltr'><strong>et</strong></span> <span class='ocrx_word' id='word_1_592' title='bbox 2795 1807 3163 1868; x_wconf 83' lang='lat' dir='ltr'><strong>indumentum,</strong></span> <span class='ocrx_word' id='word_1_593' title='bbox 3205 1809 3282 1861; x_wconf 88' lang='lat' dir='ltr'><strong>his</strong></span> <span class='ocrx_word' id='word_1_594' title='bbox 3327 1814 3544 1864; x_wconf 84' lang='lat' dir='ltr'><strong>contenti</strong></span> <span class='ocrx_word' id='word_1_595' title='bbox 3586 1813 3774 1868; x_wconf 72' lang='lat' dir='ltr'><strong>erimus</strong></span> 
     </span>
    </p>
   </div>
   <div class='ocr_carea' id='block_1_79' title="bbox 2182 1892 3775 1968">
    <p class='ocr_par' dir='ltr' id='par_1_79' title="bbox 2182 1892 3775 1968">
     <span class='ocr_line' id='line_1_79' title="bbox 2182 1892 3775 1968; baseline 0.009 -23"><span class='ocrx_word' id='word_1_596' title='bbox 2182 1892 2257 1964; x_wconf 88' lang='grc' dir='ltr'><strong>(Ι.</strong></span> <span class='ocrx_word' id='word_1_597' title='bbox 2296 1893 2426 1947; x_wconf 87' lang='lat' dir='ltr'><strong>Tim.</strong></span> <span class='ocrx_word' id='word_1_598' title='bbox 2455 1896 2508 1949; x_wconf 90' lang='lat'><strong>6.</strong></span> <span class='ocrx_word' id='word_1_599' title='bbox 2551 1893 2629 1966; x_wconf 90' lang='lat'><strong>8).</strong></span> <span class='ocrx_word' id='word_1_600' title='bbox 2657 1896 2786 1963; x_wconf 77' lang='lat' dir='ltr'><strong>Qua:</strong></span> <span class='ocrx_word' id='word_1_601' title='bbox 2813 1898 2955 1952; x_wconf 91' lang='lat' dir='ltr'><strong>enim</strong></span> <span class='ocrx_word' id='word_1_602' title='bbox 2999 1898 3197 1952; x_wconf 84' lang='lat' dir='ltr'><strong>utilitas</strong></span> <span class='ocrx_word' id='word_1_603' title='bbox 3234 1900 3641 1968; x_wconf 70' lang='lat' dir='ltr'><strong>SUpGl&#39;ﬂllOl‘llﬂ],</strong></span> <span class='ocrx_word' id='word_1_604' title='bbox 3684 1905 3775 1960; x_wconf 89' lang='lat' dir='ltr'><strong>dic</strong></span> 
     </span>
    </p>
   </div>
   <div class='ocr_carea' id='block_1_80' title="bbox 2184 1987 3774 2063">
    <p class='ocr_par' dir='ltr' id='par_1_80' title="bbox 2184 1987 3774 2063">
     <span class='ocr_line' id='line_1_80' title="bbox 2184 1987 3774 2063; baseline 0.008 -24"><span class='ocrx_word' id='word_1_605' title='bbox 2184 1987 2335 2050; x_wconf 89' lang='lat' dir='ltr'><strong>mihi,</strong></span> <span class='ocrx_word' id='word_1_606' title='bbox 2365 1995 2424 2041; x_wconf 94' lang='lat' dir='ltr'><strong>ut</strong></span> <span class='ocrx_word' id='word_1_607' title='bbox 2446 1998 2689 2042; x_wconf 85' lang='lat' dir='ltr'><strong>ventrem</strong></span> <span class='ocrx_word' id='word_1_608' title='bbox 2718 1989 2990 2044; x_wconf 84' lang='lat' dir='ltr'><strong>distendas</strong></span> <span class='ocrx_word' id='word_1_609' title='bbox 3029 2006 3137 2060; x_wconf 74' lang='lat' dir='ltr'><strong>pra:</strong></span> <span class='ocrx_word' id='word_1_610' title='bbox 3179 1993 3337 2044; x_wconf 92' lang='lat' dir='ltr'><strong>nimia</strong></span> <span class='ocrx_word' id='word_1_611' title='bbox 3379 1995 3688 2063; x_wconf 87' lang='lat' dir='ltr'><strong>voracitate,</strong></span> <span class='ocrx_word' id='word_1_612' title='bbox 3717 2007 3774 2051; x_wconf 91' lang='lat' dir='ltr'><strong>et</strong></span> 
     </span>
    </p>
   </div>
   <div class='ocr_carea' id='block_1_81' title="bbox 2182 2079 3775 2156">
    <p class='ocr_par' dir='ltr' id='par_1_81' title="bbox 2182 2079 3775 2156">
     <span class='ocr_line' id='line_1_81' title="bbox 2182 2079 3775 2156; baseline 0.006 -25"><span class='ocrx_word' id='word_1_613' title='bbox 2182 2079 2376 2132; x_wconf 86' lang='lat' dir='ltr'><strong>mentis</strong></span> <span class='ocrx_word' id='word_1_614' title='bbox 2415 2079 2673 2148; x_wconf 90' lang='lat' dir='ltr'><strong>judicium</strong></span> <span class='ocrx_word' id='word_1_615' title='bbox 2718 2080 2964 2135; x_wconf 89' lang='lat' dir='ltr'><strong>destrnas</strong></span> <span class='ocrx_word' id='word_1_616' title='bbox 3008 2097 3120 2150; x_wconf 68' lang='lat' dir='ltr'><strong>pra:</strong></span> <span class='ocrx_word' id='word_1_617' title='bbox 3163 2082 3443 2138; x_wconf 89' lang='lat' dir='ltr'><strong>immodica</strong></span> <span class='ocrx_word' id='word_1_618' title='bbox 3471 2085 3577 2140; x_wconf 89' lang='lat' dir='ltr'><strong>vini</strong></span> <span class='ocrx_word' id='word_1_619' title='bbox 3615 2098 3775 2156; x_wconf 74' lang='lat' dir='ltr'><strong>pota.</strong></span> 
     </span>
    </p>
   </div>
   <div class='ocr_carea' id='block_1_82' title="bbox 2182 2170 3774 2242">
    <p class='ocr_par' dir='ltr' id='par_1_82' title="bbox 2182 2170 3774 2242">
     <span class='ocr_line' id='line_1_82' title="bbox 2182 2170 3774 2242; baseline 0.007 -19"><span class='ocrx_word' id='word_1_620' title='bbox 2182 2170 2364 2225; x_wconf 87' lang='lat' dir='ltr'><strong>tione?</strong></span> <span class='ocrx_word' id='word_1_621' title='bbox 2390 2186 2567 2225; x_wconf 92' lang='lat' dir='ltr'><strong>annon</strong></span> <span class='ocrx_word' id='word_1_622' title='bbox 2596 2170 2719 2226; x_wconf 91' lang='lat' dir='ltr'><strong>inde</strong></span> <span class='ocrx_word' id='word_1_623' title='bbox 2743 2173 2980 2242; x_wconf 87' lang='lat' dir='ltr'><strong>corporis</strong></span> <span class='ocrx_word' id='word_1_624' title='bbox 3006 2181 3063 2228; x_wconf 89' lang='lat' dir='ltr'><strong>et</strong></span> <span class='ocrx_word' id='word_1_625' title='bbox 3089 2176 3280 2229; x_wconf 75' lang='lat' dir='ltr'><strong>anima:</strong></span> <span class='ocrx_word' id='word_1_626' title='bbox 3311 2176 3445 2230; x_wconf 90' lang='lat' dir='ltr'><strong>mala</strong></span> <span class='ocrx_word' id='word_1_627' title='bbox 3479 2189 3774 2234; x_wconf 83' lang='lat' dir='ltr'><strong>nascuntur</strong></span> 
     </span>
    </p>
   </div>
   <div class='ocr_carea' id='block_1_83' title="bbox 2179 2264 3775 2337">
    <p class='ocr_par' dir='ltr' id='par_1_83' title="bbox 2179 2264 3775 2337">
     <span class='ocr_line' id='line_1_83' title="bbox 2179 2264 3775 2337; baseline 0.006 -21"><span class='ocrx_word' id='word_1_628' title='bbox 2179 2264 2398 2318; x_wconf 85' lang='lat' dir='ltr'><strong>omnia?</strong></span> <span class='ocrx_word' id='word_1_629' title='bbox 2428 2264 2579 2319; x_wconf 89' lang='lat' dir='ltr'><strong>Unde</strong></span> <span class='ocrx_word' id='word_1_630' title='bbox 2623 2265 2766 2318; x_wconf 89' lang='lat' dir='ltr'><strong>enim</strong></span> <span class='ocrx_word' id='word_1_631' title='bbox 2809 2266 3132 2334; x_wconf 90' lang='lat' dir='ltr'><strong>multiplices</strong></span> <span class='ocrx_word' id='word_1_632' title='bbox 3181 2269 3282 2320; x_wconf 82' lang='lat' dir='ltr'><strong>illa:</strong></span> <span class='ocrx_word' id='word_1_633' title='bbox 3327 2270 3672 2337; x_wconf 57' lang='lat' dir='ltr'><strong>aegritudines</strong></span> <span class='ocrx_word' id='word_1_634' title='bbox 3715 2283 3775 2327; x_wconf 86' lang='lat' dir='ltr'><strong>et</strong></span> 
     </span>
    </p>
   </div>
   <div class='ocr_carea' id='block_1_84' title="bbox 2182 2355 3773 2431">
    <p class='ocr_par' dir='ltr' id='par_1_84' title="bbox 2182 2355 3773 2431">
     <span class='ocr_line' id='line_1_84' title="bbox 2182 2355 3773 2431; baseline 0.006 -23"><span class='ocrx_word' id='word_1_635' title='bbox 2182 2355 2418 2410; x_wconf 88' lang='lat' dir='ltr'><strong>membra</strong></span> <span class='ocrx_word' id='word_1_636' title='bbox 2444 2356 2708 2410; x_wconf 86' lang='lat' dir='ltr'><strong>distorta?</strong></span> <span class='ocrx_word' id='word_1_637' title='bbox 2743 2356 2931 2410; x_wconf 88' lang='lat' dir='ltr'><strong>Nonne</strong></span> <span class='ocrx_word' id='word_1_638' title='bbox 2975 2357 3098 2411; x_wconf 91' lang='lat' dir='ltr'><strong>hinc</strong></span> <span class='ocrx_word' id='word_1_639' title='bbox 3139 2359 3280 2428; x_wconf 92' lang='lat' dir='ltr'><strong>quod</strong></span> <span class='ocrx_word' id='word_1_640' title='bbox 3313 2360 3430 2428; x_wconf 91' lang='lat' dir='ltr'><strong>plus</strong></span> <span class='ocrx_word' id='word_1_641' title='bbox 3473 2376 3629 2430; x_wconf 90' lang='lat' dir='ltr'><strong>quam</strong></span> <span class='ocrx_word' id='word_1_642' title='bbox 3672 2377 3773 2431; x_wconf 85' lang='lat' dir='ltr'><strong>par</strong></span> 
     </span>
    </p>
   </div>
   <div class='ocr_carea' id='block_1_85' title="bbox 2179 2448 3772 2518">
    <p class='ocr_par' dir='ltr' id='par_1_85' title="bbox 2179 2448 3772 2518">
     <span class='ocr_line' id='line_1_85' title="bbox 2179 2448 3772 2518; baseline 0.004 -18"><span class='ocrx_word' id='word_1_643' title='bbox 2179 2448 2266 2510; x_wconf 88' lang='lat' dir='ltr'><strong>sit,</strong></span> <span class='ocrx_word' id='word_1_644' title='bbox 2307 2455 2546 2501; x_wconf 89' lang='lat' dir='ltr'><strong>ventrem</strong></span> <span class='ocrx_word' id='word_1_645' title='bbox 2577 2449 2832 2502; x_wconf 88' lang='lat' dir='ltr'><strong>oneribus</strong></span> <span class='ocrx_word' id='word_1_646' title='bbox 2867 2450 3183 2518; x_wconf 83' lang='lat' dir='ltr'><strong>gravemns?</strong></span> <span class='ocrx_word' id='word_1_647' title='bbox 3215 2449 3367 2505; x_wconf 89' lang='lat' dir='ltr'><strong>Unde</strong></span> <span class='ocrx_word' id='word_1_648' title='bbox 3395 2463 3571 2506; x_wconf 87' lang='lat' dir='ltr'><strong>autem</strong></span> <span class='ocrx_word' id='word_1_649' title='bbox 3613 2453 3772 2507; x_wconf 83' lang='lat' dir='ltr'><strong>adul-</strong></span> 
     </span>
    </p>
   </div>
   <div class='ocr_carea' id='block_1_86' title="bbox 2180 2539 3773 2608">
    <p class='ocr_par' dir='ltr' id='par_1_86' title="bbox 2180 2539 3773 2608">
     <span class='ocr_line' id='line_1_86' title="bbox 2180 2539 3773 2608; baseline 0.003 -16"><span class='ocrx_word' id='word_1_650' title='bbox 2180 2539 2333 2604; x_wconf 87' lang='lat' dir='ltr'><strong>teria,</strong></span> <span class='ocrx_word' id='word_1_651' title='bbox 2366 2548 2568 2608; x_wconf 86' lang='lat' dir='ltr'><strong>stupra,</strong></span> <span class='ocrx_word' id='word_1_652' title='bbox 2592 2540 2810 2608; x_wconf 76' lang='lat' dir='ltr'><strong>rapinte,</strong></span> <span class='ocrx_word' id='word_1_653' title='bbox 2829 2556 3110 2594; x_wconf 77' lang='lat' dir='ltr'><strong>avarorum</strong></span> <span class='ocrx_word' id='word_1_654' title='bbox 3126 2542 3356 2607; x_wconf 89' lang='lat' dir='ltr'><strong>frandes,</strong></span> <span class='ocrx_word' id='word_1_655' title='bbox 3381 2542 3574 2606; x_wconf 71' lang='lat' dir='ltr'><strong>cmdes,</strong></span> <span class='ocrx_word' id='word_1_656' title='bbox 3604 2545 3773 2597; x_wconf 89' lang='lat' dir='ltr'><strong>latro-</strong></span> 
     </span>
    </p>
   </div>
   <div class='ocr_carea' id='block_1_87' title="bbox 2178 2629 3772 2703">
    <p class='ocr_par' dir='ltr' id='par_1_87' title="bbox 2178 2629 3772 2703">
     <span class='ocr_line' id='line_1_87' title="bbox 2178 2629 3772 2703; baseline 0.005 -21"><span class='ocrx_word' id='word_1_657' title='bbox 2178 2629 2336 2693; x_wconf 86' lang='lat' dir='ltr'><strong>cinia,</strong></span> <span class='ocrx_word' id='word_1_658' title='bbox 2368 2639 2424 2682; x_wconf 90' lang='lat' dir='ltr'><strong>et</strong></span> <span class='ocrx_word' id='word_1_659' title='bbox 2469 2631 2642 2683; x_wconf 86' lang='lat' dir='ltr'><strong>omnis</strong></span> <span class='ocrx_word' id='word_1_660' title='bbox 2680 2631 2872 2684; x_wconf 74' lang='lat' dir='ltr'><strong>anitum</strong></span> <span class='ocrx_word' id='word_1_661' title='bbox 2913 2633 3222 2700; x_wconf 87' lang='lat' dir='ltr'><strong>corruptio?</strong></span> <span class='ocrx_word' id='word_1_662' title='bbox 3257 2632 3443 2687; x_wconf 83' lang='lat' dir='ltr'><strong>Nonne</strong></span> <span class='ocrx_word' id='word_1_663' title='bbox 3487 2637 3606 2703; x_wconf 88' lang='lat' dir='ltr'><strong>quia</strong></span> <span class='ocrx_word' id='word_1_664' title='bbox 3652 2637 3772 2703; x_wconf 80' lang='lat' dir='ltr'><strong>plus</strong></span> 
     </span>
    </p>
   </div>
   <div class='ocr_carea' id='block_1_88' title="bbox 2178 2718 3771 2790">
    <p class='ocr_par' dir='ltr' id='par_1_88' title="bbox 2178 2718 3771 2790">
     <span class='ocr_line' id='line_1_88' title="bbox 2178 2718 3771 2790; baseline 0.004 -18"><span class='ocrx_word' id='word_1_665' title='bbox 2178 2718 2603 2786; x_wconf 81' lang='lat' dir='ltr'><strong>Concupiscimus</strong></span> <span class='ocrx_word' id='word_1_666' title='bbox 2625 2735 2782 2789; x_wconf 88' lang='lat' dir='ltr'><strong>quam</strong></span> <span class='ocrx_word' id='word_1_667' title='bbox 2809 2719 2962 2774; x_wconf 87' lang='lat' dir='ltr'><strong>nobis</strong></span> <span class='ocrx_word' id='word_1_668' title='bbox 2983 2721 3264 2790; x_wconf 88' lang='lat' dir='ltr'><strong>congruit?</strong></span> <span class='ocrx_word' id='word_1_669' title='bbox 3291 2723 3440 2776; x_wconf 90' lang='lat' dir='ltr'><strong>Sicut</strong></span> <span class='ocrx_word' id='word_1_670' title='bbox 3458 2727 3600 2777; x_wconf 91' lang='lat' dir='ltr'><strong>enim</strong></span> <span class='ocrx_word' id='word_1_671' title='bbox 3628 2726 3771 2778; x_wconf 79' lang='lat' dir='ltr'><strong>Pan-</strong></span> 
     </span>
    </p>
   </div>
   <div class='ocr_carea' id='block_1_89' title="bbox 2180 2809 3768 2885">
    <p class='ocr_par' dir='ltr' id='par_1_89' title="bbox 2180 2809 3768 2885">
     <span class='ocr_line' id='line_1_89' title="bbox 2180 2809 3768 2885; baseline 0.007 -24"><span class='ocrx_word' id='word_1_672' title='bbox 2180 2809 2261 2862; x_wconf 90' lang='lat' dir='ltr'><strong>lus</strong></span> <span class='ocrx_word' id='word_1_673' title='bbox 2293 2810 2524 2863; x_wconf 89' lang='lat' dir='ltr'><strong>radicem</strong></span> <span class='ocrx_word' id='word_1_674' title='bbox 2553 2811 2790 2864; x_wconf 91' lang='lat' dir='ltr'><strong>omnium</strong></span> <span class='ocrx_word' id='word_1_675' title='bbox 2820 2813 3081 2866; x_wconf 87' lang='lat' dir='ltr'><strong>malorum</strong></span> <span class='ocrx_word' id='word_1_676' title='bbox 3122 2813 3399 2867; x_wconf 87' lang='lat' dir='ltr'><strong>avaritiam</strong></span> <span class='ocrx_word' id='word_1_677' title='bbox 3443 2817 3648 2869; x_wconf 85' lang='lat' dir='ltr'><strong>vocavit</strong></span> <span class='ocrx_word' id='word_1_678' title='bbox 3683 2819 3768 2885; x_wconf 81' lang='grc'><strong>(1.</strong></span> 
     </span>
    </p>
   </div>
   <div class='ocr_carea' id='block_1_90' title="bbox 2179 2901 3762 2973">
    <p class='ocr_par' dir='ltr' id='par_1_90' title="bbox 2179 2901 3762 2973">
     <span class='ocr_line' id='line_1_90' title="bbox 2179 2901 3762 2973; baseline 0.004 -18"><span class='ocrx_word' id='word_1_679' title='bbox 2179 2901 2310 2955; x_wconf 86' lang='lat' dir='ltr'><strong>Tim.</strong></span> <span class='ocrx_word' id='word_1_680' title='bbox 2347 2903 2524 2970; x_wconf 72' lang='lat'><strong>6.10)</strong></span> <span class='ocrx_word' id='word_1_681' title='bbox 2573 2920 2584 2954; x_wconf 96' lang='lat'>:</span> <span class='ocrx_word' id='word_1_682' title='bbox 2631 2902 2708 2957; x_wconf 88' lang='lat' dir='ltr'><strong>sic</strong></span> <span class='ocrx_word' id='word_1_683' title='bbox 2747 2918 2853 2956; x_wconf 93' lang='lat' dir='ltr'><strong>non</strong></span> <span class='ocrx_word' id='word_1_684' title='bbox 2894 2905 3218 2957; x_wconf 88' lang='lat' dir='ltr'><strong>aberraverit</strong></span> <span class='ocrx_word' id='word_1_685' title='bbox 3271 2904 3410 2973; x_wconf 89' lang='lat' dir='ltr'><strong>quis,</strong></span> <span class='ocrx_word' id='word_1_686' title='bbox 3470 2906 3514 2959; x_wconf 91' lang='lat' dir='ltr'><strong>si</strong></span> <span class='ocrx_word' id='word_1_687' title='bbox 3565 2908 3762 2963; x_wconf 85' lang='lat' dir='ltr'><strong>fontem</strong></span> 
     </span>
    </p>
   </div>
   <div class='ocr_carea' id='block_1_91' title="bbox 2177 2993 3772 3067">
    <p class='ocr_par' dir='ltr' id='par_1_91' title="bbox 2177 2993 3772 3067">
     <span class='ocr_line' id='line_1_91' title="bbox 2177 2993 3772 3067; baseline 0.004 -21"><span class='ocrx_word' id='word_1_688' title='bbox 2177 2995 2416 3047; x_wconf 90' lang='lat' dir='ltr'><strong>omnium</strong></span> <span class='ocrx_word' id='word_1_689' title='bbox 2437 2994 2700 3047; x_wconf 91' lang='lat' dir='ltr'><strong>malorum</strong></span> <span class='ocrx_word' id='word_1_690' title='bbox 2723 2993 2865 3047; x_wconf 90' lang='lat' dir='ltr'><strong>dicat</strong></span> <span class='ocrx_word' id='word_1_691' title='bbox 2889 2995 3412 3062; x_wconf 87' lang='lat' dir='ltr'><strong>immoderationem,</strong></span> <span class='ocrx_word' id='word_1_692' title='bbox 3434 3007 3488 3051; x_wconf 88' lang='lat' dir='ltr'><strong>et</strong></span> <span class='ocrx_word' id='word_1_693' title='bbox 3509 2999 3772 3067; x_wconf 82' lang='lat' dir='ltr'><strong>cupidita-</strong></span> 
     </span>
    </p>
   </div>
   <div class='ocr_carea' id='block_1_92' title="bbox 2178 3085 3770 3154">
    <p class='ocr_par' dir='ltr' id='par_1_92' title="bbox 2178 3085 3770 3154">
     <span class='ocr_line' id='line_1_92' title="bbox 2178 3085 3770 3154; baseline 0.006 -17"><span class='ocrx_word' id='word_1_694' title='bbox 2178 3094 2284 3138; x_wconf 89' lang='lat' dir='ltr'><strong>tem</strong></span> <span class='ocrx_word' id='word_1_695' title='bbox 2316 3085 2459 3139; x_wconf 88' lang='lat' dir='ltr'><strong>illam</strong></span> <span class='ocrx_word' id='word_1_696' title='bbox 2486 3102 2636 3139; x_wconf 85' lang='lat' dir='ltr'><strong>usnm</strong></span> <span class='ocrx_word' id='word_1_697' title='bbox 2656 3086 3076 3154; x_wconf 86' lang='lat' dir='ltr'><strong>transgredieudi</strong></span> <span class='ocrx_word' id='word_1_698' title='bbox 3094 3089 3341 3144; x_wconf 84' lang='lat' dir='ltr'><strong>omnibus</strong></span> <span class='ocrx_word' id='word_1_699' title='bbox 3360 3090 3410 3144; x_wconf 92' lang='lat' dir='ltr'><strong>in</strong></span> <span class='ocrx_word' id='word_1_700' title='bbox 3433 3090 3607 3143; x_wconf 88' lang='lat' dir='ltr'><strong>rebus.</strong></span> <span class='ocrx_word' id='word_1_701' title='bbox 3633 3091 3770 3147; x_wconf 78' lang='lat' dir='ltr'><strong>Nam</strong></span> 
     </span>
    </p>
   </div>
   <div class='ocr_carea' id='block_1_93' title="bbox 2178 3175 3770 3244">
    <p class='ocr_par' dir='ltr' id='par_1_93' title="bbox 2178 3175 3770 3244">
     <span class='ocr_line' id='line_1_93' title="bbox 2178 3175 3770 3244; baseline 0.005 -16"><span class='ocrx_word' id='word_1_702' title='bbox 2178 3175 2222 3228; x_wconf 88' lang='lat' dir='ltr'><strong>si</strong></span> <span class='ocrx_word' id='word_1_703' title='bbox 2251 3175 2506 3230; x_wconf 88' lang='lat' dir='ltr'><strong>vellemus</strong></span> <span class='ocrx_word' id='word_1_704' title='bbox 2535 3177 2584 3228; x_wconf 95' lang='lat' dir='ltr'><strong>in</strong></span> <span class='ocrx_word' id='word_1_705' title='bbox 2614 3176 2906 3241; x_wconf 88' lang='lat' dir='ltr'><strong>alimentis,</strong></span> <span class='ocrx_word' id='word_1_706' title='bbox 2938 3187 2990 3230; x_wconf 92' lang='lat' dir='ltr'><strong>et</strong></span> <span class='ocrx_word' id='word_1_707' title='bbox 3019 3177 3276 3244; x_wconf 87' lang='lat' dir='ltr'><strong>vestibus,</strong></span> <span class='ocrx_word' id='word_1_708' title='bbox 3306 3189 3362 3233; x_wconf 89' lang='lat' dir='ltr'><strong>et</strong></span> <span class='ocrx_word' id='word_1_709' title='bbox 3393 3180 3673 3235; x_wconf 87' lang='lat' dir='ltr'><strong>domiciliis</strong></span> <span class='ocrx_word' id='word_1_710' title='bbox 3707 3191 3770 3236; x_wconf 85' lang='lat' dir='ltr'><strong>et</strong></span> 
     </span>
    </p>
   </div>
   <div class='ocr_carea' id='block_1_94' title="bbox 2176 3266 3769 3336">
    <p class='ocr_par' dir='ltr' id='par_1_94' title="bbox 2176 3266 3769 3336">
     <span class='ocr_line' id='line_1_94' title="bbox 2176 3266 3769 3336; baseline 0.004 -16"><span class='ocrx_word' id='word_1_711' title='bbox 2176 3266 2296 3320; x_wconf 84' lang='lat' dir='ltr'><strong>aliis</strong></span> <span class='ocrx_word' id='word_1_712' title='bbox 2321 3266 2689 3336; x_wconf 86' lang='lat' dir='ltr'><strong>corporalibus</strong></span> <span class='ocrx_word' id='word_1_713' title='bbox 2718 3268 2924 3321; x_wconf 90' lang='lat' dir='ltr'><strong>cunctis</strong></span> <span class='ocrx_word' id='word_1_714' title='bbox 2954 3268 3134 3322; x_wconf 87' lang='lat' dir='ltr'><strong>usibus</strong></span> <span class='ocrx_word' id='word_1_715' title='bbox 3161 3269 3292 3323; x_wconf 91' lang='lat' dir='ltr'><strong>nihil</strong></span> <span class='ocrx_word' id='word_1_716' title='bbox 3327 3271 3608 3326; x_wconf 83' lang='lat' dir='ltr'><strong>immodice</strong></span> <span class='ocrx_word' id='word_1_717' title='bbox 3631 3287 3769 3326; x_wconf 87' lang='lat' dir='ltr'><strong>con-</strong></span> 
     </span>
    </p>
   </div>
   <div class='ocr_carea' id='block_1_95' title="bbox 2175 3357 3772 3429">
    <p class='ocr_par' dir='ltr' id='par_1_95' title="bbox 2175 3357 3772 3429">
     <span class='ocr_line' id='line_1_95' title="bbox 2175 3357 3772 3429; baseline 0.004 -18"><span class='ocrx_word' id='word_1_718' title='bbox 2175 3357 2484 3425; x_wconf 85' lang='lat' dir='ltr'><strong>enpisccrc,</strong></span> <span class='ocrx_word' id='word_1_719' title='bbox 2533 3357 2628 3410; x_wconf 89' lang='lat' dir='ltr'><strong>sed</strong></span> <span class='ocrx_word' id='word_1_720' title='bbox 2670 3358 2972 3411; x_wconf 87' lang='lat' dir='ltr'><strong>necessaria</strong></span> <span class='ocrx_word' id='word_1_721' title='bbox 3021 3367 3223 3412; x_wconf 89' lang='lat' dir='ltr'><strong>tantum</strong></span> <span class='ocrx_word' id='word_1_722' title='bbox 3274 3376 3534 3429; x_wconf 58' lang='lat' dir='ltr'><strong>quaerere,</strong></span> <span class='ocrx_word' id='word_1_723' title='bbox 3585 3364 3772 3418; x_wconf 74' lang='lat' dir='ltr'><strong>multis</strong></span> 
     </span>
    </p>
   </div>
   <div class='ocr_carea' id='block_1_96' title="bbox 2175 3449 3263 3520">
    <p class='ocr_par' dir='ltr' id='par_1_96' title="bbox 2175 3449 3263 3520">
     <span class='ocr_line' id='line_1_96' title="bbox 2175 3449 3263 3520; baseline 0.003 -18"><span class='ocrx_word' id='word_1_724' title='bbox 2175 3450 2385 3502; x_wconf 87' lang='lat' dir='ltr'><strong>damnis</strong></span> <span class='ocrx_word' id='word_1_725' title='bbox 2416 3449 2730 3504; x_wconf 86' lang='lat' dir='ltr'><strong>liberaretur</strong></span> <span class='ocrx_word' id='word_1_726' title='bbox 2761 3450 3051 3504; x_wconf 89' lang='lat' dir='ltr'><strong>humanum</strong></span> <span class='ocrx_word' id='word_1_727' title='bbox 3076 3466 3263 3520; x_wconf 92' lang='lat' dir='ltr'><strong>genus.</strong></span> 
     </span>
    </p>
   </div>
   <div class='ocr_carea' id='block_1_97' title="bbox 2247 3538 3770 3613">
    <p class='ocr_par' dir='ltr' id='par_1_97' title="bbox 2247 3538 3770 3613">
     <span class='ocr_line' id='line_1_97' title="bbox 2247 3538 3770 3613; baseline 0.004 -19"><span class='ocrx_word' id='word_1_728' title='bbox 2247 3540 2298 3594; x_wconf 80' lang='lat'><strong>5.</strong></span> <span class='ocrx_word' id='word_1_729' title='bbox 2342 3538 2539 3592; x_wconf 86' lang='lat' dir='ltr'><strong>Verum</strong></span> <span class='ocrx_word' id='word_1_730' title='bbox 2571 3541 2750 3594; x_wconf 91' lang='lat' dir='ltr'><strong>nescio</strong></span> <span class='ocrx_word' id='word_1_731' title='bbox 2784 3541 2871 3609; x_wconf 91' lang='lat' dir='ltr'><strong>qui</strong></span> <span class='ocrx_word' id='word_1_732' title='bbox 2906 3541 3012 3605; x_wconf 86' lang='lat' dir='ltr'><strong>ﬁat,</strong></span> <span class='ocrx_word' id='word_1_733' title='bbox 3054 3553 3113 3594; x_wconf 92' lang='lat' dir='ltr'><strong>ut</strong></span> <span class='ocrx_word' id='word_1_734' title='bbox 3142 3557 3327 3596; x_wconf 88' lang='lat' dir='ltr'><strong>omnes</strong></span> <span class='ocrx_word' id='word_1_735' title='bbox 3355 3553 3406 3597; x_wconf 90' lang='lat' dir='ltr'><strong>et</strong></span> <span class='ocrx_word' id='word_1_736' title='bbox 3436 3544 3624 3613; x_wconf 83' lang='lat' dir='ltr'><strong>singuli</strong></span> <span class='ocrx_word' id='word_1_737' title='bbox 3667 3561 3770 3613; x_wconf 90' lang='lat' dir='ltr'><strong>pro</strong></span> 
     </span>
    </p>
   </div>
   <div class='ocr_carea' id='block_1_98' title="bbox 2176 3632 3768 3708">
    <p class='ocr_par' dir='ltr' id='par_1_98' title="bbox 2176 3632 3768 3708">
     <span class='ocr_line' id='line_1_98' title="bbox 2176 3632 3768 3708; baseline 0.006 -25"><span class='ocrx_word' id='word_1_738' title='bbox 2176 3632 2286 3683; x_wconf 90' lang='lat' dir='ltr'><strong>suis</strong></span> <span class='ocrx_word' id='word_1_739' title='bbox 2331 3633 2532 3684; x_wconf 90' lang='lat' dir='ltr'><strong>viribus</strong></span> <span class='ocrx_word' id='word_1_740' title='bbox 2577 3632 2815 3686; x_wconf 65' lang='lat' dir='ltr'><strong>avaritia:</strong></span> <span class='ocrx_word' id='word_1_741' title='bbox 2863 3634 3050 3687; x_wconf 89' lang='lat' dir='ltr'><strong>morbo</strong></span> <span class='ocrx_word' id='word_1_742' title='bbox 3092 3633 3424 3703; x_wconf 87' lang='lat' dir='ltr'><strong>laboremus,</strong></span> <span class='ocrx_word' id='word_1_743' title='bbox 3474 3654 3768 3708; x_wconf 88' lang='lat' dir='ltr'><strong>numquam</strong></span> 
     </span>
    </p>
   </div>
   <div class='ocr_carea' id='block_1_99' title="bbox 2175 3723 3766 3795">
    <p class='ocr_par' dir='ltr' id='par_1_99' title="bbox 2175 3723 3766 3795">
     <span class='ocr_line' id='line_1_99' title="bbox 2175 3723 3766 3795; baseline 0.007 -20"><span class='ocrx_word' id='word_1_744' title='bbox 2175 3723 2440 3776; x_wconf 89' lang='lat' dir='ltr'><strong>enitentes</strong></span> <span class='ocrx_word' id='word_1_745' title='bbox 2463 3732 2522 3776; x_wconf 92' lang='lat' dir='ltr'><strong>ut</strong></span> <span class='ocrx_word' id='word_1_746' title='bbox 2549 3723 2684 3778; x_wconf 89' lang='lat' dir='ltr'><strong>intra</strong></span> <span class='ocrx_word' id='word_1_747' title='bbox 2713 3725 3050 3779; x_wconf 86' lang='lat' dir='ltr'><strong>necessitatis</strong></span> <span class='ocrx_word' id='word_1_748' title='bbox 3077 3741 3385 3781; x_wconf 89' lang='lat' dir='ltr'><strong>maneamus</strong></span> <span class='ocrx_word' id='word_1_749' title='bbox 3421 3731 3632 3795; x_wconf 79' lang='lat' dir='ltr'><strong>limites,</strong></span> <span class='ocrx_word' id='word_1_750' title='bbox 3665 3733 3766 3786; x_wconf 73' lang='grc' dir='ltr'><strong>ενι]</strong></span> 
     </span>
    </p>
   </div>
   <div class='ocr_carea' id='block_1_100' title="bbox 2178 3817 3770 3889">
    <p class='ocr_par' dir='ltr' id='par_1_100' title="bbox 2178 3817 3770 3889">
     <span class='ocr_line' id='line_1_100' title="bbox 2178 3817 3770 3889; baseline 0.005 -21"><span class='ocrx_word' id='word_1_751' title='bbox 2178 3817 2331 3883; x_wconf 88' lang='lat' dir='ltr'><strong>plane</strong></span> <span class='ocrx_word' id='word_1_752' title='bbox 2359 3823 2542 3870; x_wconf 88' lang='lat' dir='ltr'><strong>contra</strong></span> <span class='ocrx_word' id='word_1_753' title='bbox 2571 3817 2919 3885; x_wconf 89' lang='lat' dir='ltr'><strong>apostolicum</strong></span> <span class='ocrx_word' id='word_1_754' title='bbox 2944 3817 3271 3885; x_wconf 88' lang='lat' dir='ltr'><strong>mandatum,</strong></span> <span class='ocrx_word' id='word_1_755' title='bbox 3300 3820 3439 3889; x_wconf 87' lang='lat' dir='ltr'><strong>quod</strong></span> <span class='ocrx_word' id='word_1_756' title='bbox 3467 3822 3615 3886; x_wconf 86' lang='lat' dir='ltr'><strong>dicit,</strong></span> <span class='ocrx_word' id='word_1_757' title='bbox 3652 3822 3770 3876; x_wconf 86' lang='lat' dir='ltr'><strong>lla-</strong></span> 
     </span>
    </p>
   </div>
   <div class='ocr_carea' id='block_1_101' title="bbox 2177 3907 3768 3982">
    <p class='ocr_par' dir='ltr' id='par_1_101' title="bbox 2177 3907 3768 3982">
     <span class='ocr_line' id='line_1_101' title="bbox 2177 3907 3768 3982; baseline 0.005 -22"><span class='ocrx_word' id='word_1_758' title='bbox 2177 3907 2343 3960; x_wconf 82' lang='lat' dir='ltr'><strong>bentes</strong></span> <span class='ocrx_word' id='word_1_759' title='bbox 2370 3907 2551 3959; x_wconf 79' lang='lat' dir='ltr'><strong>uictum</strong></span> <span class='ocrx_word' id='word_1_760' title='bbox 2580 3917 2628 3960; x_wconf 90' lang='lat' dir='ltr'><strong>et</strong></span> <span class='ocrx_word' id='word_1_761' title='bbox 2656 3908 2917 3972; x_wconf 84' lang='lat' dir='ltr'><strong>amictum,</strong></span> <span class='ocrx_word' id='word_1_762' title='bbox 2948 3909 3026 3962; x_wconf 85' lang='lat' dir='ltr'><strong>his</strong></span> <span class='ocrx_word' id='word_1_763' title='bbox 3054 3911 3273 3964; x_wconf 85' lang='lat' dir='ltr'><strong>contenti</strong></span> <span class='ocrx_word' id='word_1_764' title='bbox 3302 3915 3486 3965; x_wconf 82' lang='lat' dir='ltr'><strong>en&#39;mus</strong></span> <span class='ocrx_word' id='word_1_765' title='bbox 3517 3914 3591 3982; x_wconf 85' lang='grc'><strong>(1.</strong></span> <span class='ocrx_word' id='word_1_766' title='bbox 3622 3913 3768 3970; x_wconf 84' lang='lat' dir='ltr'><strong>Tim.</strong></span> 
     </span>
    </p>
   </div>
   <div class='ocr_carea' id='block_1_102' title="bbox 2176 3998 3766 4076">
    <p class='ocr_par' dir='ltr' id='par_1_102' title="bbox 2176 3998 3766 4076">
     <span class='ocr_line' id='line_1_102' title="bbox 2176 3998 3766 4076; baseline 0.004 -23"><span class='ocrx_word' id='word_1_767' title='bbox 2176 3998 2229 4053; x_wconf 89' lang='lat'><strong>6.</strong></span> <span class='ocrx_word' id='word_1_768' title='bbox 2259 3999 2336 4071; x_wconf 89' lang='lat'><strong>8),</strong></span> <span class='ocrx_word' id='word_1_769' title='bbox 2360 3999 2536 4053; x_wconf 89' lang='lat' dir='ltr'><strong>omnia</strong></span> <span class='ocrx_word' id='word_1_770' title='bbox 2558 3999 2801 4066; x_wconf 82' lang='lat' dir='ltr'><strong>facimus,</strong></span> <span class='ocrx_word' id='word_1_771' title='bbox 2826 4002 3124 4057; x_wconf 90' lang='lat' dir='ltr'><strong>nescientes</strong></span> <span class='ocrx_word' id='word_1_772' title='bbox 3149 4017 3245 4056; x_wconf 91' lang='lat' dir='ltr'><strong>nos</strong></span> <span class='ocrx_word' id='word_1_773' title='bbox 3268 4003 3336 4057; x_wconf 89' lang='lat' dir='ltr'><strong>de</strong></span> <span class='ocrx_word' id='word_1_774' title='bbox 3361 4005 3609 4060; x_wconf 89' lang='lat' dir='ltr'><strong>omnibus</strong></span> <span class='ocrx_word' id='word_1_775' title='bbox 3638 4025 3766 4076; x_wconf 72' lang='lat' dir='ltr'><strong>quae</strong></span> 
     </span>
    </p>
   </div>
   <div class='ocr_carea' id='block_1_103' title="bbox 2177 4094 3767 4168">
    <p class='ocr_par' dir='ltr' id='par_1_103' title="bbox 2177 4094 3767 4168">
     <span class='ocr_line' id='line_1_103' title="bbox 2177 4094 3767 4168; baseline 0.006 -22"><span class='ocrx_word' id='word_1_776' title='bbox 2177 4094 2310 4146; x_wconf 91' lang='lat' dir='ltr'><strong>ultra</strong></span> <span class='ocrx_word' id='word_1_777' title='bbox 2333 4107 2484 4146; x_wconf 91' lang='lat' dir='ltr'><strong>usum</strong></span> <span class='ocrx_word' id='word_1_778' title='bbox 2507 4101 2745 4146; x_wconf 87' lang='lat' dir='ltr'><strong>nostrum</strong></span> <span class='ocrx_word' id='word_1_779' title='bbox 2763 4103 2908 4162; x_wconf 90' lang='lat' dir='ltr'><strong>sunt,</strong></span> <span class='ocrx_word' id='word_1_780' title='bbox 2938 4095 3193 4149; x_wconf 79' lang='lat' dir='ltr'><strong>rationein</strong></span> <span class='ocrx_word' id='word_1_781' title='bbox 3217 4096 3434 4152; x_wconf 89' lang='lat' dir='ltr'><strong>daturos</strong></span> <span class='ocrx_word' id='word_1_782' title='bbox 3451 4114 3589 4164; x_wconf 87' lang='lat' dir='ltr'><strong>esse,</strong></span> <span class='ocrx_word' id='word_1_783' title='bbox 3613 4102 3767 4168; x_wconf 85' lang='lat' dir='ltr'><strong>quod</strong></span> 
     </span>
    </p>
   </div>
   <div class='ocr_carea' id='block_1_104' title="bbox 2175 4183 3768 4247">
    <p class='ocr_par' dir='ltr' id='par_1_104' title="bbox 2175 4183 3768 4247">
     <span class='ocr_line' id='line_1_104' title="bbox 2175 4183 3768 4247; baseline 0.005 -10"><span class='ocrx_word' id='word_1_784' title='bbox 2175 4184 2321 4237; x_wconf 71' lang='lat' dir='ltr'><strong>abusi</strong></span> <span class='ocrx_word' id='word_1_785' title='bbox 2345 4184 2512 4238; x_wconf 90' lang='lat' dir='ltr'><strong>simus</strong></span> <span class='ocrx_word' id='word_1_786' title='bbox 2549 4183 2742 4238; x_wconf 88' lang='lat' dir='ltr'><strong>divinis</strong></span> <span class='ocrx_word' id='word_1_787' title='bbox 2763 4185 3092 4239; x_wconf 90' lang='lat' dir='ltr'><strong>muneribus.</strong></span> <span class='ocrx_word' id='word_1_788' title='bbox 3135 4186 3250 4240; x_wconf 89' lang='lat' dir='ltr'><strong>Non</strong></span> <span class='ocrx_word' id='word_1_789' title='bbox 3281 4189 3424 4241; x_wconf 87' lang='lat' dir='ltr'><strong>enim</strong></span> <span class='ocrx_word' id='word_1_790' title='bbox 3464 4190 3576 4243; x_wconf 63' lang='lat' dir='ltr'><strong>haec</strong></span> <span class='ocrx_word' id='word_1_791' title='bbox 3605 4192 3768 4247; x_wconf 88' lang='lat' dir='ltr'><strong>nobis</strong></span> 
     </span>
    </p>
   </div>
   <div class='ocr_carea' id='block_1_105' title="bbox 2175 4275 3770 4349">
    <p class='ocr_par' dir='ltr' id='par_1_105' title="bbox 2175 4275 3770 4349">
     <span class='ocr_line' id='line_1_105' title="bbox 2175 4275 3770 4349; baseline 0.005 -22"><span class='ocrx_word' id='word_1_792' title='bbox 2175 4275 2440 4328; x_wconf 80' lang='lat' dir='ltr'><strong>concessit</strong></span> <span class='ocrx_word' id='word_1_793' title='bbox 2466 4283 2522 4327; x_wconf 94' lang='lat' dir='ltr'><strong>ut</strong></span> <span class='ocrx_word' id='word_1_794' title='bbox 2551 4290 2646 4328; x_wconf 91' lang='lat' dir='ltr'><strong>nos</strong></span> <span class='ocrx_word' id='word_1_795' title='bbox 2670 4284 2874 4329; x_wconf 88' lang='lat' dir='ltr'><strong>tantum</strong></span> <span class='ocrx_word' id='word_1_796' title='bbox 2902 4278 2981 4330; x_wconf 89' lang='lat' dir='ltr'><strong>eis</strong></span> <span class='ocrx_word' id='word_1_797' title='bbox 3004 4287 3214 4331; x_wconf 87' lang='lat' dir='ltr'><strong>utamur</strong></span> <span class='ocrx_word' id='word_1_798' title='bbox 3248 4296 3262 4332; x_wconf 88' lang='lat'><strong>:</strong></span> <span class='ocrx_word' id='word_1_799' title='bbox 3293 4280 3388 4332; x_wconf 90' lang='lat' dir='ltr'><strong>sed</strong></span> <span class='ocrx_word' id='word_1_800' title='bbox 3417 4291 3468 4333; x_wconf 87' lang='lat' dir='ltr'><strong>et</strong></span> <span class='ocrx_word' id='word_1_801' title='bbox 3495 4290 3550 4334; x_wconf 92' lang='lat' dir='ltr'><strong>ut</strong></span> <span class='ocrx_word' id='word_1_802' title='bbox 3575 4284 3770 4349; x_wconf 75' lang='lat' dir='ltr'><strong>proxi-</strong></span> 
     </span>
    </p>
   </div>
   <div class='ocr_carea' id='block_1_106' title="bbox 2176 4366 3767 4441">
    <p class='ocr_par' dir='ltr' id='par_1_106' title="bbox 2176 4366 3767 4441">
     <span class='ocr_line' id='line_1_106' title="bbox 2176 4366 3767 4441; baseline 0.007 -23"><span class='ocrx_word' id='word_1_803' title='bbox 2176 4382 2381 4419; x_wconf 91' lang='lat' dir='ltr'><strong>morum</strong></span> <span class='ocrx_word' id='word_1_804' title='bbox 2428 4366 2767 4435; x_wconf 87' lang='lat' dir='ltr'><strong>indigentiam</strong></span> <span class='ocrx_word' id='word_1_805' title='bbox 2811 4367 3174 4423; x_wconf 89' lang='lat' dir='ltr'><strong>sublevemus.</strong></span> <span class='ocrx_word' id='word_1_806' title='bbox 3206 4369 3356 4437; x_wconf 85' lang='lat' dir='ltr'><strong>Quali</strong></span> <span class='ocrx_word' id='word_1_807' title='bbox 3402 4371 3558 4441; x_wconf 85' lang='lat' dir='ltr'><strong>igitur</strong></span> <span class='ocrx_word' id='word_1_808' title='bbox 3601 4375 3767 4429; x_wconf 84' lang='lat' dir='ltr'><strong>venia</strong></span> 
     </span>
    </p>
   </div>
   <div class='ocr_carea' id='block_1_107' title="bbox 2173 4455 3773 4526">
    <p class='ocr_par' dir='ltr' id='par_1_107' title="bbox 2173 4455 3773 4526">
     <span class='ocr_line' id='line_1_107' title="bbox 2173 4455 3773 4526; baseline 0.001 -16"><span class='ocrx_word' id='word_1_809' title='bbox 2173 4455 2422 4526; x_wconf 88' lang='lat' dir='ltr'><strong>dignandi</strong></span> <span class='ocrx_word' id='word_1_810' title='bbox 2453 4467 2597 4522; x_wconf 89' lang='lat' dir='ltr'><strong>sunt,</strong></span> <span class='ocrx_word' id='word_1_811' title='bbox 2625 4458 2713 4526; x_wconf 91' lang='lat' dir='ltr'><strong>qui</strong></span> <span class='ocrx_word' id='word_1_812' title='bbox 2745 4467 2799 4511; x_wconf 92' lang='lat' dir='ltr'><strong>et</strong></span> <span class='ocrx_word' id='word_1_813' title='bbox 2825 4459 2875 4510; x_wconf 91' lang='lat' dir='ltr'><strong>in</strong></span> <span class='ocrx_word' id='word_1_814' title='bbox 2913 4459 3244 4513; x_wconf 89' lang='lat' dir='ltr'><strong>vestimentis</strong></span> <span class='ocrx_word' id='word_1_815' title='bbox 3286 4461 3504 4514; x_wconf 89' lang='lat' dir='ltr'><strong>multam</strong></span> <span class='ocrx_word' id='word_1_816' title='bbox 3550 4463 3773 4515; x_wconf 70' lang='lat' dir='ltr'><strong>vanita-</strong></span> 
     </span>
    </p>
   </div>
   <div class='ocr_carea' id='block_1_108' title="bbox 2177 4552 3768 4622">
    <p class='ocr_par' dir='ltr' id='par_1_108' title="bbox 2177 4552 3768 4622">
     <span class='ocr_line' id='line_1_108' title="bbox 2177 4552 3768 4622; baseline 0.003 -20"><span class='ocrx_word' id='word_1_817' title='bbox 2177 4558 2280 4602; x_wconf 90' lang='lat' dir='ltr'><strong>tem</strong></span> <span class='ocrx_word' id='word_1_818' title='bbox 2310 4558 2597 4615; x_wconf 88' lang='lat' dir='ltr'><strong>ostentant,</strong></span> <span class='ocrx_word' id='word_1_819' title='bbox 2625 4559 2678 4602; x_wconf 87' lang='lat' dir='ltr'><strong>ct</strong></span> <span class='ocrx_word' id='word_1_820' title='bbox 2720 4560 2775 4602; x_wconf 87' lang='lat' dir='ltr'><strong>ut</strong></span> <span class='ocrx_word' id='word_1_821' title='bbox 2817 4552 3076 4604; x_wconf 82' lang='lat' dir='ltr'><strong>vermium</strong></span> <span class='ocrx_word' id='word_1_822' title='bbox 3110 4561 3346 4605; x_wconf 78' lang='lat' dir='ltr'><strong>texturas</strong></span> <span class='ocrx_word' id='word_1_823' title='bbox 3384 4563 3615 4622; x_wconf 87' lang='lat' dir='ltr'><strong>gestent,</strong></span> <span class='ocrx_word' id='word_1_824' title='bbox 3651 4555 3768 4607; x_wconf 78' lang='lat' dir='ltr'><strong>sol-</strong></span> 
     </span>
    </p>
   </div>
   <div class='ocr_carea' id='block_1_109' title="bbox 2175 4640 3761 4711">
    <p class='ocr_par' dir='ltr' id='par_1_109' title="bbox 2175 4640 3761 4711">
     <span class='ocr_line' id='line_1_109' title="bbox 2175 4640 3761 4711; baseline 0.003 -17"><span class='ocrx_word' id='word_1_825' title='bbox 2175 4640 2301 4694; x_wconf 87' lang='lat' dir='ltr'><strong>liciti</strong></span> <span class='ocrx_word' id='word_1_826' title='bbox 2333 4651 2477 4706; x_wconf 89' lang='lat' dir='ltr'><strong>sunl,</strong></span> <span class='ocrx_word' id='word_1_827' title='bbox 2510 4641 2757 4710; x_wconf 85' lang='lat' dir='ltr'><strong>quodque</strong></span> <span class='ocrx_word' id='word_1_828' title='bbox 2786 4642 3177 4710; x_wconf 86' lang='lat' dir='ltr'><strong>gravissimum,</strong></span> <span class='ocrx_word' id='word_1_829' title='bbox 3210 4643 3260 4694; x_wconf 90' lang='lat' dir='ltr'><strong>in</strong></span> <span class='ocrx_word' id='word_1_830' title='bbox 3285 4641 3368 4696; x_wconf 91' lang='lat' dir='ltr'><strong>his</strong></span> <span class='ocrx_word' id='word_1_831' title='bbox 3399 4646 3716 4711; x_wconf 85' lang='lat' dir='ltr'><strong>superbinnt</strong></span> <span class='ocrx_word' id='word_1_832' title='bbox 3743 4664 3761 4698; x_wconf 87' lang='lat'><strong>:</strong></span> 
     </span>
    </p>
   </div>
   <div class='ocr_carea' id='block_1_110' title="bbox 2173 4733 3766 4805">
    <p class='ocr_par' dir='ltr' id='par_1_110' title="bbox 2173 4733 3766 4805">
     <span class='ocr_line' id='line_1_110' title="bbox 2173 4733 3766 4805; baseline 0.007 -24"><span class='ocrx_word' id='word_1_833' title='bbox 2173 4746 2306 4800; x_wconf 91' lang='lat' dir='ltr'><strong>quos</strong></span> <span class='ocrx_word' id='word_1_834' title='bbox 2332 4733 2612 4799; x_wconf 87' lang='lat' dir='ltr'><strong>oportebat</strong></span> <span class='ocrx_word' id='word_1_835' title='bbox 2637 4734 2854 4797; x_wconf 88' lang='lat' dir='ltr'><strong>rubore,</strong></span> <span class='ocrx_word' id='word_1_836' title='bbox 2874 4741 3036 4795; x_wconf 91' lang='lat' dir='ltr'><strong>metu,</strong></span> <span class='ocrx_word' id='word_1_837' title='bbox 3061 4749 3123 4786; x_wconf 90' lang='lat' dir='ltr'><strong>ac</strong></span> <span class='ocrx_word' id='word_1_838' title='bbox 3146 4743 3378 4788; x_wconf 88' lang='lat' dir='ltr'><strong>tremore</strong></span> <span class='ocrx_word' id='word_1_839' title='bbox 3404 4737 3592 4799; x_wconf 88' lang='lat' dir='ltr'><strong>teneri,</strong></span> <span class='ocrx_word' id='word_1_840' title='bbox 3617 4739 3766 4805; x_wconf 83' lang='lat' dir='ltr'><strong>quod</strong></span> 
     </span>
    </p>
   </div>
   <div class='ocr_carea' id='block_1_111' title="bbox 2173 4823 3764 4893">
    <p class='ocr_par' dir='ltr' id='par_1_111' title="bbox 2173 4823 3764 4893">
     <span class='ocr_line' id='line_1_111' title="bbox 2173 4823 3764 4893; baseline 0.004 -16"><span class='ocrx_word' id='word_1_841' title='bbox 2173 4823 2274 4892; x_wconf 89' lang='lat' dir='ltr'><strong>ipsi</strong></span> <span class='ocrx_word' id='word_1_842' title='bbox 2301 4823 2512 4892; x_wconf 90' lang='lat' dir='ltr'><strong>quidem</strong></span> <span class='ocrx_word' id='word_1_843' title='bbox 2553 4825 2622 4877; x_wconf 91' lang='lat' dir='ltr'><strong>ob</strong></span> <span class='ocrx_word' id='word_1_844' title='bbox 2661 4824 2858 4876; x_wconf 90' lang='lat' dir='ltr'><strong>nullam</strong></span> <span class='ocrx_word' id='word_1_845' title='bbox 2904 4826 3207 4890; x_wconf 89' lang='lat' dir='ltr'><strong>utilitatem,</strong></span> <span class='ocrx_word' id='word_1_846' title='bbox 3253 4842 3425 4893; x_wconf 87' lang='lat' dir='ltr'><strong>neque</strong></span> <span class='ocrx_word' id='word_1_847' title='bbox 3470 4833 3764 4884; x_wconf 60' lang='lat' dir='ltr'><strong>necessarii</strong></span> 
     </span>
    </p>
   </div>
   <div class='ocr_carea' id='block_1_112' title="bbox 2173 4914 3770 4989">
    <p class='ocr_par' dir='ltr' id='par_1_112' title="bbox 2173 4914 3770 4989">
     <span class='ocr_line' id='line_1_112' title="bbox 2173 4914 3770 4989; baseline 0.002 -22"><span class='ocrx_word' id='word_1_848' title='bbox 2173 4930 2299 4968; x_wconf 90' lang='lat' dir='ltr'><strong>usus</strong></span> <span class='ocrx_word' id='word_1_849' title='bbox 2321 4914 2521 4982; x_wconf 89' lang='lat' dir='ltr'><strong>gratia;</strong></span> <span class='ocrx_word' id='word_1_850' title='bbox 2551 4914 2644 4968; x_wconf 83' lang='lat' dir='ltr'><strong>sed</strong></span> <span class='ocrx_word' id='word_1_851' title='bbox 2673 4923 2876 4968; x_wconf 87' lang='lat' dir='ltr'><strong>tantum</strong></span> <span class='ocrx_word' id='word_1_852' title='bbox 2908 4915 2977 4968; x_wconf 90' lang='lat' dir='ltr'><strong>ob</strong></span> <span class='ocrx_word' id='word_1_853' title='bbox 3004 4918 3288 4970; x_wconf 87' lang='lat' dir='ltr'><strong>vanitatem</strong></span> <span class='ocrx_word' id='word_1_854' title='bbox 3319 4929 3372 4970; x_wconf 89' lang='lat' dir='ltr'><strong>et</strong></span> <span class='ocrx_word' id='word_1_855' title='bbox 3398 4917 3609 4971; x_wconf 88' lang='lat' dir='ltr'><strong>inanem</strong></span> <span class='ocrx_word' id='word_1_856' title='bbox 3638 4922 3770 4989; x_wconf 79' lang='lat' dir='ltr'><strong>glu—</strong></span> 
     </span>
    </p>
   </div>
   <div class='ocr_carea' id='block_1_113' title="bbox 2175 5004 3774 5074">
    <p class='ocr_par' dir='ltr' id='par_1_113' title="bbox 2175 5004 3774 5074">
     <span class='ocr_line' id='line_1_113' title="bbox 2175 5004 3774 5074; baseline 0.003 -16"><span class='ocrx_word' id='word_1_857' title='bbox 2175 5009 2327 5068; x_wconf 86' lang='lat' dir='ltr'><strong>riam,</strong></span> <span class='ocrx_word' id='word_1_858' title='bbox 2352 5013 2406 5058; x_wconf 89' lang='lat' dir='ltr'><strong>et</strong></span> <span class='ocrx_word' id='word_1_859' title='bbox 2433 5015 2493 5058; x_wconf 93' lang='lat' dir='ltr'><strong>ut</strong></span> <span class='ocrx_word' id='word_1_860' title='bbox 2521 5005 2677 5074; x_wconf 85' lang='lat' dir='ltr'><strong>vulgo</strong></span> <span class='ocrx_word' id='word_1_861' title='bbox 2702 5019 2766 5058; x_wconf 90' lang='lat' dir='ltr'><strong>ac</strong></span> <span class='ocrx_word' id='word_1_862' title='bbox 2798 5004 3098 5060; x_wconf 91' lang='lat' dir='ltr'><strong>forensibus</strong></span> <span class='ocrx_word' id='word_1_863' title='bbox 3133 5006 3468 5060; x_wconf 91' lang='lat' dir='ltr'><strong>admirationi</strong></span> <span class='ocrx_word' id='word_1_864' title='bbox 3511 5011 3635 5070; x_wconf 84' lang='lat' dir='ltr'><strong>sint,</strong></span> <span class='ocrx_word' id='word_1_865' title='bbox 3682 5022 3774 5064; x_wconf 77' lang='lat' dir='ltr'><strong>ta-</strong></span> 
     </span>
    </p>
   </div>
   <div class='ocr_carea' id='block_1_114' title="bbox 2171 5095 3770 5165">
    <p class='ocr_par' dir='ltr' id='par_1_114' title="bbox 2171 5095 3770 5165">
     <span class='ocr_line' id='line_1_114' title="bbox 2171 5095 3770 5165; baseline 0.004 -16"><span class='ocrx_word' id='word_1_866' title='bbox 2171 5097 2310 5149; x_wconf 75' lang='lat' dir='ltr'><strong>lilius</strong></span> <span class='ocrx_word' id='word_1_867' title='bbox 2339 5096 2656 5149; x_wconf 88' lang='lat' dir='ltr'><strong>induantur:</strong></span> <span class='ocrx_word' id='word_1_868' title='bbox 2688 5095 2812 5155; x_wconf 87' lang='lat' dir='ltr'><strong>dttm</strong></span> <span class='ocrx_word' id='word_1_869' title='bbox 2831 5097 3071 5165; x_wconf 83' lang='lat' dir='ltr'><strong>ejusdem</strong></span> <span class='ocrx_word' id='word_1_870' title='bbox 3101 5110 3302 5152; x_wconf 65' lang='lat' dir='ltr'><strong>natura:</strong></span> <span class='ocrx_word' id='word_1_871' title='bbox 3326 5114 3548 5154; x_wconf 89' lang='lat' dir='ltr'><strong>consors</strong></span> <span class='ocrx_word' id='word_1_872' title='bbox 3572 5102 3770 5156; x_wconf 81' lang='lat' dir='ltr'><strong>obam-</strong></span> 
     </span>
    </p>
   </div>
   <div class='ocr_carea' id='block_1_115' title="bbox 2172 5188 3769 5257">
    <p class='ocr_par' dir='ltr' id='par_1_115' title="bbox 2172 5188 3769 5257">
     <span class='ocr_line' id='line_1_115' title="bbox 2172 5188 3769 5257; baseline 0.005 -17"><span class='ocrx_word' id='word_1_873' title='bbox 2172 5188 2318 5241; x_wconf 86' lang='lat' dir='ltr'><strong>bulat</strong></span> <span class='ocrx_word' id='word_1_874' title='bbox 2349 5190 2542 5255; x_wconf 92' lang='lat' dir='ltr'><strong>nudus,</strong></span> <span class='ocrx_word' id='word_1_875' title='bbox 2575 5194 2662 5257; x_wconf 89' lang='lat' dir='ltr'><strong>qui</strong></span> <span class='ocrx_word' id='word_1_876' title='bbox 2696 5204 2868 5256; x_wconf 88' lang='lat' dir='ltr'><strong>neque</strong></span> <span class='ocrx_word' id='word_1_877' title='bbox 2903 5189 3233 5244; x_wconf 89' lang='lat' dir='ltr'><strong>crassissima</strong></span> <span class='ocrx_word' id='word_1_878' title='bbox 3263 5201 3410 5245; x_wconf 88' lang='lat' dir='ltr'><strong>veste</strong></span> <span class='ocrx_word' id='word_1_879' title='bbox 3439 5193 3658 5245; x_wconf 84' lang='lat' dir='ltr'><strong>amicire</strong></span> <span class='ocrx_word' id='word_1_880' title='bbox 3701 5210 3769 5248; x_wconf 89' lang='lat' dir='ltr'><strong>se</strong></span> 
     </span>
    </p>
   </div>
   <div class='ocr_carea' id='block_1_116' title="bbox 2172 5283 3766 5351">
    <p class='ocr_par' dir='ltr' id='par_1_116' title="bbox 2172 5283 3766 5351">
     <span class='ocr_line' id='line_1_116' title="bbox 2172 5283 3766 5351; baseline 0.003 -18"><span class='ocrx_word' id='word_1_881' title='bbox 2172 5292 2342 5350; x_wconf 85' lang='lat' dir='ltr'><strong>potest</strong></span> <span class='ocrx_word' id='word_1_882' title='bbox 2372 5297 2387 5336; x_wconf 91' lang='lat'>:</span> <span class='ocrx_word' id='word_1_883' title='bbox 2417 5291 2469 5335; x_wconf 93' lang='lat' dir='ltr'><strong>et</strong></span> <span class='ocrx_word' id='word_1_884' title='bbox 2499 5296 2673 5351; x_wconf 82' lang='lat' dir='ltr'><strong>neque</strong></span> <span class='ocrx_word' id='word_1_885' title='bbox 2699 5291 2884 5336; x_wconf 81' lang='lat' dir='ltr'><strong>natura</strong></span> <span class='ocrx_word' id='word_1_886' title='bbox 2910 5283 2975 5335; x_wconf 91' lang='lat' dir='ltr'><strong>ad</strong></span> <span class='ocrx_word' id='word_1_887' title='bbox 3004 5284 3523 5337; x_wconf 86' lang='lat' dir='ltr'><strong>commiserationem</strong></span> <span class='ocrx_word' id='word_1_888' title='bbox 3552 5284 3766 5338; x_wconf 84' lang='lat' dir='ltr'><strong>ducun-</strong></span> 
     </span>
    </p>
   </div>
   <div class='ocr_carea' id='block_1_117' title="bbox 2172 5372 3768 5442">
    <p class='ocr_par' dir='ltr' id='par_1_117' title="bbox 2172 5372 3768 5442">
     <span class='ocr_line' id='line_1_117' title="bbox 2172 5372 3768 5442; baseline 0.003 -18"><span class='ocrx_word' id='word_1_889' title='bbox 2172 5383 2276 5435; x_wconf 89' lang='lat' dir='ltr'><strong>tur,</strong></span> <span class='ocrx_word' id='word_1_890' title='bbox 2311 5387 2482 5442; x_wconf 89' lang='lat' dir='ltr'><strong>neque</strong></span> <span class='ocrx_word' id='word_1_891' title='bbox 2511 5373 2840 5429; x_wconf 74' lang='lat' dir='ltr'><strong>conscientia</strong></span> <span class='ocrx_word' id='word_1_892' title='bbox 2869 5372 2936 5428; x_wconf 82' lang='lat' dir='ltr'><strong>ad</strong></span> <span class='ocrx_word' id='word_1_893' title='bbox 2966 5373 3334 5442; x_wconf 84' lang='lat' dir='ltr'><strong>opitulandum</strong></span> <span class='ocrx_word' id='word_1_894' title='bbox 3377 5375 3622 5441; x_wconf 79' lang='lat' dir='ltr'><strong>proximo</strong></span> <span class='ocrx_word' id='word_1_895' title='bbox 3665 5391 3768 5429; x_wconf 84' lang='lat' dir='ltr'><strong>eos</strong></span> 
     </span>
    </p>
   </div>
   <div class='ocr_carea' id='block_1_118' title="bbox 2168 5463 3770 5534">
    <p class='ocr_par' dir='ltr' id='par_1_118' title="bbox 2168 5463 3770 5534">
     <span class='ocr_line' id='line_1_118' title="bbox 2168 5463 3770 5534; baseline 0.004 -16"><span class='ocrx_word' id='word_1_896' title='bbox 2168 5463 2355 5520; x_wconf 89' lang='lat' dir='ltr'><strong>incitat</strong></span> <span class='ocrx_word' id='word_1_897' title='bbox 2386 5483 2398 5518; x_wconf 90' lang='lat'><strong>:</strong></span> <span class='ocrx_word' id='word_1_898' title='bbox 2433 5480 2605 5534; x_wconf 84' lang='lat' dir='ltr'><strong>neque</strong></span> <span class='ocrx_word' id='word_1_899' title='bbox 2645 5467 2900 5520; x_wconf 86' lang='lat' dir='ltr'><strong>memoria</strong></span> <span class='ocrx_word' id='word_1_900' title='bbox 2939 5465 3193 5520; x_wconf 89' lang='lat' dir='ltr'><strong>horrendi</strong></span> <span class='ocrx_word' id='word_1_901' title='bbox 3233 5466 3373 5520; x_wconf 89' lang='lat' dir='ltr'><strong>illius</strong></span> <span class='ocrx_word' id='word_1_902' title='bbox 3410 5467 3538 5533; x_wconf 89' lang='lat' dir='ltr'><strong>diei,</strong></span> <span class='ocrx_word' id='word_1_903' title='bbox 3585 5483 3770 5533; x_wconf 78' lang='lat' dir='ltr'><strong>neque</strong></span> 
     </span>
    </p>
   </div>
   <div class='ocr_carea' id='block_1_119' title="bbox 2164 5555 3766 5627">
    <p class='ocr_par' dir='ltr' id='par_1_119' title="bbox 2164 5555 3766 5627">
     <span class='ocr_line' id='line_1_119' title="bbox 2164 5555 3766 5627; baseline 0 -16"><span class='ocrx_word' id='word_1_904' title='bbox 2164 5555 2426 5627; x_wconf 64' lang='lat' dir='ltr'><strong>gehennae</strong></span> <span class='ocrx_word' id='word_1_905' title='bbox 2453 5557 2630 5623; x_wconf 88' lang='lat' dir='ltr'><strong>timor,</strong></span> <span class='ocrx_word' id='word_1_906' title='bbox 2661 5571 2833 5626; x_wconf 90' lang='lat' dir='ltr'><strong>neque</strong></span> <span class='ocrx_word' id='word_1_907' title='bbox 2862 5557 3272 5626; x_wconf 82' lang='lat' dir='ltr'><strong>promissionum</strong></span> <span class='ocrx_word' id='word_1_908' title='bbox 3302 5557 3636 5626; x_wconf 89' lang='lat' dir='ltr'><strong>magnitudo,</strong></span> <span class='ocrx_word' id='word_1_909' title='bbox 3663 5573 3766 5611; x_wconf 60' lang='lat' dir='ltr'><strong>ne.</strong></span> 
     </span>
    </p>
   </div>
   <div class='ocr_carea' id='block_1_120' title="bbox 2166 5648 3765 5720">
    <p class='ocr_par' dir='ltr' id='par_1_120' title="bbox 2166 5648 3765 5720">
     <span class='ocr_line' id='line_1_120' title="bbox 2166 5648 3765 5720; baseline 0.002 -18"><span class='ocrx_word' id='word_1_910' title='bbox 2166 5665 2270 5719; x_wconf 87' lang='lat' dir='ltr'><strong>que</strong></span> <span class='ocrx_word' id='word_1_911' title='bbox 2297 5649 2437 5703; x_wconf 85' lang='lat' dir='ltr'><strong>istud</strong></span> <span class='ocrx_word' id='word_1_912' title='bbox 2465 5648 2660 5718; x_wconf 80' lang='lat' dir='ltr'><strong>ipsum,</strong></span> <span class='ocrx_word' id='word_1_913' title='bbox 2690 5648 2830 5720; x_wconf 88' lang='lat' dir='ltr'><strong>quod</strong></span> <span class='ocrx_word' id='word_1_914' title='bbox 2860 5651 3160 5704; x_wconf 88' lang='lat' dir='ltr'><strong>communis</strong></span> <span class='ocrx_word' id='word_1_915' title='bbox 3190 5650 3444 5703; x_wconf 88' lang='lat' dir='ltr'><strong>Dominus</strong></span> <span class='ocrx_word' id='word_1_916' title='bbox 3489 5660 3671 5703; x_wconf 85' lang='lat' dir='ltr'><strong>noster</strong></span> <span class='ocrx_word' id='word_1_917' title='bbox 3703 5662 3765 5705; x_wconf 86' lang='lat' dir='ltr'><strong>ut</strong></span> 
     </span>
    </p>
   </div>
   <div class='ocr_carea' id='block_1_121' title="bbox 2174 5739 3759 5816">
    <p class='ocr_par' dir='ltr' id='par_1_121' title="bbox 2174 5739 3759 5816">
     <span class='ocr_line' id='line_1_121' title="bbox 2174 5739 3759 5816; baseline 0.002 -21"><span class='ocrx_word' id='word_1_918' title='bbox 2174 5741 2274 5799; x_wconf 85' lang='lat' dir='ltr'><strong>sibi</strong></span> <span class='ocrx_word' id='word_1_919' title='bbox 2302 5739 2439 5796; x_wconf 88' lang='lat' dir='ltr'><strong>facta</strong></span> <span class='ocrx_word' id='word_1_920' title='bbox 2470 5751 2694 5810; x_wconf 87' lang='lat' dir='ltr'><strong>usurpat</strong></span> <span class='ocrx_word' id='word_1_921' title='bbox 2713 5741 3122 5816; x_wconf 59' lang='lat' dir='ltr'><strong>quae-proximis</strong></span> <span class='ocrx_word' id='word_1_922' title='bbox 3150 5742 3281 5796; x_wconf 86' lang='lat' dir='ltr'><strong>ﬁunt</strong></span> <span class='ocrx_word' id='word_1_923' title='bbox 3310 5759 3322 5795; x_wconf 91' lang='lat'>:</span> <span class='ocrx_word' id='word_1_924' title='bbox 3363 5741 3457 5798; x_wconf 87' lang='lat' dir='ltr'><strong>sed</strong></span> <span class='ocrx_word' id='word_1_925' title='bbox 3485 5743 3635 5812; x_wconf 78' lang='lat' dir='ltr'><strong>quasi</strong></span> <span class='ocrx_word' id='word_1_926' title='bbox 3673 5742 3759 5798; x_wconf 74' lang='lat' dir='ltr'><strong>la-</strong></span> 
     </span>
    </p>
   </div>
  </div>
