4092 6408
218 432 331 490 547

208 551 282 604 ἐκ
317 547 426 603 τῶν
465 545 874 619 προειρημένων
906 543 1066 600 πάλιν
1101 541 1324 614 βεϐαίαν
1362 542 1630 613 κτήσηται
1671 538 1770 610 τὴν
1809 536 1892 590 πίρ

209 650 356 695 στιν,
381 630 522 684 ὥστε
552 630 646 685 καὶ
684 629 752 683 τὰ
779 630 900 682 κατ’
926 627 1091 682 αὑτὸν
1119 627 1221 699 ήδη
1251 627 1333 689 είς
1365 625 1526 696 ἔργον
1567 623 1740 678 ἐλθεῖν
1767 623 1896 676 ἀνά-

204 733 344 786 γκη.
383 710 538 778 Εἶτα,
586 713 772 783 ἐπειδὴ
815 711 1100 782 ἐπλήρωσε
1139 709 1238 782 τὴν
1280 709 1605 780 πρόρρησιν,
1651 707 1747 760 καὶ
1777 705 1895 758 ἐδέ-

207 800 345 865 ξατο
395 799 623 868 σημεῖον
673 794 857 849 ἱκανὸν
916 794 1026 848 τῶν
1085 793 1222 864 πρὸς
1276 791 1438 846 αὑτὸν
1487 788 1892 861 γεγενημένων.

221 879 464 948 Ἐπειδὴ
501 877 739 948 ἐγένετο
773 879 804 932 ὀ
853 877 1027 946 ἥλιος
1052 877 1202 946 πρὸς
1237 875 1495 942 δυσμὰς,
1534 874 1699 944 φησὶ,
1733 871 1894 942 φλὸξ

206 965 472 1032 ἐγένετο,
501 962 600 1016 καὶ
642 961 770 1015 ἰδοὺ
805 961 1092 1026 κλίϐανος
1130 956 1577 1027 καπνιζόμενος,
1616 956 1713 1011 καί
1739 959 1892 1024 λαμ-

207 1047 403 1114 πὰδες
440 1047 647 1115 πυρὸς,
674 1045 738 1100 αἳ
772 1045 1022 1114 διῆλθον
1049 1043 1167 1099 ἀνὰ
1192 1043 1391 1114 μέσον
1415 1043 1533 1096 τῶν
1577 1040 1893 1109 διχοτομηο

208 1133 432 1201 μάτων.
462 1131 571 1185 Καὶ
597 1133 630 1202 ἡ
657 1129 789 1200 φλὸξ
825 1131 919 1185 καὶ
941 1131 970 1184 ὁ
998 1128 1252 1191 κλίϐανος
1277 1127 1369 1181 καὶ
1388 1127 1445 1179 αἱ
1470 1125 1753 1196 λαμπάδες
1776 1124 1894 1193 ἐγί-

207 1232 364 1268 νοντο
393 1216 528 1284 πρὸς
555 1214 615 1268 τὸ
651 1213 917 1282 γνωρίσαι
947 1212 1025 1284 τῷ
1045 1212 1238 1284 δικαίῳ
1277 1211 1386 1264 τῶν
1417 1209 1698 1280 συνθηκῶν
1725 1208 1784 1263 τὺ
1810 1209 1893 1280 βέ-

209 1298 387 1358 ϐαιον,
414 1297 508 1350 καὶ
533 1299 632 1366 τῆς
654 1297 749 1350 τοῦ
785 1296 919 1350 Θεοῦ
945 1296 1227 1368 ἐνεργείας
1255 1295 1354 1367 τὴν
1385 1293 1704 1371 παρουσίαν.
1734 1289 1889 1359 Εἶτα,

209 1381 403 1452 ἐπειδὴ
454 1377 746 1453 ἐπληρώθη
797 1380 1012 1434 ἅπαντα
1057 1379 1151 1433 καὶ
1184 1378 1530 1450 ἀπηρτίσθη,
1575 1376 1671 1430 τοῦ
1720 1376 1892 1448 πυρὸς

211 1461 594 1526 ἀναλώσαντος
631 1463 699 1516 τὰ
733 1461 1090 1533 προκείμενα.
1121 1461 1372 1524 Διέθετο,
1400 1460 1552 1532 φησι,
1578 1461 1792 1528 Κύριος
1821 1459 1893 1513 ἐν

211 1543 295 1614 τῇ
335 1545 528 1615 ἡμέρᾳ
565 1545 769 1614 ἐκείνῃ
805 1543 888 1611 τῷ
930 1547 1148 1613 Ἄϐραμ
1185 1543 1484 1611 διαθήκην
1533 1542 1754 1613 λέγων’
1805 1542 1892 1604 Τῷ

213 1627 514 1698 σπέρματί
541 1641 660 1682 σου
687 1627 859 1682 δώσω
888 1627 1004 1695 τὴν
1037 1627 1151 1698 γῆν
1177 1628 1402 1696 ταύτην
1424 1627 1543 1682 ἀπὸ
1573 1626 1680 1680 τοῦ
1712 1639 1893 1681 ποτα-

206 1711 332 1780 μοῦ
355 1712 660 1780 Αἰγύπτου
684 1711 794 1778 ἕως
819 1711 926 1766 τοῦ
945 1711 1214 1780 ποταμοῦ
1239 1711 1346 1766 τοῦ
1368 1709 1636 1780 μεγάλου
1653 1710 1891 1780 Εὐφράο

211 1807 344 1854 του,
371 1793 510 1860 τοὺς
540 1794 891 1858 Κιναίουςι,
919 1794 1019 1848 καί
1047 1793 1188 1860 τοὺς
1219 1792 1590 1861 Κενεζαίους,
1625 1793 1723 1847 καὶ
1748 1794 1892 1862 τοὺς

210 1877 644 1946 Κεδμωναίους,
693 1876 792 1931 καί
835 1877 978 1942 τοὺς
1015 1877 1352 1944 Χετταίους,
1393 1877 1492 1931 καὶ
1533 1877 1677 1944 τοὺς
1713 1881 1891 1946 Φερε-

209 1957 431 2026 ζαίους,
455 1960 553 2014 καὶ
580 1958 722 2026 τοὺς
747 1959 1052 2029 Ῥαφαείμ,
1071 1959 1335 2026 καὶτοὺς
1363 1959 1758 2030 Ἀμορραίους,
1789 1960 1890 2014 καὶ

209 2041 357 2109 τοὺς
379 2042 775 2107 Χαναναίους,
812 2041 913 2096 καὶ
953 2041 1096 2108 τοὺς
1130 2043 1412 2108 Εὐαίους,
1448 2043 1544 2095 καί
1581 2042 1722 2108 τοὺς
1746 2045 1889 2111 Γερ-

208 2128 517 2192 τεσαίους,
541 2125 807 2192 καὶτοὺς
846 2126 1262 2192 Ἰεϐουσαίους.
1293 2117 1435 2196 Ὅρα
1465 2124 1581 2189 πῶς
1624 2127 1787 2180 πάλιν
1819 2127 1886 2198 τῇ

211 2214 466 2286 συνεχείᾳ
513 2212 720 2283 βεϐαιοῖ
763 2215 862 2285 τὴν
908 2214 989 2276 είς
1041 2212 1205 2267 αὑτὸν
1245 2213 1601 2282 ἐπαγγελίαν.
1657 2213 1889 2268 Διέθετο

211 2296 345 2367 7&9,
367 2296 522 2366 φησὶ,
554 2295 870 2364 διαθήκην,
891 2294 1085 2366 λέγων
1103 2312 1117 2326 ⁶
1143 2295 1227 2361 Τῷ
1255 2295 1553 2364 σπέρματί
1576 2311 1692 2351 σου
1715 2297 1888 2352 δώσω

207 2381 327 2448 τὴν
357 2378 474 2451 γῆν
501 2382 746 2446 ταύτην.
789 2374 946 2444 Εἶτα,
980 2379 1067 2434 ἵνα
1108 2379 1174 2433 ἐκ
1205 2379 1299 2433 τοῦ
1340 2380 1578 2444 πλάτους
1618 2381 1716 2450 τῆς
1763 2381 1886 2450 γῆς.

208 2465 304 2518 καὶ
333 2466 400 2517 ἐκ
431 2461 526 2516 τοῦ
561 2462 826 2532 μεγέθους
868 2461 976 2516 τῶν
1011 2461 1175 2533 ὁρίων
1211 2461 1408 2516 εἰδέναι
1445 2462 1548 2535 ἔχη
1587 2463 1617 2516 ὁ
1658 2463 1885 2529 δίκαιος,

206 2549 334 2602 ὅσον
386 2547 746 2618 ἐκταθήσεται
797 2545 964 2599 αὑτοῦ
997 2546 1059 2599 τὸ
1096 2546 1337 2618 σπέρμα,
1381 2547 1576 2619 φησίνο
1613 2545 1745 2600 Ἀπὸ
1781 2547 1886 2602 τοῦ

206 2629 481 2698 ποταμοῦ
532 2629 838 2700 Αίγύπτου
897 2628 1008 2695 ἕως
1070 2629 1178 2684 τοῦ
1238 2630 1507 2699 ποταμοῦ
1569 2628 1888 2700 Εὐφράτου

204 2711 464 2766 τοσοῦτον
499 2712 671 2775 ἔσται,
718 2713 872 2783 φησὶ,
906 2711 969 2766 τὸ
999 2713 1220 2784 σπέρμα
1249 2730 1364 2766 σου.
1405 2714 1603 2767 Σκόπει
1646 2716 1764 2778 πῶς
1799 2713 1888 2767 διὰ

207 2796 430 2848 πάντων
459 2793 552 2848 τοῦ
585 2796 822 2868 πλήθους
861 2795 1009 2866 αὑτῷ
1030 2795 1126 2868 τὴν
1158 2796 1461 2868 ὑπερϐολὴν
1493 2799 1731 2868 ἐμφᾶναι
1766 2796 1890 2867 βού-

205 2876 382 2931 λεται.
425 2878 709 2949 Ἀνωτέρω
737 2879 844 2950 γὰρ
878 2878 1070 2940 είπὼν,
1104 2879 1244 2934 κατά
1269 2880 1332 2933 τὸ
1372 2881 1480 2934 τῶν
1509 2881 1724 2953 ἄστρων
1750 2881 1888 2953 πλῆ-

207 2961 301 3027 θος
345 2961 518 3026 οὑτως
544 2962 913 3034 ἀναρίθμητον
967 2963 1099 3017 αὑτὸ
1144 2966 1410 3032 ποιήσειν,
1441 2964 1672 3019 ἐνταῦθα
1699 2967 1792 3020 καὶ
1828 2967 1893 3020 τὸ

209 3045 391 3115 μῆκος
412 3045 519 3098 τῶν
545 3045 712 3117 ὁρίων
733 3045 892 3114 δῆλον
925 3045 1200 3116 ἐποίησεν,
1236 3046 1322 3098 ἵνα
1347 3047 1440 3098 καὶ
1467 3046 1714 3101 ἐντεῦθεν
1741 3048 1887 3121 μάθῃ

205 3127 304 3180 τοῦ
333 3127 618 3198 μέλλοντος
652 3127 872 3181 ἔσεσθαι
903 3127 1141 3200 πλήθους
1170 3126 1326 3200 [579]
1361 3127 1459 3200 τὴν
1504 3128 1744 3184 ἔκτασιν.
1778 3133 1890 3186 Καὶ

205 3212 271 3265 οὑ
301 3210 464 3264 τοῦτο
494 3212 674 3282 μόνον,
697 3211 835 3265 ἀλλὰ
862 3212 956 3266 καὶ
997 3211 1118 3265 κατ’
1151 3209 1290 3275 εἶδος
1317 3211 1427 3264 τῶν
1467 3211 1635 3264 ἐθνῶν
1679 3230 1782 3284 μνη
1791 3232 1891 3284 μο-

206 3293 386 3360 νεύει,
429 3287 508 3349 ὧν
552 3295 746 3366 ἐμελλε
801 3295 899 3367 τὴν
933 3296 1261 3366 κατάσχεσιν
1307 3295 1565 3367 παρέξειν
1602 3297 1766 3350 αὑτοῦ
1812 3298 1890 3370 τῷ

208 3379 508 3452 σπέρματι,
533 3381 620 3434 ἵνα
649 3380 849 3452 πολλὴν
874 3380 962 3435 διὰ
992 3383 1209 3435 πάντων
1239 3380 1610 3452 πληροφορίαν
1635 3383 1890 3456 παράσχῃ

205 3463 290 3535 τῷ
321 3463 540 3534 δικαίῳ.
567 3464 676 3518 Καὶ
710 3465 980 3518 τοσούτων
1003 3464 1348 3533 ἐπαγγελιῶν
1383 3466 1778 3536 γεγενημένων,
1810 3465 1890 3518 ἔτι

209 3546 406 3618 ἔμενεν
431 3546 624 3614 άγονος
653 3548 689 3618 ἡ
722 3547 892 3618 Σάρα,
933 3547 1028 3600 καὶ
1056 3547 1116 3601 τὸ
1147 3547 1325 3619 γῆρας
1347 3548 1530 3612 αὑτοῖς
1559 3549 1888 3616 ἐπετείνετο,

210 3630 300 3686 ἵνα
319 3633 419 3700 τῆς
436 3631 673 3694 πίστεως
694 3631 872 3684 αὑτῶν
891 3633 1146 3702 μέγιστον
1166 3634 1460 3703 τεκμήριον
1486 3632 1888 3699 ἐξενέγκαντες,

208 3715 332 3768 τότε
361 3716 458 3768 καὶ
485 3717 584 3786 τῆς
619 3713 967 3788 ἀνθρωπίνης
1000 3715 1216 3785 φύσεως
1254 3717 1405 3769 ίδωσι
1444 3714 1545 3788 τήν
1581 3715 1886 3783 ἀσθένειαν,

209 3799 304 3853 καὶ
324 3798 424 3869 τῆς
447 3798 542 3851 τοῦ
577 3796 712 3850 Θεοῦ
733 3797 1015 3868 δυνάμεως
1039 3795 1098 3850 τὸ
1127 3797 1375 3868 μέγεθος.

295 3881 438 3934 Ἀλλ’
477 3879 564 3933 ίνα
593 3875 678 3950 ’ᾗὴ
711 3880 874 3934 πάλιν
903 3881 983 3944 είς
1017 3880 1154 3933 πολὺ
1198 3880 1372 3950 μῆκος
1406 3879 1508 3950 τὴν
1542 3879 1890 3935 διδασκαλίαν

208 3963 563 4033 ἐκτείνωμεν,
601 3963 762 4033 μέχρι
802 3963 992 4016 τούτου
1018 3962 1089 4015 τὰ
1129 3961 1228 4032 τῆς
1258 3961 1570 4026 ὑποθέσεως
1597 3965 1891 4034 στήσαντες

208 4045 654 4117 καταπαύσωμεν
673 4045 764 4098 τὸν
777 4045 956 4115 λόγον,
976 4045 1454 4117 παρακαλέσαντες
1481 4045 1623 4116 ὑμᾶς
1645 4045 1890 4116 ζηλωτὰς

208 4127 468 4198 γενέσθαι
493 4127 588 4181 τοῦ
607 4129 964 4200 πατριάρχου.
1009 4127 1292 4198 Ἐννόησον
1328 4128 1458 4199 γὰρ,
1491 4129 1762 4197 ἀγαπητὴ
1802 4129 1890 4182 διὰ

206 4209 279 4266 τὰ
304 4213 529 4283 ρἡατα
551 4213 754 4274 ἐκεῖνα,
782 4211 818 4264 ἃ
859 4211 993 4284 πρὸς
1025 4211 1116 4264 τὸν
1157 4211 1380 4282 βασιλέα
1418 4211 1668 4282 Σοδόμων
1703 4213 1880 4284 ἐποιήρ

212 4313 368 4359 σατο,
418 4295 618 4365 μᾶλλον
667 4296 725 4349 δέ
769 4295 798 4334 b
837 4297 930 4348 καὶ
955 4295 1044 4348 διὰ
1080 4295 1181 4366 τὴν
1227 4295 1392 4366 ἄλλην
1426 4296 1642 4349 ἃπασαν
1666 4295 1887 4365 ἀρετὴν,

209 4381 279 4450 ἢν
315 4377 406 4431 διὰ
438 4380 618 4450 πάσης
654 4379 999 4432 ἐπεδείκνυτο
1021 4378 1120 4449 τῆς
1145 4376 1310 4447 ζωῆς,
1346 4377 1515 4448 πόσης
1556 4376 1763 4448 ἠξιώοη
1793 4379 1891 4448 τῆς

209 4462 468 4534 ἀμοιϐῆς,
531 4461 627 4515 καὶ
665 4462 841 4532 πόσην
894 4459 1022 4532 περὶ
1074 4460 1236 4514 αὑτὸν
1270 4458 1371 4529 τὴν
1421 4461 1826 4528 συγκατάϐασιν
1861 4461 1891 4513 ὁ

209 4545 491 4614 Δεσπότης
519 4545 852 4612 ἐπεδείξατο,
870 4543 1082 4606 δεικνὺς
1107 4542 1194 4597 διὰ
1226 4541 1336 4597 τῶν
1374 4543 1455 4607 είς
1486 4541 1578 4595 τὸν
1621 4545 1890 4614 πατριάρ-

209 4645 315 4700 χην
347 4628 727 4700 γεγενημένων
758 4627 962 4682 ἀπασιν
983 4629 1116 4699 ἡμῖν
1140 4628 1236 4697 τῆς
1263 4627 1573 4698 φιλοτιμίας
1597 4627 1760 4681 αὑτοῦ
1789 4628 1890 4698 τὴν

210 4710 540 4782 ὑπερϐολήν,
573 4710 668 4764 καὶ
697 4711 800 4773 ὅτι,
825 4710 928 4764 κᾶν
963 4709 1135 4782 βραχύ
1183 4727 1237 4765 τι
1280 4711 1640 4784 προλαϐόντες
1690 4712 1890 4766 ἐπιδεί-

211 4792 407 4859 ξασθαι
425 4791 762 4864 δυνηθῶμεν,
794 4793 914 4846 οὑδέ
941 4793 1004 4846 τὸ
1023 4792 1183 4863 τυχὸν
1206 4793 1592 4864 ὑπερθέμενος,
1629 4795 1890 4865 μεγάλαις

210 4878 359 4949 ἡμᾶς
391 4877 679 4948 ἀμείϐεται
725 4879 848 4940 ταῖς
894 4877 1141 4947 δωρεαῖς,
1193 4877 1351 4949 μόνον
1373 4878 1469 4931 ἐὰν
1492 4878 1758 4951 εἰλικρινῆ
1791 4879 1890 4950 τὴν

209 4960 400 5012 πίστιν
432 4958 853 5029 ἐπιδειξώμεθα,
881 4959 1130 5032 καθάπερ
1166 4962 1196 5013 ὁ
1217 4961 1422 5024 δίκαιος
1453 4956 1627 5026 οὗτος,
1656 4963 1748 5014 καὶ
1787 4979 1892 5032 μη-

207 5044 403 5098 δέποτε
431 5041 790 5113 σαλευώμεθα
845 5043 938 5097 τὸν
988 5042 1284 5115 λογισμὸν,
1337 5045 1452 5099 ἀλλ’
1491 5045 1891 5117 ἐρηρεισμένην

209 5125 542 5198 ἔχωμεντὴν
568 5125 795 5198 γνώμην
829 5167 844 5180 .
887 5119 1166 5181 Ἐντεῦθεν
1205 5130 1312 5198 γάρ
1339 5129 1434 5182 καὶ
1482 5122 1638 5192 οὗτος
1686 5129 1892 5182 εὐδοκί-

214 5227 412 5282 μησεν.
446 5211 646 5264 ’Λκουε
677 5210 787 5282 7&9
810 5209 906 5263 τοῦ
939 5211 1212 5282 μακαρίου
1249 5211 1462 5265 Παύλου
1486 5212 1892 5284 ἀνακηρύττον-

209 5310 303 5357 τος
342 5293 511 5348 αὑτοῦ
573 5295 672 5364 τὴν
701 5297 903 5362 πίστιν,
933 5295 1002 5366 ἡν
1041 5295 1102 5360 ἐξ
1149 5296 1324 5367 ἀρχῆς
1352 5297 1446 5350 καὶ
1485 5299 1550 5351 ἐκ
1591 5297 1892 5369 προοιμίων

211 5375 548 5441 ἐπεδείξατο·
594 5377 728 5446 φησὶ
777 5378 907 5448 7&9,
961 5379 1168 5432 Πίστει
1217 5381 1592 5449 καλούμενος
1634 5380 1892 5449 ’Λϐραὰμ

212 5459 572 5528 ὑπήκουσεν
587 5459 858 5524 ἐξελθεῖν
875 5463 962 5526 είς
979 5460 1085 5514 τὸν
1104 5462 1308 5525 τόπον,
1335 5460 1407 5515 δν
1429 5463 1647 5531 ἔμελλε
1668 5463 1892 5532 λαμϐά-

215 5559 365 5603 νειν,
395 5540 495 5594 καί
512 5539 731 5608 ἐξῆλθε
747 5541 831 5612 μὴ
853 5541 1244 5610 ἐπιστάμενος
1269 5542 1386 5596 ποῦ
1411 5546 1643 5614 ἔρχεται
1667 5563 1681 5577 ο
1716 5547 1894 5599 ἐκεῖνο

217 5624 344 5694 ἡμῖν
373 5625 742 5694 αίνιττόμενος
771 5625 831 5678 τὸ
864 5626 1014 5695 παρά
1042 5625 1136 5678 τοῦ
1159 5623 1293 5678 Θεοῦ
1323 5627 1612 5699 εἰρημένον
1635 5645 1650 5659 °
1681 5628 1891 5693 Ἔξελ-

276 5929 296 5954 ⁸
335 5931 389 5982 In
418 5931 591 5983 Bibliis
630 5931 728 5978 τῶν
749 5934 817 5980 0’
855 5929 1088 5979 scribitur
1126 5934 1235 5986 τοὺς
1255 5927 1498 5984 Κεναίους.
1562 5927 1592 5967 1)
1614 5927 1697 5978 Sic
1733 5928 1885 5978 SaviI.

214 5997 268 6042 et
293 5992 466 6056 δίαιται.
491 5995 554 6042 Al
573 6000 763 6045 septem
788 6005 900 6056 mss,
926 5993 1007 6056 τὸν
1035 5992 1236 6053 βασιλέα
1267 5991 1490 6053 Σοδόμων
1516 5991 1593 6038 διὰ
1616 5991 1674 6038 τὰ
1700 5992 1889 6056 ῥήματα

215 6054 393 6114 ἐκεί-πα,
414 6056 444 6102 ἃ
472 6062 748 6111 ἐποιήσατο·
788 6055 964 6114 μᾶλλον
983 6054 1050 6102 δέ.
1367 6059 1378 6072 ³

541 6157 808 6216 Ριτιιοι..
838 6155 932 6213 (In
993 6155 1150 6216 LIII.

1318 423 1385 485 IN
1419 421 1572 481 CAP.
1607 419 1704 476 XV
1739 416 1988 473 GENES.
2029 416 2268 474 IIOMIL.
2308 415 2572 473 XXXVII.
3580 435 3685 490 558

2004 539 2069 590 θε
2094 537 2163 590 ἐκ
2183 533 2292 601 τῆς
2312 533 2423 604 γῆς
2445 553 2584 599 σου,
2623 535 2719 589 καί
2746 535 2921 606 δεῦρο
2947 541 3033 603 εἰς
3053 538 3168 608 τὴν
3184 541 3322 611 γῆν,
3354 542 3434 612 ἣν
3463 545 3541 601 ἄν
3582 565 3678 604 σοι

2001 618 2196 683 δείξω.
2233 615 2384 682 Εἶδες
2409 619 2591 672 πίστιν
2625 618 2846 688 βεϐαίαν
2877 637 2890 684 ;
2917 616 3056 686 εἶδες
3104 624 3330 695 γνώμην
3371 627 3678 700 εἱλικρινῆς

1999 700 2202 754 Τοῦτον
2229 703 2324 755 καὶ
2350 702 2511 772 ἡμεῖς
2543 700 2913 772 μιμησώμεοα
2941 705 3034 756 καὶ
3058 703 3362 776 ἐξέλθωμεν
3394 695 3470 780 τῇ
3487 695 3682 782 γνώμῃ

1997 784 2092 837 καὶ
2106 786 2173 854 τῇ
2205 783 2486 855 προθυμίᾳ
2524 785 2587 837 ἐκ
2622 785 2730 837 τῶν
2753 783 2848 836 τοῦ
2880 786 3146 856 παρόντος
3173 789 3289 858 βίου
3316 793 3680 862 πραγμάτων,

1998 865 2091 918 καὶ
2115 864 2424 936 ὁδεύσωμεν
2455 866 2536 929 είς
2555 865 2646 920 τὸν
2671 867 2921 938 οὑρανόν.
2971 869 3212 922 Δυνατδν
3247 873 3377 940 γὰρ,
3421 874 3520 927 ἐὰν
3563 873 3684 927 ἐθέ-

1997 947 2202 1019 λωμεν,
2237 948 2334 1002 καὶ
2379 947 2614 1002 ἐνταῦθα
2661 948 2938 1018 διάγοντες
2977 951 3076 1021 τῆς
3109 953 3228 1006 ἐκεῖ
3269 955 3391 1008 ὁδοῦ
3437 955 3680 1026 ἔχεσθαι,

1995 1033 2124 1086 ὅταν
2143 1031 2269 1097 ἀξια
2287 1030 2396 1108 τῶν
2414 1031 2475 1084 οὑ
2485 1030 2660 1102 ρανῶν
2687 1031 3167 1104 διαπραττώμεθα,
3197 1035 3326 1090 ὅταν
3357 1039 3430 1108 μὴ
3454 1055 3520 1090 πε
3529 1037 3583 1108 ρὶ
3609 1040 3683 1092 τὰ

1994 1114 2090 1169 τοῦ
2117 1113 2324 1185 κόσμου
2355 1107 2508 1186 ὦμεν
2536 1115 2888 1186 ἐπτοημένοι,
2907 1117 3035 1172 ὅταν
3067 1119 3142 1188 μὴ
3163 1117 3263 1189 τὴν
3282 1107 3440 1186 δόξαν
3462 1107 3560 1191 τὴν
3590 1138 3680 1174 κε-

1994 1197 2092 1271 νὴν
2142 1197 2237 1252 τοῦ
2275 1197 2391 1269 βίου
2436 1197 2628 1252 τούτου
2658 1197 3040 1270 ἐπιξητῶμεν,
3083 1200 3219 1254 ἀλλὰ
3266 1202 3467 1274 ταύτης
3513 1204 3682 1275 ὑπερ-

1994 1282 2250 1355 ορῶντες,
2283 1282 2498 1355 ἐκείνης
2522 1281 2769 1352 ἐφίεσθαι
2794 1282 3185 1354 σπουδάζωμεν
3211 1285 3310 1355 τῆς
3327 1285 3564 1356 ἀληθοῦς
3586 1288 3682 1340 καὶ

1995 1365 2081 1419 ἀεὶ
2107 1364 2373 1436 μενούσης
2391 1380 2405 1394 ·
2425 1365 2554 1418 ὅταν
2581 1365 2656 1437 μὴ
2684 1382 2752 1418 πε
2762 1366 2814 1436 ρὶ
2832 1365 2930 1436 τὴν
2945 1365 3047 1435 τῆς
3083 1365 3310 1436 ἐσθῆτος
3331 1367 3681 1422 πολυτέλειαν

1995 1445 2454 1517 ἀπασχολώμεθα,
2493 1446 2628 1517 μηδέ
2661 1446 2723 1500 τδ
2764 1445 2925 1518 σῶμα
2956 1446 3320 1512 καλλωπίζειν
3361 1449 3679 1515 σπουδάζω-

1999 1545 2120 1600 μεν,
2151 1530 2288 1584 ἀλλά
2309 1531 2488 1584 πάντα
2513 1528 2705 1584 τοῦτον
2743 1529 2833 1584 τὸν
2873 1529 3075 1596 ἔξωθεν
3107 1530 3310 1601 κόσμον
3353 1531 3680 1604 μετάγωμεν

1995 1614 2077 1677 είς
2095 1614 2194 1684 τὴν
2224 1613 2324 1683 τῆς
2353 1613 2528 1684 ψυχῆς
2581 1612 2924 1683 ἐπιμέλειαν,
2966 1613 3063 1665 καὶ
3095 1613 3174 1684 μὴ
3208 1613 3530 1685 άνεχώμεθα
3581 1632 3680 1684 γυο

1999 1695 2137 1766 μνὴν
2163 1695 2334 1766 αὐτὴν
2363 1697 2456 1749 καὶ
2489 1695 2694 1766 ἔρημον
2717 1695 2921 1766 ταύτης
2943 1695 3042 1766 τῆς
3065 1695 3270 1766 ἀρετῆς
3311 1696 3420 1750 τῶν
3446 1696 3678 1767 ἐνδυμά-

1995 1795 2103 1832 των
2121 1779 2383 1849 περιορᾷν
2403 1792 2418 1804 '
2444 1779 2574 1832 ὅταν
2605 1777 2998 1848 καταγελῶμεν
3025 1783 3259 1851 τρυφῆς,
3293 1782 3423 1835 ὅταν
3453 1799 3679 1853 γαστρι-

1998 1861 2236 1933 μαργίαν
2263 1861 2579 1933 φεύγωμεν,
2606 1863 2732 1916 ὅταν
2766 1863 2840 1934 μὴ
2867 1863 2938 1917 τὰ
2959 1865 3234 1935 συμπόσια
3271 1866 3452 1920 καὶτὰ
3490 1866 3680 1919 δεῖπνα

1997 1945 2439 2018 μεταδιώκωμεν,
2463 1945 2600 1999 ἀλλά
2629 1946 2728 2014 τῆς
2756 1946 3090 2019 αὐταρκείας
3111 1947 3383 2019 ἐχώμεθα,
3408 1950 3547 2003 κατά
3579 1949 3680 2020 τὴν

1992 2027 2355 2099 ἀποστολικὴν
2375 2028 2697 2100 παραίνεσιν
2731 2028 2828 2100 τὴν
2854 2029 3121 2098 λέγουσαν
3153 2051 3162 2062 ι
3206 2034 3500 2101 Ἔχοντες
3547 2032 3677 2086 διας

1992 2113 2215 2180 τροφὰς
2259 2111 2359 2164 καὶ
2413 2110 2836 2179 σκεπάσματα,
2882 2113 3118 2179 τούτοις
3148 2114 3672 2182 ἀρκεσθησόμεθα.

1993 2193 2057 2245 Τί
2081 2193 2191 2264 γὰρ
2220 2193 2432 2263 ὄφελος,
2461 2193 2584 2246 είπέ
2615 2211 2730 2264 μοι,
2763 2194 2872 2247 τῶν
2903 2196 3193 2266 περιττῶν,
3213 2197 3310 2250 καὶ
3333 2196 3428 2250 τοῦ
3459 2197 3556 2269 τὴν
3577 2214 3677 2265 γα-

1995 2275 2160 2346 στέρα
2189 2274 2616 2348 διαῤῥήγνυσθαι
2646 2275 2752 2328 ὑπὸ
2778 2276 2879 2346 τῆς
2902 2277 3102 2349 πολλῆς
3123 2278 3488 2350 ὰδδηφαγίας,
3516 2279 3551 2351 ἢ
3581 2280 3676 2333 τοῦ

1992 2357 2254 2429 λογισμοῦ
2277 2358 2337 2411 τὸ
2357 2359 2639 2430 κριτήριον
2665 2360 2795 2429 ἡμῖν
2823 2359 3232 2432 διαφθείρεσθαι
3262 2361 3372 2415 ἀπὸ
3405 2362 3507 2432 τῆς
3541 2363 3680 2434 ἀμέ-

1992 2441 2440 2522 τρουοίνοποσίας
2459 2459 2473 2508 ;
2495 2442 2664 2513 ἡοὺχὶ
2685 2442 2934 2496 ἐντεῦθεν
2954 2442 3104 2516 [⁸580]
3125 2445 3219 2497 καὶ
3244 2445 3320 2516 τῷ
3345 2444 3556 2516 σώματι
3580 2443 3674 2500 καὶ

1990 2526 2058 2594 τῇ
2081 2523 2225 2595 ψυχῇ
2252 2524 2430 2577 πάντα
2457 2525 2701 2579 τίκτεται
2734 2527 2802 2579 τά
2831 2528 2998 2592 κακά;
3035 2528 3205 2581 Πόθεν
3229 2529 3336 2600 γὰρ
3363 2531 3415 2582 αί
3449 2529 3592 2582 νόσοι
3617 2528 3676 2582 αξ

1993 2607 2351 2671 παντοδαπαὶ,
2382 2606 2602 2661 καὶτῶν
2632 2607 2810 2679 μελῶν
2831 2609 3222 2679 αίδιαστροφαί
3247 2629 3261 2675 ;
3306 2612 3440 2682 Οὑχὶ
3485 2613 3672 2665 ἐντεῦ-

1993 2688 2085 2744 θεν
2103 2691 2210 2744 ἀπὺ
2234 2690 2328 2744 τοῦ
2357 2690 2456 2762 τὴν
2481 2691 2673 2762 χρείαν
2706 2693 2850 2763 ὑμᾶς
2880 2693 3306 2764 ὑπερϐαίνοντας
3357 2694 3492 2766 βαρὺ
3541 2712 3676 2767 φορ-

1991 2773 2105 2827 τίον
2135 2773 2434 2827 ἐπιτιθέναι
2459 2777 2527 2844 τῇ
2558 2775 2756 2845 γαστρί
2783 2775 2988 2840 ;Πόθεν
3007 2776 3064 2830 δὲ
3090 2779 3147 2830 αί
3174 2781 3432 2848 μοιχεῖαι,
3461 2780 3519 2831 αἱ
3543 2795 3672 2850 1:09-

1992 2858 2150 2920 νεῖαι,
2177 2856 2236 2908 αἱ
2265 2856 2532 2928 ἁρπαγαὶ,
2563 2857 2620 2908 αἱ
2638 2857 2963 2924 πλεονεξίαι,
2999 2860 3052 2911 οῖ
3077 2860 3248 2927 φόνοι,
3303 2861 3359 2912 αί
3406 2861 3675 2930 λῃστεῖαι,

1992 2938 2088 2994 καὶ
2121 2938 2271 2991 πᾶσα
2294 2937 2391 3008 τῆς
2415 2938 2593 3008 ψυχῆς
2631 2940 2666 3009 ἡ
2692 2937 2996 3010 διαφθορά;
3049 2942 3122 2994 Οὑ
3151 2942 3240 2994 διὰ.
3262 2943 3325 2995 τὸ
3371 2943 3464 2995 τοῦ
3494 2943 3677 2997 πλείο-

1992 3037 2081 3085 νος
2112 3020 2359 3090 ἐφίεσθαι
2390 3021 2490 3091 τῆς
2515 3021 2902 3092 συμμετρίας;
2952 3025 3164 3092 ’Ὠσπερ
3207 3026 3317 3095 γὰρ
3366 3025 3522 3096 ῥίζαν
3565 3027 3676 3080 τῶν

1993 3103 2182 3158 κακῶν
2209 3105 2461 3158 ἁπάντων
2504 3103 2602 3175 τὴν
2649 3104 3015 3176 φιλαργυρίαν
3057 3109 3086 3160 ὁ
3129 3108 3341 3171 Παῦλος
3387 3109 3670 3172 ἐκάλεσεν,

1992 3187 2163 3252 οὕτως
2196 3189 2299 3244 οὐκ
2349 3188 2415 3243 ἄν
2441 3205 2524 3252 τις
2558 3187 2796 3259 ἁμάρτοι
2839 3189 3024 3262 πηγὴν
3057 3191 3163 3244 τῶν
3196 3191 3383 3246 κακῶν
3422 3193 3678 3246 ἁπάντων

1995 3269 2319 3342 προσκαλῶν
2342 3269 2442 3342 τὴν
2468 3269 2759 3341 ἀμετρίαν,
2777 3271 2871 3324 καὶ
2899 3272 2961 3325 τὸ
2989 3274 3087 3343 τὴν
3115 3275 3303 3344 χρείαν
3331 3275 3415 3345 ἐφ’
3445 3276 3677 3330 ἐκάστου

1997 3353 2281 3425 βούλεσθαι
2312 3356 2464 3425 ἡμᾶς
2497 3353 2867 3425 ὑπερϐαίνειν.
2903 3354 3095 3427 Είγάρ
3127 3357 3462 3430 ἐϐουλόμεθα
3501 3359 3594 3412 καὶ
3619 3360 3678 3412 ἐν

1993 3441 2062 3508 τῇ
2087 3439 2286 3506 τροφῇ,
2313 3437 2406 3489 καὶ
2433 3438 2491 3490 ἐν
2518 3440 2630 3500 τοῖς
2661 3436 2948 3507 ἐνδύμασι,
2985 3439 3082 3492 καὶ
3126 3439 3185 3492 ἐν
3221 3444 3333 3504 τοῖς
3384 3441 3676 3510 οἰκήμασι,

1994 3520 2089 3571 καὶ
2115 3521 2171 3572 ἐν
2195 3520 2314 3580 ταῖς
2341 3517 2553 3588 χρείαις
2577 3520 2697 3582 ταῖς
2715 3518 2903 3582 ἄλλαις
2945 3521 3066 3583 ταῖς
3098 3525 3438 3592 σωματικαῖς
3461 3523 3536 3592 μὴ
3568 3524 3674 3574 αὑ-

1992 3603 2102 3656 τῶν
2130 3601 2398 3671 ἐφίεσθαι,
2431 3601 2568 3654 ἀλλά
2595 3602 2663 3654 τὰ
2685 3603 2959 3670 ἀναγκαῖα
2997 3603 3159 3673 μόνον
3207 3603 3508 3674 ἐπιζητεῖν,
3547 3607 3678 3658 πολ-

1993 3685 2091 3756 λῆς
2130 3683 2195 3738 ἂν
2219 3683 2396 3755 λύμης
2419 3683 2737 3754 ἀπήλλακτο
2759 3684 2818 3736 τὸ
2845 3684 2958 3737 τῶν
2984 3684 3082 3738 ἀνθ
3092 3683 3290 3756 ρώπων
3318 3689 3494 3754 γένος.

2061 3774 2123 3823 ε’.
2161 3766 2301 3820 Ἀλλ’
2326 3766 2427 3820 οὑκ
2455 3761 2554 3819 οἷδ’
2575 3767 2723 3830 ὅπως
2755 3767 2987 3830 ἕκαστος
3011 3767 3169 3837 ἡμῶν
3190 3770 3332 3822 κατά
3357 3769 3456 3841 τὴν
3480 3771 3675 3826 ἐαυτοῦ

1991 3851 2292 3924 δύναμιντὸ
2314 3852 2414 3922 τῆς
2437 3849 2752 3916 πλεονεξίας
2783 3851 2996 3921 νόσημα
3024 3851 3339 3922 δεξάμενος,
3371 3855 3670 3924 φιλονεικεῖ

1997 3937 2268 4009 μηδέποτε
2289 3934 2418 3988 εἵσω
2445 3933 2552 3987 τῶν
2592 3934 2690 4004 τῆς
2718 3934 2908 4006 χρείας
2935 3925 3078 4006 ὅρων
3110 3937 3376 4006 γίνεσθαι,
3407 3939 3522 3992 ἀλλ’
3570 3941 3679 3994 ἀπ-

1993 4020 2240 4081 εναντίας
2266 4020 2333 4088 τῇ
2364 4015 2693 4087 ἀποστολικῇ
2720 4017 3036 4088 παραινέσει
3070 4021 3137 4091 τῇ
3175 4019 3425 4092 λεγούση,
3457 4025 3676 4094 Ἔχον-

1992 4121 2092 4170 τες
2117 4102 2438 4170 διατροφὰς
2457 4102 2556 4154 καὶ
2590 4099 3009 4171 σκεπάσματα,
3031 4105 3266 4172 τούτοις
3296 4107 3672 4177 ἀρκεσθησό-

1987 4188 2160 4257 μεθα,
2187 4184 2360 4248 οὑτως
2385 4185 2546 4255 ἡμεῖς
2565 4182 2780 4237 ἃπαντα
2805 4185 3121 4256 πράττομεν
3158 4197 3180 4225 ο
3203 4226 3218 4252 ,
3249 4189 3349 4242 οὑκ
3376 4191 3576 4256 εἰδότες
3595 4195 3674 4256 ὡς

1993 4269 2210 4354 πάντων
2257 4268 2560 4354 τῶνῃὺπὲρ
2605 4268 2707 4354 τὴν
2744 4268 2940 4354 χρείαν
2958 4267 3058 4340 τὴν
3093 4271 3398 4339 ἀναγκαίαν
3444 4275 3707 4354 εὑθύναςν

1993 4353 2089 4405 καὶ
2102 4351 2258 4420 λόγον
2285 4349 2576 4422 ὑφέξομεν,
2608 4350 2686 4414 ὡς
2703 4351 2765 4404 οὑ
2794 4350 3022 4415 δεόντως
3041 4354 3370 4425 κεχρημένοι
3390 4360 3500 4421 τοῖς
3521 4349 3689 4430 παρὰῖ

1991 4434 2088 4488 τοῦ
2121 4434 2393 4488 Δεσπότου
2416 4435 2549 4505 ἡμῖν
2574 4434 3020 4507 παρασχεθεῖσιν.
3058 4437 3133 4490 Οὑ
3160 4439 3268 4508 γὰρ
3304 4439 3390 4494 ἵνα
3424 4441 3504 4504 εἰς
3539 4441 3673 4495 ἀπό.

1993 4519 2184 4572 λαυσιν
2207 4517 2481 4588 ἡμετέραν
2513 4516 2671 4588 μόνον
2697 4518 3160 4590 ἀποχρησώμεθα.
3180 4520 3354 4576 ταῦτα
3373 4524 3503 4593 ἡμῖν
3527 4540 3673 4595 παρ-

1998 4603 2210 4674 έσχετο,
2245 4600 2361 4654 ἀλλ’
2407 4601 2494 4654 ίνα
2524 4601 2616 4655 καὶ
2661 4601 2771 4654 τῶν
2787 4603 3066 4672 ὁμογενῶν
3107 4602 3206 4675 τήν
3253 4603 3460 4660 ἔνδειαν
3495 4623 3674 4677 παρα‹

1998 4683 2390 4758 μυθησώμεθα.
2413 4683 2584 4748 Ποίας
2615 4684 2682 4739 ἂν
2707 4680 2800 4739 οὖν
2822 4681 2934 4738 εἶεν
2964 4684 3292 4757 συγγνώμης
3333 4688 3473 4753 ἄξιοι
3499 4691 3548 4741 οἱ
3577 4690 3674 4742 καὶ

1995 4771 2052 4824 ἐν
2075 4769 2347 4840 ἐσθήμασι
2379 4767 2579 4841 πολλὴν
2603 4767 2701 4838 τὴν
2726 4767 2982 4840 βλακείαν
3012 4769 3464 4840 ἐπιδεικνύμενοι,
3485 4772 3580 4825 καὶ
3603 4773 3673 4826 τά

1996 4857 2106 4911 τῶν
2129 4857 2426 4929 σκωλήκων
2445 4857 2666 4928 νήματα
2697 4855 3116 4930 περιϐάλλεσθαι
3156 4857 3544 4922 σπουδάζοντες
3564 4899 3580 4920 ,
3609 4861 3674 4914 τὸ

1993 4941 2052 4994 δὲ
2079 4939 2481 5011 χαλεπώτατον,
2505 4940 2601 4994 καὶ
2633 4940 2726 4993 ἐπὶ
2750 4938 2959 5003 τούτοις
2988 4939 3132 5009 μέγα
3157 4939 3508 5010 φρονοῦντες,
3553 4942 3672 4996 δέον

1994 5023 2432 5094 ἐγκαλύπτεσθαι
2484 5024 2580 5078 καὶ
2618 5023 2914 5078 δεδοικέναι
2970 5024 3067 5076 καὶ
3109 5023 3354 5096 τρέμειν,
3387 5024 3468 5078 ὅτι
3507 5027 3672 5090 αὑτὸς

2000 5110 2098 5180 μὲν
2144 5109 2224 5171 είς
2256 5108 2407 5162 οὐδὲν
2439 5107 2560 5160 δέον
2584 5107 2706 5159 οὑδὲ
2758 5106 2950 5177 χρείας
2994 5106 3200 5172 ἕνεκεν,
3244 5106 3381 5160 ἀλλὰ
3413 5106 3671 5178 βλακείας

2000 5194 2096 5246 καὶ
2122 5191 2424 5256 κενοδοξίας
2449 5191 2630 5262 χάριν,
2661 5190 2755 5242 καὶ
2785 5189 2924 5242 ὥστε
2959 5189 3064 5242 ὑπὸ
3092 5189 3202 5244 τῶν
3235 5191 3510 5261 ἀγοραίων
3541 5190 3672 5243 θαυ-

2002 5273 2299 5347 μασθῆναι,
2327 5272 2552 5326 τοιαῦτα
2579 5272 2922 5342 περίκεισαιο
2961 5275 2989 5327 ό
3027 5272 3083 5325 δὲ
3114 5273 3214 5342 τῆς
3245 5273 3416 5343 αὑτῆς
3454 5273 3536 5326 σοὶ
3569 5273 3672 5342 φύ-

2001 5373 2140 5420 σεως
2168 5355 2450 5425 τυγχάνων
2498 5355 2703 5426 γυμνὸς
2742 5355 3036 5427 περίεισιν,
3076 5355 3198 5408 οὑδέ
3244 5356 3404 5426 ἁδρὸν
3457 5356 3672 5426 ἱμάτιον

1998 5439 2388 5512 περιϐαλέσθαι
2410 5439 2578 5510 ἔχωνο
2606 5439 2698 5492 καὶ
2722 5437 2845 5493 οὔτε
2877 5441 2910 5510 ἡ
2949 5439 3111 5508 φύσις
3144 5437 3282 5510 αὑτὴ
3334 5441 3414 5502 είς
3447 5441 3668 5512 συμπά-

1999 5519 2151 5575 θειάν
2182 5539 2241 5575 σε
2273 5522 2441 5586 ἐλκει,
2474 5521 2596 5576 οὑδέ
2620 5522 2682 5576 τὸ
2709 5522 2948 5584 συνειδὸς
2971 5520 3226 5592 διεγείρει
3259 5521 3396 5592 πρὸς
3445 5522 3544 5591 τὴν
3575 5523 3670 5575 ἀνι·

1997 5605 2212 5677 τίληψιν
2231 5606 2326 5659 τοῦ
2353 5607 2667 5677 ὁμογενοῦς,
2694 5604 2819 5658 οὔτε
2853 5607 2886 5676 ἡ
2919 5605 3097 5658 ἔννοια
3134 5603 3233 5672 τῆς
3261 5604 3496 5675 φοϐερᾶς
3535 5605 3670 5675 ἡμέ-

2063 5807 2086 5834 °
2112 5806 2278 5870 Οὑτως
2299 5805 2435 5868 ἡμεῖς
2454 5806 2639 5870 ἅπαντα
2670 5804 2953 5868 πράττομεν.
2979 5803 3072 5870 Hic
3087 5867 3095 5870 _
3113 5799 3541 5870 c_rebrislperson:P
3564 5813 3672 5870 mll-

2005 5867 2268 5920 wlinnibus
2313 5865 2467 5916 υἰίιιιι·
2533 5865 2929 5927 Chrysdslomus;
3000 5866 3168 5926 incipil
3236 5865 3367 5927 enim
3427 5878 3451 5906 τι
3517 5865 3673 5920 prim:

1997 5929 2322 5996 plura|_i,hinc
2344 5931 2404 5978 ad
2428 5925 2906 5996 lergiamipluralpm.
2961 5925 3241 5996 d_«-iudeque
3297 5925 3357 5996 aq
3405 5932 3668 5996 εηειιιιιιξιιη

1994 5984 2297 6064 Sanguinem
2341 5992 2581 6051 procedit,
2621 5984 2915 6051 u'eunumque
2941 5991 2999 6038 ad
3055 5984 3248 6038 tertiam
3300 5984 3543 6046 pluralem
3587 5994 3669 6029 re-

1994 6054 2084 6102 dit.

3271 6114 3354 6174 22
