4092 6408
358 428 469 488 ’549

355 564 457 622 ρας
482 544 719 617 ἐκείνης,
748 542 873 599 οὔτε
890 544 988 616 τῆς
1019 540 1248 611 γεέννης
1268 541 1298 593 6
1326 537 1493 609 φόϐος
1515 576 1531 601 ,
1569 535 1693 588 οὑτε
1715 534 1826 589 τῶν
1870 533 2043 601 ἐπαγ-

358 621 560 707 γελιῶν
589 634 652 687 τὸ
677 631 906 705 μέγεθος
929 672 947 699 ,
979 629 1104 685 οὐτε
1129 629 1192 683 τὸ
1214 626 1377 682 αὐτὸν
1409 626 1502 679 τὸν
1530 624 1710 677 κοινὸν
1740 621 1899 693 ήμῶν
1944 622 2046 673 Δε-

351 724 559 795 σπότην
579 723 833 777 ἁπάντων
849 716 1182 772 οἰκειοῦσθαι
1210 715 1279 769 τά
1303 716 1385 777 εἰς
1412 713 1541 775 τοὺς
1566 712 1852 781 ὁμογενεῖς
1897 707 2045 777 γινό-

353 830 493 885 μενα
515 794 527 839 ·
550 812 687 867 ἀλλά
712 808 968 880 καθάπερ
1000 805 1209 876 λιθίνην
1235 802 1466 875 καρδίαν
1504 801 1746 871 ἔχοντες,
1795 798 1891 851 καὶ
1937 794 2044 861 ἐξω

348 901 448 971 τῆς
470 901 683 971 φύσεως
701 899 875 962 ὄντες,
893 896 1037 950 οῦτω
1057 894 1343 963 νομίζουσι
1362 890 1548 943 λοιπὸν
1570 888 1765 959 διάτὴν
1780 886 1889 940 τῶν
1914 887 2042 958 ίμα-

347 986 479 1043 τίων
493 1007 557 1042 πε
565 987 781 1060 ριὸολὴν
799 986 891 1040 καί
905 983 1166 1054 ἀνώτεροι
1182 981 1279 1051 τῆς
1295 977 1639 1049 ἀνθρωπίνης
1651 978 1720 1046 φύ
1730 993 1865 1038 σεως
1879 972 2038 1036 εἶναι,

349 1084 450 1137 οὐκ
463 1075 765 1137 ἐννοοῦντες
779 1075 919 1128 ὅσων
932 1070 1267 1132 ὑπευθύνους
1279 1069 1506 1131 ἐαυτοὺς
1519 1067 1831 1129 καθιστᾶσι,
1853 1064 2040 1127 κακῶς

349 1165 761 1235 οἰκονομοῦντες
782 1164 850 1217 τά
865 1160 1016 1233 παρά
1028 1159 1121 1213 τοῦ
1154 1157 1426 1211 Δεσπότου
1449 1156 1630 1218 αὐτοῖς
1654 1152 2040 1226 ἐμπιστευθέν-

350 1260 441 1317 τα,
455 1254 547 1307 καὶ
562 1252 622 1305 οὐ
641 1250 950 1321 βουλόμενοι
966 1250 1077 1311 τοῖς
1091 1244 1601 1308 συνδούλοιςδιδόναι
1613 1262 1662 1297 τι
1681 1243 1843 1314 μέρος
1860 1255 1907 1303 ι,
1923 1240 2036 1294 ἀλλ’

350 1338 521 1409 ἡδέως
534 1338 761 1407 ἀφέντες
777 1335 880 1388 ὑπὸ
895 1334 1001 1387 τῶν
1018 1331 1197 1403 σητῶν
1208 1330 1348 1384 αὐτά
1361 1329 1722 1385 καταναλίσκε
1732 1328 1874 1389 σθαι,
1889 1327 2038 1395 δαψι-

350 1426 605 1499 λέστερον
630 1427 813 1488 αὐτοῖς
834 1424 895 1477 τὸ
922 1423 1023 1493 τῆς
1047 1422 1273 1492 γεέννης
1302 1420 1415 1491 πῦρ
1450 1420 1550 1491 ήδη
1586 1436 1784 1487 προευτ
1796 1418 2038 1489 ρεπίζου-

352 1528 466 1580 σιν;
496 1516 556 1568 Εἰ
587 1514 697 1585 γὰρ
730 1513 826 1566 καὶ
871 1511 1156 1565 πάνταντά
1197 1509 1343 1563 ἔνδον
1383 1508 1722 1577 ἀποκείμενα
1761 1507 2035 1576 διένειμαν

348 1603 461 1664 τοῖς
494 1600 770 1671 δεομένοις
799 1600 851 1652 οἰ
884 1597 1262 1661 πλουτοῦντες,
1295 1597 1388 1651 καὶ
1412 1595 1585 1659 οὕτως
1609 1595 1707 1648 οὐκ
1730 1594 1795 1648 ἂν
1820 1594 1917 1665 τὴν
1939 1594 2036 1647 κό-

348 1688 506 1741 λασιν
533 1688 789 1757 διέφυγον
814 1686 953 1758 ὑπὲρ
983 1679 1059 1740 ὧν
1082 1684 1395 1757 τρυφῶντες
1422 1685 1515 1739 καὶ
1543 1686 1600 1736 ἐν
1624 1685 1737 1746 τοῖς
1761 1681 2032 1753 ἐσθήμασι

350 1777 445 1830 καὶ
472 1777 530 1828 ἐν
554 1778 674 1839 ταῖς
706 1774 983 1828 ἑστιάσεσι
1011 1774 1298 1827 διετέλουν.
1332 1773 1512 1843 Πόσης
1539 1769 1692 1842 [581]
1714 1769 1822 1841 γάρ
1842 1770 1941 1823 οὐκ
1966 1770 2033 1822 ἂν

349 1859 461 1917 εἷεν
507 1863 786 1927 κολάσεως
823 1861 964 1926 ἄξιοι
1008 1862 1059 1913 οἰ
1100 1862 1280 1915 πάντα
1308 1862 1509 1931 τρόπον
1542 1854 1934 1921 σπουδάζοντες
1964 1855 2031 1910 τὰ

352 1951 453 2023 μέν
480 1949 683 2023 σηρικὰ
716 1947 1148 2021 περιϐεϐλῆσθαι
1181 1948 1446 2010 πολλάκις
1478 1947 1688 2016 ἰμάτια.
1720 1946 1813 1998 καὶ
1855 1944 2032 1997 σοϐεῖν

350 2040 445 2092 ἐπὶ
477 2039 577 2109 τῆς
602 2038 828 2108 ἀγορᾶς.
861 2038 955 2091 καὶ
976 2030 1045 2091 τά
1076 2036 1175 2108 μὲν
1208 2037 1416 2107 χρυσίῳ
1450 2032 1844 2102 καθὐφασμένα
1878 2049 2035 2102 περι·

350 2126 588 2190 κεῖσθαι,
614 2126 685 2180 τά
715 2126 771 2179 δὲ
800 2125 894 2178 καὶ
924 2125 1099 2188 ἄλλως
1124 2133 1244 2187 πως
1285 2122 1654 2183 πεποικίλθαι,
1683 2119 1774 2174 τὸν
1810 2121 1866 2173 δέ
1899 2120 2033 2191 Χρι-

351 2212 477 2269 στδν
503 2216 764 2286 περιορᾷν
790 2212 1016 2285 γυμνόν,
1041 2214 1135 2265 καὶ
1162 2206 1296 2282 μηδέ
1326 2212 1425 2281 τῆς
1448 2206 1754 2278 ἀναγκαίας
1779 2206 2032 2280 εὐπορεῖν

346 2303 591 2373 τροφῆςς
625 2302 877 2355 Μάλιστα
898 2303 1006 2372 γάρ
1043 2318 1132 2371 μοι
1161 2300 1297 2370 πρὸς
1325 2300 1424 2363 τὰς
1446 2298 1706 2369 γυναῖκας
1732 2292 1888 2363 οὗτος
1920 2300 1986 2352 ἂν
2005 2301 2033 2352 6

348 2376 506 2461 λόγος
546 2392 825 2462 ἁρμόσειε.
871 2386 1099 2444 Πλείονα
1141 2390 1252 2459 γάρ
1289 2390 1422 2461 παρ’
1447 2390 1638 2452 αὑταῖς
1674 2388 1820 2441 ἔστιν
1853 2388 2032 2459 εὑρεῖν

346 2482 448 2550 τὴν
478 2478 836 2549 φιλοκοσμίαν
865 2479 959 2531 καὶ
986 2477 1084 2548 τὴν
1115 2476 1379 2541 ἀσωτίαν,
1411 2478 1503 2529 καὶ
1534 2476 1593 2529 τὸ
1621 2476 1757 2545 μετά
1788 2476 1895 2529 τῶν
1918 2477 2033 2529 δια-

349 2571 567 2640 χρύσων
600 2561 831 2638 ἱματίων
861 2569 955 2621 καὶ
980 2567 1051 2620 τὰ
1076 2566 1277 2638 χρυσία
1303 2566 1441 2619 αὐτά
1471 2565 1817 2636 περικεῖσθαι
1846 2567 1937 2617 ἐπί
1969 2582 2027 2617 τε

347 2658 446 2726 τῆς
470 2656 732 2727 κεφαλῆς,
762 2656 853 2708 ἐπί
874 2673 933 2708 τε
955 2655 1052 2708 τοῦ
1078 2655 1349 2726 τραχήλου
1381 2655 1475 2706 καί
1496 2653 1589 2707 τοῦ
1619 2653 1807 2706 λοιποῦ
1839 2652 2031 2723 σώμα-

347 2754 461 2810 τος.
493 2747 587 2799 καὶ
615 2745 757 2816 μέγα
785 2748 1005 2814 φρονεῖν
1034 2745 1127 2798 ἐπὶ
1149 2744 1381 2806 τούτοις.
1410 2743 1619 2805 Πόσων,
1646 2743 1769 2794 εἰπέ
1799 2760 1908 2812 μοι,
1944 2759 2032 2795 πε-

348 2835 525 2905 νήτων
544 2834 818 2905 γαστέρας
839 2833 1099 2905 ἠδύναντο
1120 2833 1646 2904 παραμυθήσασθαι,
1664 2832 1755 2883 καὶ
1773 2832 1913 2883 πόσα
1931 2830 2033 2883 σώ-

352 2939 499 2991 ματα
531 2922 987 2993 γυμνητευόντων
1024 2921 1298 2975 σκεπάσαι
1335 2922 1403 2974 τά
1429 2920 1653 2973 ἐπὶτῶν
1687 2918 1840 2971 ὢτων
1872 2920 2032 2989 μόνον

349 3011 745 3080 ἐκκρεμάμενα
774 3010 952 3080 μάτην
975 3009 1069 3062 καὶ
1085 3012 1231 3081 εἰκῆ,
1265 3010 1360 3062 καὶ
1382 3011 1467 3062 ἐπ’
1492 3008 1667 3061 οὐδενί
1689 3007 1887 3079 κέρδει,
1914 3007 2031 3060 ἀλλ’

349 3100 389 3171 ἢ
423 3101 586 3172 μόνον
611 3101 704 3153 ἐπί
732 3099 904 3173 βλάϐῃ
928 3101 1022 3153 καὶ
1051 3099 1200 3172 λύμῃ
1227 3099 1434 3169 ψυχῆςς
1460 3098 1557 3151 Διά
1582 3096 1739 3149 τοῦτο
1766 3098 1857 3150 καί
1878 3099 1906 3149 6
1934 3098 2033 3167 τῆς

348 3186 675 3256 οἰκουμένης
700 3185 1018 3251 διδάσκαλος
1044 3185 1239 3248 εἰπὼν,
1264 3188 1554 3254 Ἔχοντες
1580 3184 1902 3252 διατροφὰς
1931 3183 2029 3236 καί

348 3274 771 3343 σκεπάσματα,
802 3275 1080 3345 μετήγαγε
1112 3274 1283 3326 πάλιν
1302 3275 1392 3326 ἐπὶ
1418 3273 1518 3336 τὰς
1548 3276 1813 3340 γυναῖκας’
1834 3271 1924 3324 τόν
1948 3271 2032 3323 λό-

350 3370 467 3430 γον.
493 3362 584 3415 καί
620 3379 774 3432 φησι,
805 3360 899 3429 Μὴ
928 3362 997 3414 ἐν
1025 3361 1369 3431 πλέγμασιν·
1406 3361 1443 3428 ἢ
1477 3359 1704 3429 χρυσῷ,
1738 3359 1775 3427 ἢ
1809 3374 2032 3429 μαργα-

346 3452 541 3519 ρίταις
575 3450 614 3517 ἢ
645 3447 938 3518 ίματισμῷ
974 3447 1299 3503 πολυτελεῖ
1334 3449 1584 3518 κοσμεῖν
1621 3448 1858 3514 ἑαυτάς.
1891 3449 2031 3518 Ὅρα

350 3539 469 3602 πῶς
505 3532 564 3590 οὐ
599 3530 850 3609 βούλεται
874 3538 1084 3601 τούτοις
1114 3532 1457 3607 κοσμεῖσθαι,
1490 3536 1610 3589 οὐδέ
1644 3536 1846 3607 χρυσία
1876 3553 2031 3607 περι-

352 3622 585 3689 κεῖσθαι,
614 3626 733 3679 οὐδέ
762 3627 1111 3698 μαργαρίτας
1138 3626 1231 3679 καὶ
1261 3626 1450 3697 ἱμάτια
1471 3624 1756 3694 πολυτελῆ·
1783 3623 1919 3677 ἀλλά
1942 3624 2032 3676 τὸν

350 3718 528 3789 ἀληθῆ
552 3719 755 3788 κόσμον
787 3717 877 3771 ἐπὶ
907 3717 1007 3787 τὴν
1040 3715 1218 3786 ψυχὴν
1255 3716 1533 3786 μετάγειν,
1564 3716 1657 3768 καὶ
1691 3714 1779 3768 διὰ
1799 3714 1896 3785 τῆς
1924 3715 2032 3767 τῶν

350 3805 571 3875 ἀγαθῶν
596 3806 771 3878 ἔργων
798 3805 1050 3875 πράξεως
1074 3804 1135 3859 τδ
1155 3804 1351 3868 κάλλος
1373 3805 1471 3875 τῆς
1492 3804 1673 3875 ψυχῆς
1697 3804 2030 3875 φαιδρύνειν,

353 3900 448 3955 καί¹
482 3900 555 3970 μὴ
587 3900 715 3967 περὶ
735 3896 906 3950 ταῦτα
942 3894 1285 3966 ἐπτοημένην
1310 3896 1573 3966 περιορᾷν
1602 3894 1818 3964 ἐκείνην
1851 3892 2034 3965 ῥυπῶ-

353 3998 475 4048 οαν,
496 3986 820 4056 αὐχμῶσαν,
841 3985 1005 4054 ῥάκια
1029 3983 1323 4053 περιόεϐλη
1334 3982 1523 4053 μένην,
1542 3981 1686 4052 λιμῴ
1701 3978 2029 4051 τηκομένην,

353 4075 460 4128 ὑπὸ
480 4073 575 4127 τοῦ
602 4072 817 4145 κρυμοῦ
850 4071 1222 4143 πηγνυμένην.
1264 4069 1327 4123 'H
1347 4069 1455 4142 γὰρ
1488 4069 1691 4138 σπουδὴ
1720 4067 1861 4138 αῦτη
1886 4068 1980 4121 καὶ
2005 4070 2033 4120 ό

353 4163 484 4232 περί
514 4162 575 4214 τὸ
606 4160 766 4230 σῶμα
787 4159 1195 4229 καλλωπισμὸς,
1224 4158 1439 4228 ἐκείνης
1472 4157 1711 4210 δείκνυσι
1736 4155 1835 4226 τὴν
1862 4157 2031 4226 ἀμορ-

354 4249 505 4317 φίαν,
548 4248 641 4301 καὶ
687 4249 721 4318 ή
772 4246 961 4299 τούτου
1004 4245 1185 4316 τρυφὴ
1225 4246 1441 4314 ἐκείνης
1474 4244 1566 4298 τὸν
1605 4243 1761 4313 λιμὸν
1800 4242 2033 4313 φανερὸν

354 4335 671 4405 καθίστησι,
702 4332 800 4387 καὶ
834 4336 873 4405 ἡ,
917 4335 1045 4403 περὶ
1075 4333 1176 4405 τὴν
1212 4332 1417 4404 ἐσθῆτα
1465 4330 1784 4385 πολυτέλεια
1817 4330 2032 4401 ἐκείνης

350 4425 452 4495 τὴν
492 4423 812 4493 γυμνότητα
851 4420 1120 4489 ἐκφαίνει.
1160 4420 1297 4474 Οὐδὲ
1327 4420 1439 4494 γάρ
1468 4416 1579 4474 οἷόν
1613 4422 1675 4474 τέ
1705 4438 1826 4476 τινα
1852 4418 2034 4490 ψυχῆς

352 4508 804 4579 ἐπιμελούμενον,
834 4508 928 4561 καὶ
957 4507 1054 4578 τὴν
1076 4508 1378 4579 εὐμορφίαν
1402 4509 1615 4579 ἐκείνης
1638 4508 1731 4563 καὶ
1756 4508 1817 4561 τὸ
1838 4507 2034 4572 κάλλος

352 4605 480 4673 περὶ
502 4599 698 4654 πολλοῦ
722 4600 1062 4665 ποιούμενον,
1086 4598 1222 4668 πρὸς
1245 4598 1336 4651 τὸν
1357 4598 1462 4662 ἔξω
1483 4598 1687 4669 κόσμον
1711 4596 2028 4669 ἐπτοῆσθαι·

351 4690 541 4762 ὥσπερ
599 4689 762 4742 πάλιν
806 4687 1064 4740 ἀδύνατόν
1110 4703 1230 4739 τινα
1273 4685 1410 4756 πρὸς
1444 4686 1544 4757 τήν
1589 4686 1889 4756 φαντασίαν
1932 4686 2033 4753 τὴν

352 4778 553 4843 ἔξωθεν
591 4776 946 4847 ἐσχολακότα,
976 4774 1072 4828 καὶ
1110 4772 1212 4844 τῆς
1242 4772 1471 4843 ἐσθῆτος
1502 4772 1593 4827 τὸν
1622 4772 2029 4843 καλλωπισμὸν,

350 4868 446 4920 καὶ
495 4866 587 4919 τὸν
632 4864 740 4919 ἀπὸ
777 4863 886 4917 τῶν
930 4862 1167 4933 χρυσίων
1214 4861 1439 4932 κόσμον,
1490 4861 1707 4932 ἐκείνης
1746 4861 2032 4932 ἡντιναοῦν

352 4955 623 5009 ποιεῖσθαι
651 4953 926 5026 φροντίδα.
966 4952 1103 5006 Πότε
1131 4951 1240 5020 γὰρ
1278 4949 1527 5015 ἀνέξεται
1565 4953 1598 5022 ή
1632 4950 1854 5020 τοιαύτη
1885 4950 2029 5023 ψυχὴ

349 5044 459 5097 τῶν
505 5042 735 5095 δεόντων
777 5058 828 5095 τι
887 5039 1146 5106 συνιδεῖν,
1186 5036 1219 5110 ἢ
1271 5041 1351 5102 εἰς
1392 5038 1602 5093 ἔννοιαν
1644 5040 2032 5109 πνευματικῶν

351 5131 695 5207 πραγμάτων
730 5129 1010 5191 εἰσελθεῖν,
1044 5128 1190 5195 ἅπαξ
1217 5128 1437 5198 περὶτά
1461 5130 1623 5197 γήϊνα
1656 5128 1852 5200 ἑαυτὴν
1882 5129 2033 5183 ἐκδε-

349 5221 577 5282 δωκυῖα,
609 5219 706 5273 καὶ
735 5219 932 5290 χαμαὶ,
978 5218 1052 5281 ὡς
1087 5212 1283 5282 εἰπεῖν,
1322 5217 1620 5290 συρομένη,
1650 5218 1745 5272 καὶ
1774 5217 2030 5272 οὐδέποτε

349 5306 686 5364 ἀναπνεῦσαι
722 5298 1017 5377 δυναμένη,
1061 5304 1196 5358 ἀλλά
1236 5308 1631 5374 συγκεκυφυῖα,
1677 5304 1770 5359 καὶ
1818 5304 2031 5377 μυρίοις

350 5392 593 5468 φορτίοις
640 5394 1053 5465 ἁμαρτημάτων
1100 5391 1303 5463 ἑαυτήν
1338 5392 1683 5465 βαρύνουσα;
1713 5393 1877 5447 Ὅσαι
1920 5393 2029 5467 γὰρ

351 5484 601 5537 ἐντεῦθεν
636 5484 693 5537 αἱ
719 5482 902 5553 ἀηδίαι
939 5481 1234 5543 τίκτονται,
1270 5480 1331 5532 οὐ
1359 5479 1583 5534 δυνατὸν
1618 5481 1711 5534 νῦν
1743 5483 2029 5552 παραστῆ-

352 5584 442 5621 σαι
468 5569 545 5639 τῷ
575 5570 738 5641 λόγῳ·
775 5568 889 5623 ἀλλ’
929 5569 1092 5637 ἀρκεῖ
1138 5567 1217 5637 τῷ
1266 5567 1527 5621 συνειδότι
1569 5568 1887 5621 καταλιπεῖν
1921 5569 2030 5621 τῶν

350 5657 477 5726 περὶ
513 5656 688 5711 ταῦτα
738 5654 1130 5727 ἐσχολακότων,
1182 5655 1313 5717 ὅσας
1358 5656 1483 5708 καθ’
1524 5655 1763 5726 ἑκάστην
1816 5657 2029 5729 ήμέραν

348 5743 597 5797 ἐντεῦθεν
625 5744 869 5814 δέχονται
900 5743 1000 5806 τάς
1039 5741 1299 5812 ἀθυμίας.
1340 5743 1410 5794 Ἦ
1443 5741 1551 5811 γὰρ
1580 5742 1794 5797 διέπεσέ
1836 5761 1890 5798 τι
1922 5745 2030 5798 τῶν

350 5831 607 5899 χρυσίων,
641 5831 736 5883 καὶ
765 5830 930 5892 πολὺς
966 5832 995 5883 ὁ
1034 5830 1242 5899 χειμὼν
1278 5829 1375 5883 καὶ
1408 5833 1436 5884 6
1472 5831 1700 5901 θόρυϐος
1730 5833 2029 5887 κατέλαϐεν

354 5918 565 5968 ἃπασαν
589 5917 687 5986 τὴν
712 5917 906 5971 οἰκίαν·
931 5918 964 5988 ἢ
996 5917 1212 5988 οἰκέτης
1235 5917 1503 5985 ὑφείλετο,
1531 5919 1625 5971 καί
1657 5921 1791 5973 πᾶσι
1830 5921 2024 5991 μάστι-

412 6008 437 6034 ε
462 6000 611 6049 Savil.
644 6010 693 6050 el
719 6015 811 6067 se;
837 6017 951 6051 mss.
980 6003 1154 6067 διδόναι
1174 6004 1231 6051 τὸ
1256 6005 1439 6067 μέτρον.
1465 6005 1639 6059 Morel.
1666 6012 1717 6060 et
1737 6008 1823 6061 alii
1845 6010 2024 6063 διδόναι

358 6078 399 6107 τι
419 6068 577 6126 μέρος,
602 6069 656 6113 ει
688 6064 976 6131 sicjegerat
999 6064 1266 6131 mlerpres‘
1297 6064 1516 6120 Latinus.

1173 420 1234 479 S.
1272 414 1558 477 JOANNIS
1597 408 2092 472 CIIRYSOSTOMI
2132 408 2450 469 ARCHIEP.
2494 412 3042 471 CONSTANTINOP.

3714 423 3823 479 “550

2151 547 2248 601 γες
2285 534 2378 588 καὶ
2414 532 2623 607 πληγαὶ
2668 535 2762 588 καὶ
2788 534 3155 606 δεσμωτήρια·
3195 535 3227 606 ἢ
3264 537 3523 608 βάσκανοί
3551 557 3693 605 τινες
3721 542 3825 594 ἰπ-

2145 621 2496 684 εὸούλευσαν,
2551 621 2645 675 καὶ
2696 621 2954 694 ἐξαίφνης
2993 622 3316 694 ἐγύμνωσαν
3356 626 3466 679 τῶν
3497 626 3686 691 ὄντων,
3729 628 3827 681 καὶ

2114 709 2312 791 ὶπολλὴ
2353 710 2447 763 καὶ
2468 709 2740 781 ἀφόρητος
2760 712 2794 781 ὴ
2818 711 3045 782 ἀθυμία·
3072 711 3105 782 ἢ
3133 714 3475 784 πραγμάτων
3504 715 3827 784 περίστασις

2144 797 2463 868 ἐμπεσοῦσα
2496 800 2576 863 εἰς
2609 799 2844 868 ἐσχάτην
2884 799 3075 852 πενίαν
3110 801 3436 870 κατήνεγκε,
3467 802 3561 855 καὶ
3588 801 3824 874 βαρυτέ-

2145 905 2247 960 ραν
2280 887 2511 943 θανάτου
2555 889 2654 960 τὴν
2690 889 2833 961 ζωὴν
2876 888 3060 953 αὐτοῖς
3098 890 3452 963 κατέστησεν·
3483 891 3517 962 ἢ
3552 892 3738 963 ἔτερόν
3769 911 3827 947 τι

2142 978 2306 1034 πάλιν
2335 976 2487 1051 [382]
2513 979 2873 1051 παρεμπεσὸν
2902 979 3105 1050 πολλὴν
3131 978 3229 1050 τὴν
3255 979 3448 1050 ἀηδίαν
3469 980 3823 1052 προεξέντοσε.

2141 1069 2253 1123 Καὶ
2287 1069 2472 1134 άπλῶς
2495 1070 2597 1123 οὐκ
2633 1069 2748 1123 ἐστι
2788 1071 2918 1124 ποτέ
2950 1070 3196 1141 ταραχῆς
3225 1070 3381 1134 ἐκτὸς
3413 1071 3593 1141 εὑρεῖν
3630 1072 3729 1142 τὴν
3762 1073 3825 1125 ἐν

2137 1155 2348 1221 τούτοις
2368 1156 2721 1228 ἐσχολακυῖαν
2739 1156 2941 1229 ψυχὴν,
2968 1156 3081 1211 ἀλλ’
3104 1156 3293 1228 ὥσπερ
3326 1158 3393 1210 τά
3419 1157 3522 1227 τῆς
3551 1157 3825 1229 θαλάττης

2139 1245 2361 1316 κύματα
2388 1246 2487 1317 οὐχ
2512 1240 2624 1300 οἷόν
2652 1264 2711 1301 τε
2739 1246 3032 1310 ἐπιλιπεῖν,
3054 1245 3176 1299 οὑδέ
3201 1246 3418 1317 ἀριθμῷ
3444 1245 3824 1317 ὑποϐληθῆναι

2138 1332 2227 1387 διὰ
2248 1332 2344 1404 τὴν
2377 1333 2577 1405 πολλὴν
2606 1334 2909 1406 συνέχειαν·
2943 1334 3036 1387 τὸν
3068 1333 3231 1387 αὑτὸν
3261 1333 3326 1403 δὴ
3364 1334 3566 1404 τρόπον
3598 1334 3821 1397 καὶτὰς

2137 1422 2384 1475 ἐντεῦθεν
2419 1422 2741 1492 τικτομένας
2778 1422 3024 1493 ταραχὰς
3058 1422 3157 1492 οὐχ
3192 1415 3305 1475 οἶόν
3336 1439 3396 1474 τε
3426 1421 3605 1485 πάσας
3631 1421 3822 1493 ἐξαρι-

2137 1507 2473 1578 θμήσασθαι.
2532 1508 2623 1562 Διὸ
2681 1509 3009 1580 παρακαλῶ,
3049 1509 3345 1579 φεύγωμεν
3385 1511 3443 1561 ἐν
3490 1510 3661 1563 ἅπασι
3706 1513 3826 1572 τοῖς

2136 1600 2427 1669 πράγμασι
2456 1600 2557 1670 τὴν
2595 1598 2928 1665 πλεονεξίαν,
2964 1601 3058 1653 καὶ
3103 1598 3165 1652 τὸ
3191 1599 3291 1671 τὴν
3323 1600 3513 1671 χρείαν
3554 1599 3831 1670 ὑπερόαί-

2136 1703 2267 1740 νειν.
2302 1687 2360 1740 '0
2386 1687 2494 1759 γὰρ
2522 1686 2731 1759 ἀληθὴς
2760 1686 3012 1751 πλοῦτος,
3038 1689 3073 1758 ή
3100 1687 3379 1751 ἀνάλωτος
3403 1686 3694 1758 περιουσία
3721 1687 3828 1739 αῦ-

2133 1792 2203 1844 τη
2241 1776 2519 1846 τυγχάνει,
2550 1775 2613 1828 τὺ
2646 1776 2742 1846 τῆς
2771 1775 2960 1847 χρείας
2998 1775 3271 1845 ἐφίεσθαι,
3307 1776 3404 1829 καὶ
3440 1775 3507 1829 τά
3549 1775 3689 1845 ὑπὲρ
3718 1774 3825 1846 τὴν

2134 1863 2322 1933 χρείαν
2350 1863 2578 1926 δεόντως
2604 1863 2929 1917 διατιθέναι.
2970 1864 3033 1917 '0
3065 1862 3174 1934 γάρ
3196 1862 3438 1926 τοιοῦτος
3467 1861 3591 1915 οὕτε
3624 1861 3828 1915 πενίαν

2132 1950 2303 2004 δεῖσαί
2325 1968 2453 2005 ποτε
2477 1951 2787 2023 δυνήσεται,
2810 1950 2935 2006 οὔτε
2966 1950 3233 2022 ἐπήρειαν
3261 1951 3544 2021 ὑπομενεῖ,
3575 1948 3701 2002 οὔτε
3722 1966 3828 2002 τα-

2136 2043 2309 2111 ραχῆς
2336 2039 2749 2111 πειραθήσεται·
2789 2039 2926 2094 ἀλλά
2950 2039 3045 2094 καὶ
3076 2039 3442 2107 συκοφαντίας
3466 2038 3623 2103 ἐκτὸς
3643 2037 3824 2102 ἔσται,

2134 2128 2230 2179 καὶ
2270 2128 2378 2181 τῶν
2418 2126 2880 2183 ἐπιϐουλευόντων
2934 2127 3452 2199 ἐλευθερωθήσεται,
3489 2126 3586 2179 καῖ
3629 2124 3827 2188 ἀπλῶς

2135 2216 2328 2277 εἰπεῖν,
2360 2219 2417 2269 ἐν
2438 2216 2679 2288 διηνεκεῖ
2711 2216 2859 2270 ἔσται
2892 2215 3125 2288 γαλήνῃ,
3156 2215 3387 2286 ἡσυχίας
3411 2215 3505 2268 καὶ
3528 2216 3827 2285 ἀπραγμο-

2135 2304 2301 2375 σύνης
2338 2305 2646 2358 ἀπολαύων·
2688 2304 2785 2357 καὶ
2811 2304 2872 2358 τὸ
2900 2303 2964 2375 δὴ
3002 2304 3187 2375 μεῖζον
3220 2304 3476 2357 ἁπάντων
3514 2298 3694 2354 καὶτὸ
3721 2318 3824 2354 κε-

2134 2393 2361 2461 φάλαιον
2380 2391 2489 2445 τῶν
2511 2392 2753 2461 ἀγαθῶν,
2784 2395 2813 2447 6
2842 2392 3082 2456 τοιοῦτος
3111 2393 3205 2445 καὶ
3232 2390 3320 2445 τὸν
3342 2392 3473 2445 Θεὸν
3499 2391 3656 2444 ἵλεων
3681 2390 3826 2456 ἕξει,

2133 2480 2227 2531 καὶ
2252 2476 2452 2550 πολλῆς
2480 2480 2780 2534 ἀπολαύσει
2800 2480 2899 2550 τῆς
2932 2479 3139 2534 ἄνωθεν
3167 2479 3359 2550 ῥοπῆς,
3388 2480 3483 2533 ἆτε
3517 2478 3580 2550 δὴ
3611 2479 3829 2532 οἰκονό-

2136 2587 2235 2640 μος
2255 2568 2443 2633 πιστός
2461 2572 2570 2624 τῶν
2592 2570 2685 2625 τοῦ
2718 2572 2987 2626 Δεσπότου
3011 2571 3329 2642 χρημάτων.
3361 2568 3664 2638 Μακάριος
3683 2570 3757 2638 γά
3766 2588 3828 2641 ρ,

2134 2658 2317 2727 φησὶν,
2356 2660 2389 2712 ὁ
2438 2659 2660 2725 δοῦλος
2694 2659 2944 2726 ἐκεῖνος,
2976 2659 3049 2713 ὃν
3087 2657 3281 2713 ἐλθὼν
3324 2661 3357 2711 ό
3386 2658 3592 2725 κύριος
3628 2656 3828 2711 αὐτοῦ

2132 2741 2377 2808 εὑρήσει
2427 2742 2583 2796 οὕτω
2630 2744 2940 2808 ποιοῦντα,
2985 2742 3129 2798 οὕτω
3180 2741 3503 2811 διανέμοντα
3542 2744 3655 2805 τοῖς
3691 2760 3829 2794 συν-

2131 2829 2357 2893 δούλοις.
2389 2831 2482 2884 καὶ
2518 2831 2594 2902 μὴ
2633 2832 2827 2904 θύραις
2859 2833 2952 2887 καὶ
2991 2831 3207 2903 μοχλοῖς
3245 2828 3682 2891 ἐναποκλείοντα,
3718 2831 3829 2883 καὶ

2132 2919 2243 2980 τοῖς
2290 2918 2527 2989 σκώληξι
2575 2919 2780 2992 τροφὴν
2816 2919 3204 2990 συγχωροῦντα
3241 2918 3507 2987 γίνεσθαι,
3541 2916 3676 2970 ἀλλά
3705 2917 3829 2972 τῶν

2133 3006 2383 3077 πενήτων
2405 3006 2503 3077 τὴν
2525 3006 2731 3061 ἔνδειαν
2754 3007 3265 3078 παραμυθούμενον,
3296 3007 3390 3059 καί
3412 3005 3576 3060 καλὸν
3606 3005 3701 3059 καὶ
3731 3024 3829 3060 πι-

2136 3093 2260 3146 στὸν
2290 3097 2570 3166 οἰκονόμον
2602 3096 2884 3167 γινόμενον
2914 3096 3023 3149 τῶν
3057 3096 3209 3167 παρά
3235 3098 3328 3149 τοῦ
3353 3095 3622 3148 Δεσπότου
3648 3110 3831 3164 χορη-

2133 3184 2428 3254 γηθέντων,
2453 3186 2540 3240 ἵνα
2565 3187 2657 3239 καὶ
2686 3178 2786 3255 τῆς
2814 3185 2988 3254 καλῆς
3006 3184 3209 3255 ταύτης
3232 3184 3495 3254 διανομῆς
3530 3182 3700 3252 μέγαν
3720 3181 3830 3234 τὸν

2137 3272 2327 3342 μισθὸν
2361 3275 2676 3344 κομίσηται,
2710 3274 2805 3327 καὶ
2838 3274 2944 3327 τῶν
2977 3272 3405 3344 ἐπηγγελμένων
3435 3270 3657 3339 ἀγαθῶν
3690 3270 3827 3322 ἐπι-

2133 3363 2315 3430 τυχεῖν
2348 3360 2681 3432 καταξιωθῇ,
2714 3361 2894 3431 χάριτι
2929 3361 3023 3415 καὶ
3061 3360 3443 3431 φιλανθρωπίᾳ
3472 3358 3567 3412 τοῦ
3602 3358 3830 3429 Κυρίου

2132 3448 2292 3517 ἡμῶν
2326 3448 2499 3518 ’ῐησοῦ
2538 3448 2794 3521 Χριστοῦ,
2826 3448 2945 3518 μεθ’
2982 3442 3044 3502 οὗ
3069 3447 3147 3518 τῷ
3176 3449 3375 3520 Πατρί,
3417 3448 3535 3517 ἅμα
3565 3445 3645 3515 τῷ
3672 3446 3831 3516 ἁγίῳ

2136 3533 2433 3605 Πνεύματι,
2462 3535 2608 3599 δόξα,
2639 3537 2860 3606 κράτος,
2887 3535 3043 3607 τιμὴ,
3074 3534 3170 3590 νῦν
3198 3536 3293 3589 καὶ
3322 3535 3430 3602 ἀεὶ,
3462 3534 3555 3588 καὶ
3581 3534 3661 3598 εἰς
3686 3534 3830 3598 τοὺς

2134 3622 2335 3685 αἰῶνας
2367 3620 2476 3676 τῶν
2509 3623 2739 3677 αἰώνων.
2777 3624 2970 3695 Ἀμήν.

2762 3753 3008 3806 ΟΜΙΛΙΑ
3046 3752 3177 3807 ΑΠ’.

2134 3836 2297 3906 Σάρα
2333 3836 2422 3899 δὲ,
2445 3837 2498 3909 fr"
2531 3838 2685 3907 γυνὴ
2724 3841 2963 3909 Ἀϐραμ,
3005 3843 3117 3894 οὐκ
3160 3840 3393 3909 ἔτικτεν
3426 3835 3604 3903 αὐτῷ·
3636 3834 3716 3909 ἦν
3750 3839 3831 3894 δὲ

2312 3907 2467 3977 αὐτῇ
2495 3905 2785 3977 παιδίσκη
2806 3905 3116 3979 Αἰγυπτία,
3146 3905 3187 3981 ᾖ
3216 3910 3403 3978 ὄνομα
3428 3910 3634 3979 "Arap.

2204 4000 2276 4051 α’.
2300 3989 2468 4051 Πάλιν
2494 3998 2563 4050 τὰ
2594 3999 2834 4070 σήμερον
2864 3999 3278 4067 ἀναγνωσθέντα
3311 3999 3405 4051 ἐπὶ
3438 3998 3537 4069 τὴν
3559 3998 3829 4052 ὑπόθεσιν

2132 4080 2232 4152 τὴν
2262 4076 2403 4134 κατά
2431 4074 2521 4133 τόν
2548 4083 2895 4152 πατριάρχην
2922 4081 3020 4153 τὴν
3051 4082 3326 4152 ἡμετέραν
3358 4081 3512 4135 καλεῖ
3544 4080 3826 4149 γλῶτταν·

2134 4164 2228 4217 καὶ
2250 4162 2324 4233 μὴ
2349 4163 2665 4234 θαυμάσητε
2694 4166 2742 4216 εἰ
2766 4165 2857 4216 ἐπί
2880 4156 3173 4227 τοσαύταις
3193 4162 3427 4233 ἡμέραις
3452 4163 3550 4234 τὴν
3576 4164 3698 4216 κατ’
3720 4164 3829 4215 αὐτ

2132 4247 2224 4301 τὸν
2260 4247 2501 4316 ἰστορίαν
2534 4248 2614 4310 εἰς
2638 4247 2800 4317 μέσον
2831 4247 3269 4318 παραγαγόντες,
3289 4246 3503 4300 οὐδέπω
3526 4246 3621 4299 καὶ
3643 4246 3831 4317 τήμε-

2137 4349 2228 4403 ρον
2270 4332 2437 4403 αὐτὴν
2480 4331 2778 4403 ἀπαρτίσαι
2820 4329 3177 4402 δεδυνήμεθα.
3210 4330 3386 4401 Πολλὴ
3436 4330 3544 4401 γὰρ
3582 4330 3617 4400 ἡ
3658 4347 3829 4401 περι-

2133 4416 2291 4469 ουσία
2325 4414 2424 4485 τῆς
2453 4414 2546 4468 τοῦ
2577 4414 2784 4467 δικαίου
2824 4414 3025 4485 ἀρετῆς
3045 4454 3060 4477 ,
3093 4414 3188 4466 καὶ
3232 4413 3341 4466 τῶν
3372 4405 3563 4465 τούτου
3610 4430 3826 4484 κατορ-

2135 4498 2404 4571 θωμάτων
2430 4498 2490 4551 τὸ
2522 4497 2750 4568 μέγεθος
2772 4496 2991 4550 ἅπασαν
3018 4490 3363 4568 ἀνθρωπίνην
3384 4497 3509 4565 νικᾷ
3540 4495 3823 4563 γλῶτταν.

2141 4583 2239 4634 Ὃν
2267 4580 2375 4652 γὰρ
2406 4581 2435 4633 6
2470 4580 2602 4643 Θεὸς
2636 4578 2840 4634 ἄνωθεν
2867 4578 3209 4648 ἐστεφάνωσε
3249 4580 3341 4631 καὶ
3370 4578 3698 4648 ἀνεκήρυξε,
3735 4578 3826 4642 τίς

2133 4661 2439 4733 ἀνθρώπων
2474 4665 2595 4717 κατ’
2631 4663 2786 4729 ἀξίαν
2814 4663 3100 4715 ἐπαινέσαι
3132 4654 3423 4731 δυνήσεται
3443 4678 3456 4727 ;
3476 4661 3615 4713 Ἀλλ’
3641 4662 3821 4731 ὅμως,

2134 4746 2183 4797 εἰ
2222 4745 2317 4799 καὶ
2350 4747 2446 4817 τῆς
2480 4742 2637 4810 ἀξίας
2679 4736 2860 4817 πολλῷ
2900 4744 2976 4817 τῷ
3005 4744 3189 4815 μέτρῳ
3234 4743 3666 4814 ἀπολειπόμεθα,
3704 4746 3825 4798 ἀλλ’

2133 4824 2226 4883 οῦν
2266 4847 2330 4898 γε
2383 4833 2462 4893 εἰς
2499 4829 2728 4899 δύναμιν
2777 4829 3057 4899 ἡμετέραν
3084 4828 3160 4881 τά⁴
3184 4828 3305 4880 κατ’
3345 4827 3506 4880 αὐτὸν
3536 4830 3616 4890 εἰς
3654 4826 3827 4897 μέσον

2133 4912 2461 4985 προθέντες,
2508 4914 2589 4975 εἰς
2638 4912 2798 4984 ζῆλον
2849 4912 2993 4982 ὑμᾶς
3054 4903 3147 4965 καί
3200 4912 3433 4981 μίμησιν
3477 4913 3574 4981 τῆς
3625 4911 3826 4964 τούτου

2133 4999 2335 5069 ἀρετῆς
2372 5000 2659 5065 ἐναγαγεῖν
2697 4986 3016 5067 βουλόμεθα.
3060 4986 3241 5065 Ἰκανὴ
3280 4995 3389 5066 γὰρ
3435 4993 3528 5047 τοῦ
3561 4994 3762 5065 ἀνδρὸς
3790 4997 3825 5065 ὴ

2134 5081 2418 5151 φιλοσοφία
2463 5082 2644 5133 πᾶσαν
2673 5079 2781 5132 τῶν
2814 5078 3121 5150 ἀνθρώπων
3154 5077 3440 5131 παιδεῦσαι
3490 5076 3590 5149 τὴν
3632 5076 3823 5145 φύσιν,

2132 5159 2228 5217 καί.
2271 5165 2398 5226 τοὺς
2435 5164 2725 5234 προσέχειν
2757 5156 3117 5233 βουλομένους
3159 5160 3293 5231 πρὸς
3343 5162 3441 5231 τὴν
3472 5162 3572 5229 τῆς
3614 5161 3823 5232 ἀρετῆς

2132 5242 2248 5299 όδδν
2293 5246 2718 5315 ἐφελκύσασθαι.
2777 5246 2937 5301 ’Λλλά
2983 5245 3303 5317 προσέχετε,
3333 5245 3664 5313 παρακαλῶ,
3708 5248 3826 5310 τοῖς

2131 5329 2475 5402 λεγομένοις,
2510 5331 2594 5384 ἴνα
2622 5333 2714 5385 καὶ
2746 5332 2812 5385 ἐκ
2859 5330 2966 5384 τῶν
3012 5330 3345 5401 προσφάτως
3383 5330 3824 5399 ἀνεγνωσμένων

2131 5416 2542 5487 καταμάθωμεν
2580 5415 2673 5469 τοῦ
2708 5415 2917 5470 δικαίου
2945 5415 3044 5486 τὴν
3087 5412 3426 5483 φιλοσοφίαν.
3465 5413 3678 5466 Ἱκανὸν
3710 5416 3822 5485 γάρ

2131 5498 2287 5553 τοῦτο
2324 5499 2386 5553 τὸ
2428 5501 2626 5572 χωρίον
2677 5498 2966 5553 παιδεῦσαι
3007 5499 3101 5551 καὶ
3146 5497 3344 5567 ἄνδρας
3400 5496 3489 5550 καὶ
3525 5500 3820 5564 γυναῖκας,

2131 5584 2272 5637 ὥστε
2324 5584 2524 5655 πολλὴν
2572 5585 2701 5655 περί
2742 5582 2891 5655 [583]
2939 5582 3200 5653 ἀλλήλους
3256 5580 3665 5633 ἐπιδείκνυσθαι
3718 5583 3820 5652 τὴν

2130 5668 2404 5738 ὁμόνοιαν,
2437 5668 2529 5721 καὶ
2562 5658 2663 5735 τῆς
2693 5661 2953 5735 συζυγίας
2998 5661 3090 5718 τόν
3125 5663 3423 5734 σύνδεσμον
3452 5665 3671 5735 ἀρραγῆ
3699 5666 3823 5719 δια-

2130 5752 2421 5820 φυλάττειν
2440 5767 2453 5780 ·
2491 5752 2585 5803 καὶ
2615 5753 2753 5821 μήτε
2788 5751 2878 5804 τὸν
2908 5751 3078 5822 ἄνδρα
3107 5750 3209 5820 τῆς
3238 5749 3497 5819 γυναικὸς
3542 5748 3814 5813 κατεξαν-

2135 5835 2406 5896 ίστασθαι,
2430 5833 2544 5887 ἀλλ’
2568 5834 2645 5898 ὼς
2676 5833 3052 5906 ἀσθενεστέρῳ
3071 5834 3255 5888 σκεύει
3284 5833 3487 5906 πολλὴν
3514 5833 3821 5903 ἀπονέμειν

2132 5918 2231 5989 τὴν
2280 5916 2645 5987 συγγνώμην·
2696 5919 2833 5988 μήτε
2880 5919 2978 5988 τὴν
3025 5920 3262 5986 γυναῖκα
3313 5916 3451 5987 πρὸς
3499 5916 3597 5969 τὸν
3645 5916 3821 5989 ἄνδρα

2130 6002 2485 6071 διχοστατεῖν,
2517 6000 2633 6054 ἀλλ’
2666 6000 2909 6071 ἀλλήλων
2932 6001 3001 6055 τὰ
3032 6001 3174 6072 βάρη
3204 5999 3494 6072 βαστάζειν
3528 5999 3821 6071 ἑκατέροις

2130 6084 2536 6157 διαμιλλᾶσθαι,
2570 6084 2662 6141 καὶ
2682 6084 2781 6158 τὴν
2819 6085 3025 6140 οἰκείαν
3057 6085 3283 6157 εἰρήνην
3308 6084 3528 6142 πάντων
3555 6084 3815 6155 ἡγεῖσθαι
