4092 6408
325 443 338 480 ε
386 401 495 458 889

390 515 603 584 pideum
630 526 725 567 cor
750 511 1031 576 haberent,
1059 518 1113 566 et
1134 523 1239 563 non
1269 508 1513 578 ejusdem
1542 516 1747 564 naturae
1771 517 1975 575 essent,

390 605 462 658 ita
496 618 556 659 se
587 613 774 673 putant
802 603 872 657 ob
912 602 1143 657 vestium
1177 600 1379 655 cultum
1409 602 1568 655 etiam
1597 601 1716 655 aliis
1745 600 1978 656 homini-

388 693 491 748 bus
523 692 831 762 superiores
857 706 1001 755 esse,
1027 707 1134 746 non
1170 691 1562 761 perpendentes
1598 706 1782 746 secum
1810 707 1978 763 quan-

388 783 460 837 tis
480 783 632 838 malis
655 781 861 852 scipsos
884 783 1144 837 obnoxios
1160 782 1409 848 reddam,
1430 784 1521 853 qui
1547 782 1853 849 concredita
1874 784 1975 839 sibi

385 890 419 931 a
448 876 676 931 Domino
700 875 841 930 male
876 875 1210 944 dispensent,
1239 884 1293 929 et
1331 874 1502 929 nolint
1545 876 1818 931 conservis
1856 890 1978 946 par-

387 975 497 1023 tem
521 967 820 1023 concedere
851 985 864 1021 :
894 967 987 1023 sed
1016 968 1192 1037 potius
1216 983 1245 1022 a
1276 966 1547 1023 vermibus
1571 968 1813 1023 consumi
1854 983 1977 1037 per-

385 1060 686 1126 mittentes,
713 1059 1015 1128 graviorem
1038 1059 1299 1130 gehcnnaa
1320 1058 1496 1127 ignem
1517 1058 1629 1128 jam
1648 1058 1748 1113 sibi
1773 1075 1976 1128 prazpa.

386 1150 553 1206 rent?
594 1150 728 1206 Nam
772 1150 817 1205 si
867 1150 1046 1206 omnia
1093 1150 1215 1221 qua:
1266 1150 1408 1205 intus
1455 1152 1687 1221 reposita
1736 1150 1971 1220 habent,

387 1242 748 1313 indigentibus
773 1243 966 1298 divites
1006 1244 1405 1309 distribuerent,
1436 1259 1609 1314 neque
1652 1244 1731 1299 sic
1775 1245 1976 1314 suppli-

384 1334 526 1389 cium
560 1333 857 1404 ell‘ugerent
893 1349 1081 1389 eorum
1122 1345 1461 1405 peccatorum
1504 1350 1624 1405 qua:
1670 1334 1723 1389 in
1763 1334 1972 1390 deliciis

385 1428 615 1481 vestium
638 1436 694 1482 et
718 1428 1084 1482 conviviorum
1110 1427 1415 1482 admittunt.
1442 1426 1561 1495 Quo
1585 1428 1729 1483 enim
1764 1428 1970 1498 supplib

382 1518 470 1572 cio
496 1532 601 1572 non
632 1526 758 1572 sunt
785 1518 951 1588 digni,
979 1518 1068 1587 qui
1098 1518 1269 1572 modis
1294 1518 1542 1573 omnibus
1570 1518 1701 1573 dant
1726 1533 1967 1588 operam,

383 1616 445 1663 ut
466 1608 653 1663 sericis
680 1618 734 1663 et
759 1623 913 1673 auro,
941 1606 1026 1663 vel
1047 1609 1200 1663 aliter
1227 1609 1381 1678 pictis
1410 1609 1643 1663 vestibus
1671 1610 1971 1664 inter-textis

382 1699 690 1765 induantur,
716 1702 768 1754 e’t
806 1709 927 1769 post
955 1704 1014 1754 se
1039 1714 1286 1769 pompam
1313 1699 1525 1754 trahant
1563 1699 1615 1753 in
1641 1699 1757 1754 loro
1785 1699 1971 1754 :Chri-

381 1799 528 1847 stum
551 1792 727 1846 autem
755 1790 1055 1860 despiciunt
1072 1791 1291 1855 nudum,
1307 1799 1364 1845 et
1385 1805 1556 1860 neque
1578 1790 1755 1846 cibum
1784 1796 1970 1846 neces-

378 1883 581 1939 sarium
602 1883 1017 1953 impetrantem?
1038 1883 1264 1937 Maxime
1279 1891 1457 1939 autem
1474 1898 1654 1939 sermo
1671 1884 1772 1941 iste
1789 1884 1969 1940 adver-

379 1978 472 2030 s'us
496 1976 747 2031 mulieres
775 1976 1105 2046 eongruerit.
1138 1975 1394 2045 Majorem
1424 1976 1568 2032 enim
1596 1977 1734 2047 apud
1765 1992 1857 2032 eas
1888 1978 1967 2032 in-

378 2067 623 2122 venimus
649 2077 867 2123 ornatus
889 2068 1231 2137 cupiditatem
1259 2077 1312 2124 et
1337 2069 1821 2139 intemperantiam,
1845 2086 1966 2127 cum

376 2160 578 2213 auratis
602 2158 836 2215 vestibus
866 2168 920 2215 et
963 2173 1095 2214 auro
1126 2161 1176 2213 in
1211 2160 1405 2230 capite,
1435 2161 1487 2214 in
1518 2161 1659 2216 collo
1687 2172 1741 2216 ct
1769 2162 1821 2216 in
1849 2162 1969 2219 aliis‘

378 2250 620 2320 corporis
647 2250 882 2319 partibus
911 2260 1193 2317 ornantur,
1227 2261 1280 2305 et
1320 2252 1372 2305 in
1414 2251 1497 2306 his
1536 2266 1748 2321 quoque
1780 2260 1971 2322 superb‘

379 2343 549 2399 biunti
572 2343 714 2411 Quot
743 2358 1038 2414 pauperum
1061 2351 1276 2398 ventres
1306 2352 1552 2413 poterant
1580 2344 1703 2398 inde
1725 2345 1890 2414 pas'ci,
1913 2354 1967 2400 ct

376 2440 507 2506 qum
534 2441 763 2506 corpdra
789 2436 930 2491 unde
952 2438 1219 2507 agentium
1245 2434 1491 2506 poterant
1510 2442 1578 2491 ex
1600 2436 1664 2491 iis
1684 2437 1813 2492 solis
1831 2443 1967 2493 eon-

378 2528 504 2597 teg't,
529 2543 648 2598 quae
693 2529 761 2583 ab
802 2527 1037 2598 ipsarum
1075 2529 1293 2583 auribus
1323 2528 1574 2597 pendent,
1614 2528 1809 2583 nullius
1834 2531 1968 2585 alte-

376 2618 487 2673 rius
514 2632 641 2673 usus
678 2619 868 2689 gratia,
908 2634 1065 2689 quam
1097 2620 1150 2674 in
1182 2619 1434 2674 damnum
1480 2629 1535 2673 et
1584 2632 1963 2677 nocmnentum

376 2710 607 2766 animai?
650 2710 876 2780 Propter
930 2712 1031 2765 hoc
1084 2712 1276 2766 doctor
1314 2711 1458 2765 orbis
1502 2727 1621 2766 cum
1673 2712 1897 2768 dixisset
1946 2730 1960 2767 :

377 2802 633 2857 Habentes
662 2805 848 2858 victum
889 2813 935 2858 et
981 2805 1221 2857 amictum
1268 2805 1347 2874 (l.
1392 2804 1525 2857 Tim.
1570 2804 1623 2859 6.
1665 2805 1720 2875 8)
1756 2822 1769 2857 :
1806 2808 1965 2861 vertit

374 2910 587 2948 rursum
612 2894 676 2948 ad
706 2894 954 2949 mulieres
977 2909 1302 2961 sermonem,
1332 2904 1386 2949 et
1416 2895 1544 2949 dicit
1587 2912 1600 2947 :
1632 2894 1749 2949 Non
1780 2897 1832 2949 in
1861 2908 1965 2950 tor-

374 2985 438 3038 tis
462 2984 684 3039 crinibus
698 2986 775 3039 vel
795 2986 845 3039 in
862 3002 1007 3049 auro,
1032 2984 1111 3040 vel
1123 2987 1411 3057 margaritis
1426 2988 1502 3040 vel
1523 2998 1652 3041 veste
1665 2998 1964 3057 sumptuosa

372 3084 549 3130 ornent
576 3091 630 3131 se
657 3074 815 3147 (Ibid.
847 3077 901 3130 2.
933 3076 1010 3148 9).
1041 3076 1201 3132 Vides
1247 3078 1517 3147 quomodo
1564 3094 1669 3132 non
1712 3079 1827 3132 vult
1871 3093 1963 3134 eas

375 3166 570 3221 talibus
594 3169 795 3233 ornari,
828 3182 1004 3238 neque
1028 3183 1159 3223 auro
1181 3168 1524 3233 circumdari,
1554 3184 1726 3239 neque
1752 3184 1961 3240 marga-

374 3258 491 3312 ritis
516 3262 693 3329 neque'
720 3268 869 3314 veste
895 3268 1208 3330 sumptuosa
1239 3277 1254 3312 :
1282 3259 1376 3314 sed
1407 3272 1591 3314 verum
1619 3268 1868 3314 ornatum
1906 3261 1960 3314 in

374 3351 609 3404 animam
638 3350 913 3417 inducere,
944 3360 999 3405 et
1025 3367 1121 3421 per
1157 3351 1418 3406 bonorum
1447 3364 1673 3419 cperum'
1696 3352 1961 3406 aetionem

373 3443 820 3514 pulchritudinem
845 3444 1039 3499 anima:
1069 3444 1357 3509 illustrare,
1383 3453 1438 3498 et
1464 3458 1531 3498 ne
1555 3459 1617 3498 ca
1645 3458 1764 3513 quae
1790 3445 1963 3513 suspi-

369 3536 447 3590 cit
479 3534 624 3599 talia,
652 3543 963 3588 contemnat
987 3535 1133 3588 illam
1153 3533 1446 3599 sordidam,
1474 3533 1795 3602 squalidam,
1834 3548 1964 3603 pan-

373 3642 580 3691 nosam,
621 3626 940 3692 Iamelicam,
972 3626 1199 3696 geluque
1242 3624 1636 3695 rigescentem?
1664 3624 1778 3679 lloc
1816 3626 1960 3681 enim

371 3718 606 3773 studium
647 3718 698 3772 in
738 3717 983 3773 ornando
1027 3731 1256 3787 corpore
1307 3716 1499 3770 anima:
1538 3716 1738 3770 indicat
1785 3716 1962 3771 defor-

374 3816 633 3879 mitatem,
666 3821 721 3867 ct
750 3812 906 3883 hujus
936 3811 1142 3866 deliciae
1178 3811 1323 3865 illam
1356 3809 1495 3865 fame
1530 3809 1775 3864 laborare
1817 3810 1963 3864 clare

371 3902 692 3973 signiﬁcant,
734 3912 790 3957 et
831 3902 990 3972 hujus
1020 3901 1244 3957 vestium
1282 3906 1528 3971 Sumptus
1558 3900 1697 3955 illius
1724 3900 1964 3956 declarat

374 3995 688 4051 nuditatem.
726 3995 864 4050 Fieri
891 3996 1033 4051 enim
1067 4010 1171 4049 non
1200 4002 1394 4064 potest,
1437 4003 1495 4049 ut
1536 3994 1625 4064 qui
1656 3993 1848 4049 anima:
1870 4006 1963 4049 cus

372 4102 487 4142 ram
515 4086 730 4151 habeat,
752 4086 975 4157 ejusque
1001 4084 1449 4156 pulchritudinem
1478 4085 1684 4153 plurimi
1714 4084 1890 4151 faciat,
1917 4085 1963 4140 is

370 4178 597 4236 externo
624 4180 786 4236 cultui
829 4179 996 4234 inhiet
1032 4195 1046 4234 :
1085 4178 1222 4234 sient
1253 4177 1582 4247 impos$ibile
1614 4186 1698 4232 est
1731 4187 1963 4232 externo

372 4273 451 4328 illi
473 4273 660 4339 cultui,
687 4268 913 4328 vestium
938 4271 1232 4342 splendori,
1262 4274 1426 4327 aureo
1463 4270 1677 4325 ornatui
1720 4270 1959 4326 deditum

371 4364 514 4419 illius
542 4378 702 4436 agere
732 4378 937 4417 curam.
969 4362 1192 4429 Quando
1229 4360 1372 4417 enim
1409 4370 1591 4432 posset
1617 4362 1793 4416 anima
1841 4363 1960 4418 talis

370 4454 568 4527 aliquid
595 4458 723 4512 utile
764 4455 1150 4526 contemplari,
1192 4455 1275 4510 vel
1306 4455 1359 4509 in
1384 4455 1761 4525 cogitationem
1802 4457 1961 4527 spiri-

372 4548 593 4603 tualium'
617 4548 803 4603 venire
820 4568 841 4615 ,‘
890 4562 1012 4617 qua:
1040 4546 1206 4601 semel
1230 4546 1455 4601 terrenis
1493 4546 1565 4601 ita
1590 4545 1769 4601 dedita
1797 4547 1961 4617 etrapit

371 4638 512 4706 esse,
543 4642 600 4696 et
624 4639 791 4706 humi,
820 4649 879 4694 ut
906 4639 977 4693 ita
997 4637 1174 4693 dicam
1193 4678 1209 4704 ,
1234 4645 1449 4709 reptare
1474 4677 1490 4703 ,
1517 4653 1637 4709 qua:
1667 4653 1957 4708 numquam

370 4730 531 4802 caput
556 4730 799 4786 attollere
826 4737 1034 4800 potest,
1061 4728 1154 4785 sed
1186 4743 1353 4799 prona
1384 4728 1678 4783 lnnumeris
1705 4739 1959 4799 peccato-

370 4833 489 4881 rum
519 4823 743 4879 sarcinis
772 4822 1005 4893 seipsam
1030 4821 1258 4894 gravat?
1280 4820 1413 4876 Nam
1434 4829 1563 4890 quot
1589 4819 1711 4876 inde
1731 4830 1960 4876 nascano'

369 4916 457 4973 tutl
485 4917 622 4972 mala
643 4956 659 4982 ,
681 4931 788 4971 non
820 4930 1038 4986 possum
1065 4930 1208 4970 nunc
1237 4917 1488 4969 serm'one
1507 4913 1827 4983 complecti;
1859 4914 1955 4969 sed

368 5012 500 5066 satis
528 5014 693 5066 estut
718 5009 1015 5079 relinquam
1040 5008 1383 5065 conscientia:
1411 5021 1631 5073 eorum,
1672 5006 1761 5077 qui
1810 5007 1863 5061 in
1896 5007 1960 5061 iis

368 5117 419 5157 οι
436 5101 613 5171 cupati
635 5100 780 5167 sunt,
807 5106 1039 5171 quantas‘
1058 5099 1182 5155 inde
1200 5098 1539 5169 quotidianas
1561 5099 1834 5153 molestias
1859 5110 1957 5153 cxé

371 5191 666 5262 periantur.
715 5190 926 5245 Etenim
968 5189 1055 5245 vel
1087 5188 1290 5260 aliquid
1329 5188 1530 5243 decidit
1566 5203 1630 5243 ex
1665 5202 1830 5243 aureo
1868 5187 1959 5243 illo

366 5286 614 5351 enimet
638 5284 829 5355 magna
852 5288 1143 5354 tempestas
1180 5296 1511 5353 magnusque
1552 5281 1813 5336 tumultus
1854 5280 1954 5335 ob-

366 5377 539 5433 oritur
567 5376 621 5432 in
651 5384 759 5432 tota
784 5374 981 5440 domo;
1007 5374 1093 5431 vel
1121 5373 1353 5430 fatuulus
1380 5374 1655 5444 surripuit,
1689 5383 1745 5428 et
1772 5386 1961 5428 omnes

369 5467 707 5539 ﬂagellantur
725 5475 782 5522 et
803 5466 1175 5530 verberantur,
1201 5476 1362 5536 atque
1395 5466 1447 5519 in
1473 5478 1747 5520 carcerem
1782 5463 1959 5532 conji-

366 5562 616 5625 ciuntur;
648 5562 733 5618 vel
764 5559 928 5616 invidi
970 5558 1188 5631 quidam
1240 5558 1475 5614 insidiati
1524 5564 1652 5614 sunt
1701 5556 1963 5613 etsubito

368 5654 690 5726 spoliarunt,
718 5666 781 5709 ac
807 5653 1008 5709 multus
1052 5651 1176 5706 hinc
1223 5648 1681 5720 intolerabilisque
1726 5662 1958 5714 maeror;

370 5746 455 5801 vel
484 5761 665 5801 rerum
707 5744 1005 5800 adversitas
1044 5743 1297 5813 ingruens
1322 5743 1373 5797 in
1402 5749 1697 5799 extremam
1726 5740 1959 5811 inopiam

369 5840 613 5914 relegit,
647 5849 697 5894 et
725 5839 1023 5910 graviorem
1063 5844 1236 5891 morte
1290 5835 1453 5891 vitam
1492 5832 1571 5889 eis
1615 5832 1829 5897 attulit;
1873 5831 1963 5888 vel

1308 391 1380 450 ιΝ
1416 394 1571 451 CAP.
1614 390 1756 450 XVI.
1784 384 2031 451 GENES.

2073 392 2307 450 IIOMIL.
2347 393 2637 451 XXXVIII.
3568 395 3671 452 350

2080 509 2225 563 aliud
2254 509 2504 579 quiddam
2532 508 2773 565 incidens
2801 510 3020 565 multant
3050 510 3316 566 tristitiam
3358 513 3583 581 peperit.
3609 514 3672 567 lit

2081 599 2135 655 in
2179 614 2421 667 summa,
2475 616 2763 670 numquam
2810 601 3049 657 invenies
3098 602 3331 658 animam
3372 604 3669 658 istiusmodi

2079 691 2241 747 rebus
2267 691 2555 759 addictam,
2581 690 3067 762 perturbationibus
3086 701 3366 763 expertem
3396 717 3412 748 :
3445 694 3538 749 sed
3566 697 3671 749 sit:-

2080 791 2138 837 ut
2198 782 2361 837 maris
2412 782 2606 837 ﬂuctus
2661 798 2833 853 neque
2884 784 3117 840 deiicere
3167 798 3343 855 neque
3394 786 3669 841 numerari

2078 882 2301 943 queunt,
2330 888 2543 944 semper
2562 873 2713 928 novis
2741 876 3222 941 succrescentibns,
3241 876 3310 930 ita
3334 875 3668 931 turbationcs

2079 964 2203 1019 inde
2227 964 2465 1021 orientes
2494 980 2654 1021 nemo
2684 965 3054 1020 dimnnerarit.
3083 966 3224 1031 Ideo,
3272 966 3530 1033 obsecro,
3585 966 3669 1022 fu-

2075 1059 2283 1127 giamus
2309 1059 2366 1112 in
2389 1058 2639 1114 omnibus
2663 1058 2823 1115 rebus
2851 1058 3080 1115 habendi
3099 1059 3441 1130 cupiditatem
3461 1069 3515 1116 et
3536 1076 3666 1117 usus

2076 1165 2379 1206 excessum.
2408 1151 2563 1207 Vera:
2588 1152 2731 1208 enim
2756 1152 2955 1207 divitiae
2981 1162 3107 1208 sunt
3129 1163 3184 1209 et
3212 1154 3542 1210 inexhausta:
3587 1154 3665 1210 fa-

2074 1243 2303 1299 cultates
2322 1285 2339 1309 ,
2366 1242 2679 1301 desiderare
2708 1253 2911 1300 tantum
2940 1254 3192 1315 quantum
3224 1246 3340 1300 usui
3368 1246 3497 1301 satis
3517 1246 3661 1313 sint,

2074 1341 2131 1389 et
2158 1348 2223 1389 ea
2259 1345 2378 1403 quae
2419 1342 2576 1391 u'sum
2606 1335 2904 1399 excedunt,
2952 1345 3095 1392 recte
3123 1335 3453 1405 dispensare.
3475 1336 3662 1407 Neque

2074 1424 2213 1478 enim
2238 1424 2325 1480 ille
2343 1426 2433 1496 qui
2460 1424 2561 1481 hoc
2587 1424 2734 1491 facit,
2764 1427 2998 1497 inopiam
3029 1426 3217 1481 timere
3244 1428 3463 1496 poterit;
3486 1441 3661 1497 neque

2074 1516 2376 1571 molestiam
2420 1518 2743 1583 sustinebit,
2790 1529 2963 1589 neque
3006 1517 3359 1573 tnrba'tionem
3406 1519 3600 1573 sentiet
3642 1534 3657 1571 :

2071 1608 2165 1663 sed
2192 1620 2245 1663 et
2272 1618 2421 1663 extra
2460 1610 2778 1665 calumniam
2806 1610 2907 1664 erit
2929 1649 2945 1675 ,
2992 1618 3048 1665 et
3076 1609 3384 1664 liberabitur
3419 1609 3489 1663 ab
3518 1609 3650 1664 insi-

2071 1697 2364 1766 diantibus,
2406 1709 2565 1769 atque
2616 1709 2674 1754 ut
2717 1700 3020 1755 summatim
3066 1699 3277 1766 dicam,
3297 1700 3350 1754 in
3401 1710 3653 1770 perpetua

2070 1791 2450 1862 tranquillitate
2474 1792 2578 1847 erit
2593 1831 2610 1858 ,
2632 1801 2687 1847 et
2710 1792 2889 1861 quiete
2908 1792 3124 1862 otioque
3149 1792 3353 1847 fruetur
3382 1810 3393 1845 :
3423 1801 3489 1847 ac
3512 1792 3653 1863 quod

2069 1881 2241 1952 majus
2256 1889 2339 1937 est
2361 1880 2632 1946 omnibus,
2651 1890 2913 1951 caputque
2936 1881 3219 1945 bonorum,
3250 1881 3413 1937 Deum
3442 1880 3659 1936 habchit

2069 1973 2391 2042 propitium,
2416 1979 2472 2028 et
2496 1986 2725 2042 superna
2773 1972 2978 2027 fruetur
2999 1972 3167 2043 gratia
3188 2012 3206 2039 ,
3258 1980 3439 2042 utpote
3483 1972 3656 2027 ﬁdelis

2068 2063 2240 2121 factus
2264 2065 2601 2135 diSpensator
2620 2064 2964 2134 pecuniarum
2992 2063 3220 2119 Domini.
3248 2063 3435 2119 Beatus
3486 2064 3654 2128 enim,

2070 2159 2261 2229 inquit,
2286 2174 2458 2212 servus
2483 2158 2571 2212 ille
2593 2199 2609 2226 ,
2635 2173 2783 2226 quem
2802 2173 2916 2210 cum
2945 2156 3130 2211 venerit
3157 2155 3391 2210 dominus
3409 2146 3656 2222 {invene-

2067 2250 2133 2303 rit
2161 2250 2234 2304 sic
2260 2249 2528 2319 facientem
2574 2246 2726 2319 (Luc.
2756 2246 2840 2301 l2.
2884 2244 3016 2318 45),
3059 2246 3216 2301 etsic
3256 2245 3652 2315 dispensantem

2066 2343 2363 2408 conservis,
2395 2352 2449 2396 ct
2473 2356 2581 2396 non
2604 2342 2780 2411 ianuis
2803 2340 3148 2410 vectibusque
3176 2339 3531 2394 ineludentem
3554 2379 3572 2407 ,
3600 2349 3657 2393 et

2067 2435 2337 2491 vermibus
2363 2448 2540 2489 escam
2573 2433 2684 2489 lieri
2720 2433 3116 2502 permittentem
3144 2448 3157 2485 :
3187 2430 3279 2486 sed
3304 2431 3518 2500 inopum
3549 2432 3655 2485 mi-

2066 2527 2261 2582 seriam
2291 2525 2659 2580 sublevantem
2685 2565 2699 2591 ,
2728 2524 3031 2593 bonumque
3058 2531 3113 2578 et
3137 2521 3346 2577 ﬁdelem
3373 2522 3654 2591 dispensa-

2068 2629 2237 2675 torem
2263 2619 2457 2674 l'actum
2484 2625 2669 2674 eorum
2690 2633 2808 2688 quae
2834 2633 2863 2671 a
2894 2616 3120 2672 Domino
3141 2612 3474 2686 suppeditata
3492 2626 3650 2671 sunt:

2068 2722 2125 2767 ut
2148 2721 2201 2768 et
2224 2711 2460 2782 pulchrae
2478 2710 2636 2781 hujus
2654 2708 3068 2778 dispensationis
3084 2718 3327 2778 magnam
3352 2707 3652 2763 mercedem
3752 2762 3755 2765 .

2066 2803 2301 2875 assequi,
2334 2811 2390 2859 et
2409 2803 2668 2873 promissa
2715 2802 2851 2857 bona
2897 2800 3143 2856 obtinere
3168 2810 3457 2865 mercatur,-
3483 2800 3650 2869 gratia

2066 2905 2121 2952 et
2145 2896 2470 2967 benignitate
2511 2893 2720 2949 Domini
2766 2892 2935 2949 nostri
2987 2890 3112 2947 Jesu
3141 2889 3374 2957 Christi,
3406 2891 3489 2945 cui
3529 2905 3651 2944 cum

2067 2992 2225 3046 Patre
2250 2998 2307 3045 et
2329 2998 2514 3044 sancto
2542 2987 2741 3058 Spiritu
2771 2987 2839 3041 sit
2878 2985 3043 3056 gleria
3061 3026 3076 3050 ,
3105 2984 3409 3054 imperium,
3457 2981 3651 3047 honor,

2068 3096 2208 3137 nunc
2235 3090 2290 3137 et
2316 3095 2552 3150 semper,
2584 3088 2639 3134 et
2669 3079 2719 3134 in
2750 3078 2943 3133 smcula
2969 3076 3307 3131 saeculorum.
3349 3078 3542 3130 Amen.

2552 3190 2833 3247 HOMILIA
2872 3188 3164 3243 XXXVIII.

2070 3286 2205 3341 Sara
2229 3295 2398 3338 autent
2419 3326 2433 3349 ,
2462 3300 2593 3337 uxor
2614 3281 2823 3345 Abram,
2852 3297 2953 3334 non
2986 3281 3175 3349 peperit
3206 3280 3300 3349 ei:
3328 3278 3417 3332 sed
3440 3278 3650 3333 habebat

2064 3390 2067 3395 α
2140 3355 2381 3409 ancillam
2422 3348 2764 3424 r/Egyptiam,
2800 3354 3000 3406 nomine
3028 3352 3167 3422 Agar
3198 3348 3348 3421 (Gen.
3380 3350 3471 3404 16.
3502 3349 3576 3420 1).

2141 3457 2191 3524 Ι.
2237 3469 2410 3523 Etiam
2434 3465 2690 3521 hodierna
2720 3465 2877 3521 lectio
2917 3463 3150 3535 linguam
3187 3470 3422 3517 nostram
3475 3461 3653 3517 denuo

2066 3564 2119 3617 in
2150 3558 2460 3618 memoriam
2487 3559 2799 3631 patriarcha:
2820 3566 2974 3613 vocat
3004 3574 3018 3609 :
3050 3571 3223 3627 neque
3251 3571 3345 3609 vos
3369 3554 3653 3610 admiratio

2067 3656 2265 3719 teneat,
2293 3652 2433 3723 quod
2463 3667 2584 3707 cum
2613 3658 2689 3705 tot
2716 3649 2903 3705 diebus
2932 3647 3205 3702 historiam
3228 3646 3464 3716 ejusdem
3495 3646 3651 3700 toties

2067 3750 2119 3805 in
2173 3747 2407 3803 niedium
2462 3743 2965 3808 attulerimus,nec
2994 3740 3152 3795 hodie
3197 3739 3339 3793 illam
3368 3739 3650 3794 absolvere

2067 3839 2419 3913 potuerimus.
2448 3836 2633 3907 Magna
2655 3834 2798 3890 enim
2824 3833 2978 3903 copia
3023 3840 3106 3887 est
3137 3831 3388 3885 virtutum
3407 3832 3535 3901 justi
3560 3874 3576 3899 ,
3599 3841 3655 3887 et

2066 3933 2259 3990 eximia
2284 3938 2409 3986 sunt
2434 3929 2575 3984 illius
2601 3928 2738 3983 bona
2765 3940 2949 3996 opera,
2978 3924 3112 3979 adeo
3142 3931 3196 3977 ut
3221 3937 3434 3976 omnem
3465 3921 3651 3975 Imma-

2065 4040 2190 4081 nam
2211 4024 2442 4095 linguam
2465 4021 2697 4076 vincant.
2726 4017 2894 4086 Quem
2916 4015 3057 4071 enim
3078 4015 3215 4069 Deus
3240 4027 3471 4082 superne
3495 4027 3651 4067 coro-

2066 4117 2213 4174 navit
2241 4126 2297 4171 et
2322 4114 2591 4171 celebrem
2622 4110 2765 4174 fecit,
2797 4109 2917 4180 quis
2950 4106 3225 4162 hominum
3251 4105 3408 4174 digne
3435 4103 3653 4159 laudare

2063 4207 2301 4280 poterit?
2331 4208 2601 4270 Attamen,
2632 4201 2730 4258 etsi
2758 4201 2914 4271 longe
2939 4196 3218 4254 inferiores
3242 4209 3423 4249 sumus
3442 4235 3457 4260 ,
3489 4209 3649 4264 quam

2065 4306 2358 4370 exposcam
2412 4295 2553 4351 illius
2602 4293 2815 4357 merita,
2845 4307 2939 4360 pro
2975 4287 3172 4343 nostris
3220 4286 3406 4341 saltem
3431 4286 3650 4347 viribus,

2065 4408 2185 4465 quae
2210 4391 2279 4447 de
2325 4390 2421 4445 illo
2460 4387 2657 4457 scripta
2688 4393 2812 4440 sunt
2862 4382 2915 4437 in
2966 4380 3199 4435 medium
3250 4377 3553 4437 all'crentes.
3583 4376 3651 4430 ad

2066 4482 2428 4542 aemulandum
2454 4482 2509 4538 et
2533 4477 2847 4535 imitandum
2867 4475 3116 4530 virtutem
3138 4471 3282 4527 illius
3296 4469 3655 4525 vosinduccre

2064 4579 2329 4648 cupimds.
2349 4573 2559 4631 Suflicit
2585 4570 2727 4627 enim
2755 4568 2915 4637 hujus
2936 4566 3031 4621 viri
3055 4562 3387 4636 philosophia
3408 4561 3472 4615 ad
3496 4575 3655 4616 omne

2066 4668 2343 4725 hominum
2373 4680 2542 4737 genus
2566 4660 2922 4719 erudiendum
2948 4699 2964 4725 ,
2993 4666 3049 4713 et
3087 4654 3156 4710 ad
3198 4652 3512 4709 alliciendos
3560 4665 3656 4706 eos

2064 4761 2155 4830 qui
2201 4758 2484 4829 diligenter
2528 4755 2864 4818 auscultant,
2905 4759 2965 4806 ut
3000 4751 3181 4805 ineant
3233 4745 3447 4801 virtutis
3489 4745 3651 4799 viam.

2066 4851 2331 4907 Cmternm
2362 4847 2588 4903 obsecro
2608 4853 2668 4899 ut.
2695 4841 2979 4899 attendatis
3008 4840 3092 4894 his
3114 4850 3233 4907 qua!
3257 4835 3525 4899 dicuntur,
3548 4848 3655 4904 quo

2067 4948 2224 5003 liceat
2262 4944 2422 4997 etiam
2455 4956 2521 4996 ex
2556 4954 2721 5008 nuper
2749 4936 2903 4992 lectis
2922 4932 3050 5005 justi
3083 4928 3471 5003 philosophiam
3500 4927 3660 4981 addi-

2064 5052 2235 5097 ‘scere.
2256 5037 2439 5093 Potest
2466 5033 2608 5090 enim
2638 5030 2723 5085 hic
2748 5029 2899 5083 locus
2927 5024 3123 5081 docere
3148 5032 3202 5078 et
3226 5023 3373 5076 viros
3396 5029 3449 5075 et
3466 5019 3657 5073 mulie-

2065 5149 2174 5199 res,
2198 5137 2255 5186 ut
2282 5142 2470 5199 magna
2501 5126 2642 5181 inter
2682 5136 2743 5177 se
2766 5117 3051 5176 concordia
3083 5114 3299 5179 vivant,
3325 5122 3383 5168 et
3423 5111 3657 5181 conjugii

2064 5224 2338 5284 vinculum
2364 5217 2735 5277 indissolutum
2763 5218 2979 5269 servent
3004 5226 3021 5265 :
3051 5218 3294 5279 ctneque
3320 5204 3405 5261 vir
3422 5205 3661 5274 insurgat

2066 5321 2329 5377 adversus
2357 5313 2669 5378 mulierem,
2701 5307 2796 5365 sed
2820 5315 2881 5363 ut
2910 5305 3025 5362 vasi
3072 5301 3353 5360 inﬁrmiori
3378 5297 3458 5374 (a)
3485 5298 3661 5368 majo-

2069 5430 2184 5471 rem
2215 5411 2290 5469 illi
2322 5407 2534 5465 veniam
2563 5404 2792 5469 tribuat;
2832 5414 3009 5469 neque
3032 5395 3228 5453 mulier
3260 5394 3377 5450 viro
3402 5406 3463 5447 se
3483 5404 3657 5461 oppo-

2068 5516 2183 5573 nat,
2206 5513 2298 5559 aut
2316 5501 2384 5557 ab
2407 5514 2475 5557 eo
2502 5496 2781 5562 dissideat,
2813 5491 2908 5550 sed
2932 5499 2992 5546 ut
3014 5487 3251 5561 vicissim
3277 5485 3415 5541 alter
3436 5481 3661 5573 alterius

2070 5571 2234 5654 onera
2269 5590 2408 5651 ferre
2446 5597 2686 5654 certent,
2707 5583 3167 5653 domesticamque
3196 5591 3383 5653 pacem
3412 5571 3664 5630 omnibus

2133 5711 2209 5772 (a)
2240 5710 2313 5759 sic
2335 5711 2388 5757 et
2408 5702 2664 5772 in_neg_ula
2696 5698 2929 5772 Pachomii
2973 5693 3212 5772 mulieres
3236 5685 3661 5772 gas:

2073 5753 2323 5823 vocamur.
2342 5753 2479 5832 λ’ρίιρ
2500 5753 2680 5815 tﬁium
2702 5771 2868 5816 autem
2908 5766 3213 5819 ceterosque
3236 5753 3488 5804 historicos
3508 5753 3659 5811 impe-

2072 5837 2286 5887 dimenta
2318 5829 2641 5894 appellantur.

3236 6018 3269 6028 ρο
