4092 6408
416 380 515 436 551

422 494 575 551 bonis
597 494 899 565 prmlcrant.
930 492 999 545 At
1017 503 1193 560 operte
1216 488 1445 558 pretium
1473 485 1629 542 fuerit
1646 486 1829 540 audire
1843 484 2007 538 verba

423 586 560 655 ipsa,
593 595 653 641 ut
683 586 774 640 ﬁat
799 584 953 639 nobis
993 582 1238 637 doctrina
1276 578 1627 634 manifestior.
1658 580 1709 633 Ι.
1744 579 1880 633 Sara
1918 594 2011 630 au-

419 687 538 742 tem,
572 677 763 746 inquit,
786 690 916 728 uxor
941 674 1093 728 Abrae
1110 690 1210 726 non
1237 670 1428 742 peperit
1452 672 1497 724 ei
1527 687 1546 725 :
1586 680 1821 724 ueterum
1859 669 2012 723 habe-

421 767 503 819 bat
532 766 773 819 ancillam
801 762 1108 835 Egyptiam
1131 803 1147 828 ,
1178 761 1259 816 cui
1293 777 1473 815 nomen
1518 760 1655 831 Agar
1703 760 1839 829 (cap.
1896 759 2007 829 16).

494 857 648 911 Fides
668 857 885 910 Abraltw
910 866 1119 925 quanta.
1146 884 1216 894 —
1234 852 1551 919 Considera,
1582 852 1882 916 carissime,
1908 851 2011 907 hoc

420 946 540 1001 loco
594 946 916 1003 iueﬁ‘abitem
947 946 1038 999 Dei
1071 944 1404 999 tolerantiam
1445 952 1499 997 et
1543 943 1793 997 eximiam
1850 941 2008 997 ﬁdem

418 1050 735 1110 gratumque
761 1039 997 1093 animum
1026 1038 1177 1108 justi,
1202 1052 1361 1108 quem
1387 1037 1526 1091 datis
1559 1036 1660 1090 sibi
1695 1036 2008 1104 promissio-

422 1132 576 1186 nibus
592 1130 899 1186 declaravit.
933 1127 1064 1185 Cum
1090 1128 1231 1184 enim
1252 1128 1408 1182 toties
1431 1128 1757 1197 promisisset
1786 1127 1927 1181 Deus
1952 1141 2010 1181 se

419 1221 667 1276 daturum
697 1221 890 1276 semini
920 1220 1037 1289 ejus
1062 1230 1277 1285 terram,
1300 1229 1353 1273 et
1381 1219 1432 1273 in
1462 1228 1607 1273 tanto
1624 1218 2010 1288 multiplicatu-

419 1328 539 1369 rum
565 1328 789 1369 numero
812 1354 826 1378 ,
859 1326 916 1367 ut
941 1312 1264 1367 multitudini
1293 1312 1564 1367 Stellarum
1587 1312 1958 1383 adtequaretur
1987 1328 2002 1366 :

419 1404 609 1459 videns
628 1404 828 1458 nullam
858 1403 1266 1475 promissionem
1297 1418 1462 1472 opere
1497 1403 1726 1473 impleri,
1756 1418 1919 1473 seque
1944 1420 2010 1458 ex

420 1497 863 1566 promissionibus
885 1496 1012 1551 nihil
1041 1505 1395 1567 prwterquam
1423 1497 1584 1552 verba
1610 1497 1871 1565 accipere,
1901 1512 2008 1550 non

419 1587 733 1643 turbabatur
781 1588 1009 1654 ratione,
1040 1602 1147 1642 non
1199 1588 1639 1643 commovebatur
1684 1596 1886 1653 mente,
1914 1587 2008 1642 sed

419 1679 612 1733 mansit
634 1679 887 1734 immotus
907 1688 963 1734 et
984 1680 1229 1744 inﬂexus,
1250 1679 1476 1735 credens
1510 1682 1761 1749 potentia:
1783 1681 2009 1750 promit-

420 1769 599 1824 tentis.
641 1770 706 1824 Et
731 1770 930 1826 idcirco
955 1771 1113 1825 etiam
1136 1770 1223 1826 hic
1267 1770 1317 1825 id
1361 1771 1680 1841 signiﬁcavit
1732 1773 2006 1842 Scriptura

418 1861 595 1917 divina
618 1862 803 1917 dicens
836 1863 1013 1918 :Sara
1056 1874 1258 1926 autent,
1291 1880 1421 1919 uxor
1445 1864 1594 1919 Abrte
1614 1904 1632 1931 ,
1674 1882 1775 1921 non
1819 1870 2011 1938 peperit

417 1952 481 2015 ei,
507 1954 656 2023 quasi
684 1954 785 2009 hoc
809 1954 962 2009 nobis
983 1954 1264 2010 declarans
1294 1972 1308 2009 :
1334 1955 1460 2010 Post
1487 1956 1601 2011 haec
1638 1959 1820 2013 omnia
1840 2000 1856 2025 ,
1889 1970 2010 2029 post

418 2055 569 2113 pacta
607 2061 726 2099 cum
779 2062 845 2101 eo
884 2047 1033 2114 inita,
1064 2058 1186 2118 post
1226 2049 1665 2117 pollicitationem
1714 2051 2014 2109 innumera:

418 2139 770 2194 multitudinis
794 2156 858 2196 ex
890 2156 956 2195 eo
979 2141 1322 2211 procreanda:
1340 2142 1471 2197 niltil
1491 2144 1780 2199 ﬁuctuabat
1800 2159 2006 2211 secum,

418 2232 604 2287 videns
626 2233 755 2287 nihil
784 2233 1047 2288 dictorum
1071 2250 1240 2304 opere
1264 2236 1473 2305 impleri
1500 2279 1516 2304 ,
1545 2236 1640 2292 sed
1668 2239 1845 2293 omnia
1874 2253 2009 2294 con-

418 2325 581 2379 trario
637 2326 797 2380 modo
846 2340 966 2382 sese
1019 2327 1233 2383 habere.
1286 2328 1576 2399 Propterea
1613 2330 1745 2386 dicit
1770 2343 1889 2402 post
1917 2332 2006 2387 illa

418 2416 613 2480 omnia,
644 2416 801 2483 Sara,
832 2434 961 2471 uxor
986 2419 1115 2488 eius,
1146 2436 1247 2473 non
1277 2421 1469 2491 peperit
1501 2421 1547 2475 ei
1573 2437 1592 2475 :
1620 2430 1681 2476 ut
1714 2422 1894 2478 discas
1920 2423 2006 2477 tti-

419 2504 488 2558 hil
514 2506 587 2560 illi
616 2510 906 2564 accessisse
935 2518 1053 2578 post
1083 2518 1257 2564 tantas
1290 2511 1672 2580 promissiones
1692 2554 1705 2577 ,
1738 2514 1836 2567 etsi
1865 2514 2007 2583 quod

417 2596 549 2653 Sara
589 2600 789 2655 sterilis
826 2611 881 2656 et
915 2612 1069 2656 utero
1095 2611 1340 2656 emortuo
1365 2612 1547 2669 esset,
1581 2604 1633 2657 in
1678 2616 1858 2660 mente
1879 2606 2007 2675 justi

418 2690 636 2744 multam
666 2690 1055 2747 hzesitationem
1088 2693 1404 2763 ingenerare
1439 2704 1639 2764 posset.
1674 2695 1868 2751 Verum
1912 2713 2004 2768 pa-

418 2782 650 2836 triarcha
679 2798 784 2837 non
816 2783 1091 2853 spectabat
1120 2785 1184 2838 ad
1218 2784 1595 2853 impedimenta
1643 2796 1883 2854 naturte;
1913 2787 2008 2843 sed

417 2874 728 2942 sapientiam
772 2874 978 2928 Domini
1007 2889 1339 2945 cognoscens
1360 2916 1374 2939 ,
1407 2878 1495 2947 qui
1520 2893 1641 2932 cum
1674 2887 1877 2935 natura:
1903 2880 2008 2935 Do-

418 2966 593 3020 minus
621 2974 677 3020 ct
700 2966 957 3021 Conditor
979 2969 1067 3034 sit,
1095 2968 1234 3022 viam
1266 2969 1319 3022 in
1347 2968 1503 3024 inviis
1532 2980 1707 3040 potest
1733 2972 1972 3027 invenire
1990 3014 2006 3039 ,

417 3058 555 3113 sicut
577 3069 758 3129 gratus
784 3074 970 3115 servus
1000 3076 1107 3116 non
1137 3062 1329 3131 quzerit
1358 3062 1568 3117 curiose
1586 3062 1798 3118 modum
1822 3080 2008 3119 eorum

416 3163 537 3218 qua:
583 3148 747 3217 ﬁunt,
799 3149 892 3204 sed
935 3150 1189 3220 relinquit
1233 3151 1753 3220 incomprehensibiii
1798 3154 2009 3210 Domini

418 3237 789 3307 providentiae,
819 3249 873 3294 et
908 3239 1133 3295 credidit
1177 3240 1353 3296 dictis.
1394 3241 1595 3298 Idcirco
1624 3244 1794 3314 inquit
1826 3262 1839 3299 :
1872 3244 2010 3301 Sara

416 3337 606 3394 autem,
637 3338 757 3397 post
801 3338 974 3383 tantas
1019 3330 1425 3399 promissioues,
1450 3350 1550 3387 non
1581 3336 1772 3404 peperit
1793 3336 1858 3389 ei.
1897 3335 2013 3390 Ila-

416 3418 557 3473 bebat
584 3429 752 3473 autem
778 3420 1018 3474 ancillam
1047 3420 1371 3492 AEgyptiam,
1390 3424 1474 3477 cui
1498 3440 1680 3499 nomen
1704 3424 1861 3496 Agar.
1889 3426 2007 3482 Non

422 3511 628 3581 absque
662 3526 822 3567 causa
850 3513 1010 3567 etiam
1050 3512 1153 3568 hoc
1178 3514 1298 3568 loco
1344 3515 1615 3585 Scriptura
1645 3514 1824 3571 divina
1855 3519 2010 3574 nobis

417 3604 623 3682 agtcillzc
644 3604 955 3659 memoriam
979 3604 1124 3672 fecit,
1152 3604 1246 3661 sed
1276 3616 1332 3661 ut
1355 3608 1585 3662 sciamus
1608 3608 1746 3663 ttnde
1762 3608 2014 3666 habuerit

418 3694 584 3748 illam.
617 3694 751 3749 Nam
778 3695 977 3751 idcirco
1002 3696 1199 3767 adjecit
1220 3712 1338 3753 eam
1362 3696 1665 3769 Egyptiam
1684 3714 1824 3766 esse,
1856 3710 1915 3755 ut
1941 3701 2009 3757 ad

417 3788 748 3858 superiorem
777 3788 1052 3845 historiam
1079 3806 1450 3860 recurramus;
1477 3793 1618 3863 quod
1642 3809 1833 3863 nempe
1849 3795 2011 3853 fuerit

416 3894 487 3936 es
515 3896 737 3937 numero
761 3896 945 3938 eorum
973 3898 1091 3953 qua:
1106 3883 1312 3938 Pharao
1328 3884 1485 3939 Abrte
1504 3884 1817 3954 donaverat,
1840 3903 2011 3957 quan-

417 3972 490 4026 do
514 3982 660 4027 tanta
691 3973 890 4029 ultione
918 3974 986 4029 ab
1011 3976 1248 4030 omnium
1279 3974 1387 4032 Deo
1404 3977 1603 4046 potitus
1629 3988 1730 4045 est,
1759 3980 2008 4051 quodque

418 4060 698 4118 redeundo
726 4061 864 4119 hanc
910 4065 1179 4134 acceperit
1203 4064 1354 4121 Sara.
1393 4066 1643 4123 Studiose
1679 4070 1821 4123 enim
1852 4070 2008 4127 nobis

420 4161 477 4208 et
505 4169 699 4209 nomen
729 4164 784 4210 et
806 4164 1019 4226 gentem
1044 4156 1358 4227 signiﬁcavit
1384 4158 1561 4214 divina
1582 4160 1876 4232 Scriptura.
1902 4162 2008 4219 Ve-

418 4260 539 4301 rum
568 4246 789 4303 ulterius
809 4248 895 4303 hic
918 4249 1220 4316 considera,
1243 4251 1513 4320 quomodo
1539 4253 1686 4308 Saraa
1714 4269 1864 4310 meus
1889 4254 2009 4326 phi-

419 4337 708 4408 losophicis
736 4340 954 4410 prtedita
978 4340 1131 4396 fuerit
1152 4344 1413 4413 moribus,
1434 4352 1490 4399 et
1506 4346 1696 4400 mirum
1718 4348 1766 4401 in
1791 4348 2007 4405 modum

415 4430 712 4497 continens,
744 4441 904 4502 atque
931 4447 1088 4501 quam
1111 4433 1269 4489 fuerit
1296 4436 1410 4506 ipse
1436 4437 2006 4505 patriarchailliobse-

418 4536 590 4590 quens
617 4531 670 4577 et
694 4522 843 4579 dicto
866 4524 1111 4579 audiens.
1136 4525 1191 4579 2.
1215 4525 1359 4581 Dixit
1393 4536 1563 4582 autem
1591 4529 1729 4585 Sara
1748 4572 1763 4597 ,
1797 4530 2005 4603 inquit,

418 4613 568 4668 Abrae
592 4615 644 4668 in
674 4626 806 4669 terra
847 4616 1094 4672 Chanaan
1124 4633 1143 4673 :
1173 4616 1306 4671 Ecce
1332 4621 1579 4675 conclusit
1608 4639 1687 4677 me
1712 4622 1963 4679 Dominus
1985 4664 2001 4692 ,

418 4723 480 4761 ne
506 4724 732 4777 parerem
757 4723 776 4762 :
805 4708 1062 4777 ingredere
1095 4708 1252 4777 igitur
1277 4709 1346 4763 ad
1376 4711 1615 4765 ancillam
1648 4730 1833 4781 meam,
1864 4725 1919 4769 ut
1943 4732 2009 4771 ea:

420 4817 481 4855 ea
506 4801 695 4869 prolem
724 4802 994 4871 suscipias.
1052 4801 1185 4857 Vide
1213 4804 1454 4859 mulieris
1480 4806 1833 4874 probitatem.
1866 4807 2007 4864 Nihil

417 4892 523 4946 tale
547 4892 700 4956 dixit.
722 4894 879 4962 quale
905 4893 1140 4963 posthinc
1160 4894 1359 4949 Rachel
1388 4894 1559 4964 inquit
1590 4896 1655 4951 ad
1684 4896 1851 4952 Jacob
1880 4916 1895 4953 :
1926 4899 2008 4954 Da

413 4983 547 5037 mihi
569 4983 738 5052 ﬁlios;
768 4986 966 5054 quodsi
1007 4986 1191 5050 minus,
1224 4988 1414 5041 morior
1451 5004 1544 5058 ego
1587 4988 1740 5060 (Gen.
1785 4991 1879 5046 50.
1930 4995 2003 5060 1).

413 5073 525 5128 Sed
574 5075 699 5146 quid
740 5076 904 5130 dicit?
932 5076 1063 5131 Ecce
1104 5076 1349 5131 conclusit
1388 5094 1467 5132 nte
1502 5079 1779 5146 Dominus,
1808 5098 1871 5135 ne
1909 5099 2007 5152 pa-

412 5183 598 5220 rerem.
656 5167 723 5223 Et
767 5169 912 5237 quia.
966 5169 1154 5239 inqttit,
1207 5172 1446 5235 sterilem
1498 5188 1585 5227 me
1632 5172 1758 5230 fecit
1802 5183 2006 5231 natura:

410 5260 700 5329 Conditor,
725 5271 777 5314 et
804 5262 1029 5330 privavit
1058 5278 1143 5318 me
1174 5263 1400 5320 ﬁliorum
1422 5268 1792 5336 procreatione
1811 5310 1827 5333 ,
1855 5278 1913 5323 ut
1939 5284 2006 5325 ne

413 5362 637 5423 propter
663 5368 837 5407 meam
862 5354 1195 5409 sterilitatem
1215 5397 1230 5419 ,
1254 5370 1377 5411 eum
1407 5356 1456 5411 in
1476 5366 1771 5415 extremam
1792 5360 2007 5415 veneris

414 5451 708 5507 senectam,
738 5451 920 5511 postea
948 5458 1168 5499 maneas
1194 5444 1394 5515 absque
1421 5445 1620 5510 liberis.
1638 5446 1913 5520 Ingredere
1937 5451 2005 5503 ad

417 5532 663 5586 ancillam
694 5549 878 5595 nteant,
907 5542 961 5586 ut
1000 5550 1061 5587 ea:
1092 5550 1149 5588 ea
1176 5535 1310 5602 ﬁlios
1342 5553 1591 5605 procrecs.
1633 5538 1900 5610 Multiplex
1952 5549 2006 5595 et

422 5623 702 5679 iueﬁ‘abilis
726 5623 965 5679 mulieris
987 5626 1243 5695 probitas.
1274 5627 1405 5694 Qum
1442 5630 1585 5683 enim
1615 5646 1866 5701 umquam
1894 5648 2006 5687 mu-

418 5710 517 5765 tier
562 5711 665 5765 hoe
714 5713 1002 5769 sustineret
1051 5714 1261 5783 facere,
1292 5716 1384 5772 vel
1421 5718 1536 5775 viro
1580 5722 1881 5792 consulere,
1918 5723 2004 5785 vel

418 5798 624 5855 ancillae
646 5801 914 5875 coniugali
945 5814 1064 5862 toro
1085 5805 1279 5866 cedere
1302 5808 1327 5863 2

1167 374 1223 429 S.
1265 371 1545 428 JOANNIS
1580 366 2057 428 CllRYSOSTOMI
2098 364 2416 425 ARCHIEP.
2457 361 2992 420 CONSTANTINOP.

3604 367 3711 423 35!

2192 476 2443 530 2.Vidisti
2475 476 2743 546 quomodo
2772 476 2840 531 ab
2873 476 3019 532 omni
3053 477 3334 534 all’ectione
3359 478 3557 535 fuerint
3582 482 3712 536 alie-

2123 569 2175 623 ni
2195 569 2218 620 ?
2243 568 2386 622 Unus
2413 578 2527 622 erat
2547 570 2627 623 eis
2654 583 2867 639 scepus,
2892 586 2958 625 ne
2980 570 3186 642 absque
3212 571 3530 627 liberishinc
3550 574 3710 628 dece-

2117 661 2348 727 derent;
2379 662 2472 717 sed
2498 663 2809 732 spectabant
2832 663 3102 733 quomodo
3130 665 3290 719 etiam
3327 666 3474 721 illinc
3512 681 3707 720 conso-

2119 753 2373 808 lationem
2401 756 2733 822 acquirerent
2758 797 2773 820 ,
2800 764 2854 810 ct
2879 755 3248 812 indissolubile
3270 758 3415 827 pacis
3444 759 3709 813 vinculum

2121 857 2419 901 servarent.
2472 847 2705 902 Observa
2744 848 2888 901 enim
2943 847 3031 902 hic
3084 849 3400 918 patriarchae
3450 849 3710 917 insignem

2116 939 2520 1004 Conlincnliam,
2536 938 3007 1007 admirabilemque
3028 939 3512 995 mansuetudinem.
3531 940 3711 1009 Neque

2117 1032 2259 1085 enim
2284 1031 2524 1099 asperior
2551 1029 2649 1083 fuit
2679 1031 2851 1094 uxori,
2883 1030 3025 1100 quod
3068 1031 3267 1085 liberos
3308 1047 3410 1085 non
3464 1031 3707 1098 haberet,

2118 1130 2173 1175 ut
2208 1123 2519 1191 insipientes
2546 1123 2822 1188 nonnulli;
2856 1140 3029 1194 neque
3050 1140 3201 1178 amor
3230 1125 3345 1193 ejus
3372 1140 3495 1192 erga
3524 1128 3712 1181 malic-

2117 1229 2231 1267 rem
2260 1215 2567 1269 imminutus
2597 1226 2696 1268 est.
2732 1214 2891 1269 Scitis
2917 1216 3081 1281 enim,
3112 1216 3266 1285 plane
3315 1218 3463 1271 scitis
3513 1220 3710 1274 multos

2118 1307 2253 1360 hanc
2284 1307 2618 1375 potissimum
2649 1308 2719 1361 ob
2748 1322 2961 1361 causam
2990 1308 3241 1362 mulieres
3257 1307 3549 1379 despicere,
3572 1313 3710 1366 sicut

2115 1397 2185 1453 ob
2208 1398 2528 1453 contrariam
2554 1398 2823 1454 adamare.
2875 1398 3169 1467 Utrumque
3200 1399 3391 1453 stolide
3416 1411 3470 1453 et
3512 1402 3709 1470 impru-

2115 1490 2304 1544 denter
2330 1500 2514 1559 agunt,
2546 1492 2634 1561 qui
2660 1492 2911 1547 uxoribus
2936 1492 3596 1549 adscribuntsterilitatem
3625 1497 3709 1552 vel

2116 1581 2512 1645 fecunditatem,
2541 1584 2693 1651 quasi
2737 1585 3039 1639 nescientes
3092 1600 3121 1639 a
3174 1597 3377 1643 naturae
3418 1585 3711 1646 Conditore

2115 1672 2414 1741 dispensari
2471 1675 2739 1739 universa,
2768 1683 2824 1730 et
2875 1691 3049 1743 neque
3096 1678 3316 1745 coitum,
3339 1697 3512 1752 neque
3562 1682 3708 1737 aliud

2115 1765 2363 1834 quiddam
2398 1766 2461 1820 ad
2508 1768 2864 1837 procreandos
2907 1769 3103 1824 liberos
3151 1772 3437 1842 conferre,
3468 1776 3568 1830 nisi
3612 1792 3709 1830 co-

2117 1868 2369 1925 operetnr
2395 1873 2585 1912 manus
2612 1874 2862 1929 superna,
2894 1876 3013 1931 qua:
3044 1871 3285 1917 naturam
3316 1865 3381 1919 ad
3424 1882 3710 1937 procrean-

2115 1948 2241 2003 dum
2267 1951 2486 2005 excitet.
2520 1952 2650 2017 Qua:
2676 1966 2799 2006 cum
2826 1955 2993 2022 probe
3022 1966 3201 2010 nosset
3217 1957 3392 2026 justus
3421 1960 3527 2023 ille,
3547 1961 3709 2016 uxori

2115 2041 2449 2095 sterilitatem
2479 2058 2584 2097 non
2619 2043 2913 2112 imputabat
2945 2063 2959 2100 :
2990 2045 3085 2100 sed
3124 2060 3509 2117 congruentem
3538 2052 3709 2105 Itono-

2115 2147 2228 2186 rem
2256 2148 2468 2203 semper
2492 2135 2540 2188 ei
2579 2135 2863 2190 tribuebat.
2892 2137 3064 2204 Atque
3085 2138 3222 2192 hanc
3250 2140 3320 2193 ob
3338 2156 3552 2195 comm
3594 2143 3707 2211 ipsa

2114 2225 2169 2280 in
2210 2225 2369 2280 ofﬁcii
2399 2227 2567 2281 vicem
2590 2270 2603 2289 ,
2635 2228 2927 2298 volensque
2958 2229 3232 2286 declarare
3278 2243 3477 2301 quanto
3524 2249 3709 2290 amore

2112 2333 2235 2388 erga
2264 2321 2433 2375 virum
2458 2320 2747 2388 afﬁciatur,
2782 2337 2888 2375 non
2917 2322 3058 2392 quod
3100 2324 3180 2377 sui
3208 2325 3372 2393 ipsius
3402 2334 3553 2391 erat,
3578 2342 3708 2395 spe-

2113 2413 2310 2479 ctabat,
2340 2412 2433 2468 sed
2456 2414 2725 2483 quomodo
2752 2414 2826 2468 illi
2856 2416 3276 2471 consolationem
3304 2419 3585 2488 quamdam
3612 2435 3707 2474 or-

2113 2503 2295 2561 bitatis
2346 2506 2641 2561 liberorum
2692 2509 3065 2577 excogitaret,
3112 2513 3262 2579 quasi
3311 2512 3554 2567 manibus
3596 2515 3708 2569 suis

2112 2606 2385 2667 acceptam
2408 2598 2636 2666 puellam
2658 2598 2959 2670 Egyptiam
2985 2601 3037 2654 in
3065 2601 3260 2656 lectum
3282 2619 3436 2658 suum
3461 2606 3665 2661 induxit
3689 2625 3705 2665 :

2112 2687 2245 2757 quin
2268 2699 2323 2743 ct
2348 2689 2525 2743 verbis
2554 2690 2684 2759 ipsis
2710 2691 2965 2756 ostendit,
2989 2707 3092 2761 qua
3114 2692 3181 2747 de
3205 2708 3361 2749 causa
3389 2695 3437 2749 id
3463 2696 3706 2762 laciat,et

2113 2781 2233 2849 quis
2274 2780 2392 2850 ejus
2435 2781 2507 2835 sit
2536 2796 2751 2851 scopus.
2796 2782 2930 2849 Quia
2963 2798 3063 2853 ego
3083 2826 3097 2848 ,
3126 2784 3335 2854 inquit,
3366 2787 3566 2841 inutilis
3597 2789 3707 2842 visa

2113 2888 2255 2938 sum,
2291 2882 2345 2928 et
2379 2874 2445 2928 ad
2475 2875 2838 2944 generaadum
2870 2891 2972 2929 non
3011 2876 3203 2930 idonea
3236 2876 3529 2933 :Conclusit
3562 2881 3707 2935 enim

2113 2980 2194 3018 me
2234 2962 2506 3030 Dominus,
2534 2982 2597 3018 ne
2649 2982 2894 3035 parerem.
2920 2964 3049 3019 Vide
3089 2966 3401 3035 prudentem
3450 2970 3706 3037 animam,

2112 3056 2381 3126 quomodo
2433 3057 2561 3111 nihil
2610 3072 2858 3127 asperum
2906 3058 3171 3126 loquitur,
3218 3061 3549 3115 sterilitatem
3602 3077 3707 3117 non

2113 3148 2356 3219 deplorat
2385 3167 2398 3203 :
2426 3149 2519 3203 sed
2547 3148 2719 3204 solum
2760 3149 2860 3203 hoc
2890 3149 3043 3205 nobis
3087 3150 3362 3205 declarare
3388 3152 3498 3205 vult
3521 3192 3537 3215 ,
3564 3153 3706 3223 quod

2114 3252 2318 3297 natura:
2339 3240 2567 3294 Domino
2595 3240 2770 3309 opiﬁci
2804 3239 2906 3295 hoc
2935 3240 3248 3297 adscribens
3269 3284 3282 3306 ,
3316 3242 3504 3296 leniter
3530 3253 3585 3296 et
3607 3259 3707 3311 ge-

2114 3346 2308 3388 nerose
2334 3330 2490 3397 ferat,
2523 3331 2725 3385 malens
2750 3330 2891 3397 quod
2922 3331 3033 3385 Deo
3058 3331 3333 3400 placebat,
3371 3347 3527 3403 quam
3563 3332 3707 3402 quod

2114 3423 2227 3493 ipsa
2252 3422 2691 3492 concupiscebat.
2723 3433 2776 3479 et
2804 3424 2904 3479 hoc
2931 3440 3093 3479 unum
3121 3434 3368 3494 spectans
3394 3468 3409 3493 ,
3442 3436 3497 3480 ut
3535 3429 3707 3482 virum

2113 3514 2395 3570 solaretur.
2457 3515 2718 3581 Quoniam
2738 3555 2754 3580 ,
2784 3515 2988 3585 inquit,
3021 3514 3270 3569 Dominus
3304 3534 3382 3570 me
3424 3518 3703 3582 conclusit,

2112 3621 2176 3659 ne
2197 3621 2442 3674 parerent.
2465 3605 2673 3672 Quanta
2711 3605 2869 3674 hujus
2908 3606 3056 3661 verbi
3096 3606 3367 3675 emphasis
3403 3610 3521 3662 est?
3546 3624 3707 3678 quam

2115 3698 2432 3754 ineﬁ'abilem
2453 3698 2688 3753 ostendit
2719 3698 2812 3753 Dei
2859 3699 3147 3769 potentiam
3194 3710 3248 3753 et
3278 3699 3708 3769 providentiam!

2113 3789 2272 3857 Quasi
2300 3789 2505 3844 diceret
2533 3807 2545 3843 :
2576 3788 2725 3845 Sicut
2754 3804 2853 3844 nos
2884 3792 3156 3860 aperimus
3183 3800 3239 3846 et
3276 3791 3575 3848 elaudimus
3608 3791 3708 3848 do.

2113 3895 2281 3943 mum,
2315 3880 2383 3934 ita
2427 3890 2481 3935 et
2534 3880 2790 3935 Dominus
2832 3881 2883 3935 in
2934 3892 3122 3936 natura
3169 3893 3440 3952 operatur,
3500 3894 3555 3939 et
3605 3899 3707 3939 suo

2112 3981 2382 4043 prmccpto
2409 3972 2627 4037 claudit,
2655 3981 2710 4026 et
2738 3972 2931 4027 iterum
2960 3973 3175 4043 quando
3205 3976 3317 4029 vult
3341 3977 3534 4045 aperit,
3558 3977 3706 4045 etju-

2114 4063 2203 4117 bet
2232 4072 2471 4116 naturam
2498 4062 2639 4133 quod
2679 4076 2836 4117 suum
2874 4073 2958 4119 est
2986 4066 3217 4134 operari.
3254 4066 3517 4133 Quoniam
3546 4068 3706 4138 igitur

2114 4152 2370 4208 Conclusit
2426 4170 2507 4208 me
2550 4153 2799 4210 Dominus
2822 4195 2837 4221 ,
2896 4172 2959 4209 ne
3011 4173 3275 4225 parerem,
3333 4159 3597 4229 ingredere
3636 4160 3706 4214 ad

2111 4246 2352 4300 ancillam
2378 4262 2571 4310 nteant,
2601 4256 2656 4299 ut
2708 4262 2772 4299 ea:
2819 4262 2879 4300 ea
2915 4248 3108 4316 prolem
3152 4256 3399 4319 procrees.
3453 4252 3576 4305 Scio
3617 4266 3707 4307 me

2112 4338 2356 4392 orbitatis
2383 4352 2599 4391 causam
2636 4352 2789 4402 esse;
2821 4351 3101 4409 propterea
3143 4342 3267 4394 nolo
3294 4352 3345 4396 te
3373 4343 3583 4411 privare
3610 4344 3706 4399 illo

2114 4430 2326 4483 solatio.
2352 4428 2620 4484 Fortassis
2647 4438 2824 4485 autem
2854 4431 3015 4485 etiam
3042 4432 3410 4501 suSpicahatur
3430 4434 3559 4489 Sara
3593 4443 3706 4489 ste-

2113 4521 2363 4576 rilitatem
2392 4521 2534 4575 illam
2562 4536 2666 4575 non
2712 4508 2761 4576 ai
2781 4538 2841 4577 se
2866 4522 2978 4577 sola
3008 4538 3127 4579 esse
3153 4566 3170 4590 ,
3202 4524 3295 4580 sed
3321 4526 3482 4581 etiam
3512 4542 3577 4582 ex
3606 4543 3706 4598 pa-

2115 4612 2343 4667 triarcha
2375 4627 2391 4667 :
2419 4612 2541 4667 ideo
2566 4612 2754 4666 volens
2779 4623 2929 4668 certo
2954 4614 3320 4684 experimento
3355 4617 3405 4671 id
3435 4620 3705 4689 comperi-

2114 4718 2193 4769 re,
2225 4704 2431 4758 ancilla:
2452 4703 2613 4769 cedit,
2645 4713 2700 4758 et
2730 4704 2873 4759 illam
2894 4706 2944 4760 in
2972 4705 3168 4761 lectum
3196 4708 3337 4763 illius
3360 4708 3616 4773 ducit,'ut
3646 4727 3707 4766 re

2068 4838 2077 4851 .
2112 4794 2224 4864 ipsa
2253 4795 2423 4850 discat
2449 4812 2516 4848 an
2544 4795 2653 4850 sola
2676 4796 2745 4851 sit
2764 4798 2818 4850 in
2843 4812 3027 4866 causa,
3053 4798 3263 4869 sibique
3286 4800 3386 4853 solt
3412 4802 3481 4855 sit
3504 4801 3707 4856 adscri-

2114 4886 2286 4941 benda
2316 4886 2591 4941 sterilitas.
2641 4886 2872 4942 Obeditn't
2925 4898 3113 4955 autent,
3148 4888 3338 4959 inquit,
3366 4890 3554 4944 Abram
3597 4895 3707 4948 voci

2114 4977 2281 5032 Saraz.
2310 4978 2491 5046 Magna
2514 4977 2644 5047 justi
2671 4979 3023 5049 philosophia.
3055 4980 3110 5035 Id
3136 4981 3278 5035 enim
3299 4983 3438 5052 quod
3458 4982 3583 5048 dixi,
3604 4983 3709 5040 hoc

2112 5076 2165 5121 et
2188 5083 2328 5122 nunc
2353 5068 2474 5123 dico
2506 5084 2519 5121 :
2552 5068 2701 5124 illum
2731 5084 2839 5124 non
2869 5071 3103 5140 priorem
3133 5073 3235 5126 hoc
3254 5073 3534 5128 consilium
3557 5075 3709 5130 iniis-

2113 5172 2192 5225 se,
2224 5161 2469 5229 quamvis
2500 5160 2552 5214 in
2600 5171 2840 5215 extrema
2890 5172 3168 5218 senectute
3216 5172 3394 5230 esset,
3423 5175 3477 5221 et
3505 5182 3647 5222 nunc
3676 5185 3707 5223 a

2112 5249 2243 5305 Sara
2265 5251 2592 5306 admonitum
2623 5262 2867 5324 prompte
2912 5254 3236 5321 ohedivisse,
3286 5265 3341 5310 ut
3387 5255 3605 5313 doceret
3649 5275 3709 5314 se

2113 5356 2217 5396 non
2249 5358 2315 5396 ex
2340 5343 2769 5414 concupiscentia
2800 5344 2883 5397 vel
2921 5343 3139 5400 libidine
3168 5347 3419 5416 congredi
3459 5364 3581 5403 cum
3614 5349 3703 5402 illa

2114 5434 2365 5501 voluisse,
2386 5435 2479 5490 sed
2501 5444 2558 5489 ut
2596 5436 2819 5491 seminis
2848 5436 3175 5507 relinqueret
3198 5440 3614 5495 successionem.
3648 5441 3705 5495 5.

2113 5526 2179 5581 Et
2200 5527 2316 5581 tulit
2343 5528 2482 5583 Sara
2504 5544 2632 5583 uxor
2670 5529 2821 5583 Abrae
2857 5529 3077 5600 Agerent
3118 5530 3424 5603 ASggptiam
3464 5535 3704 5589 ancillam

2112 5636 2255 5673 suam
2278 5660 2292 5686 ,
2326 5630 2594 5690 postquam
2618 5620 2786 5675 decent
2817 5637 2978 5675 annos
3006 5622 3277 5678 habitasset
3324 5640 3440 5678 cum
3466 5627 3572 5681 viro
3609 5644 3703 5683 suo

2111 5711 2163 5766 in
2184 5710 2475 5767 Chananwa
2496 5715 2577 5784 (a)
2602 5724 2649 5770 et
2671 5717 2808 5772 dedit
2827 5734 2939 5773 eam
2966 5719 3119 5774 Abrte
3140 5720 3249 5775 viro
3276 5738 3369 5777 suo
3388 5722 3442 5777 in
3469 5740 3702 5781 mrem.

2176 5825 2252 5889 (a)
2285 5828 2365 5878 mc
2388 5836 2571 5881 vanam
2591 5828 2892 5894 exemplaria
2915 5832 3223 5895 septuaginta
3247 5839 3591 5900 tnterpretum,
3618 5838 3701 5889 ubi
