4092 6408
279 548 710 622 προτιμοτέραν.
764 551 1086 622 Ἀναγκαῖον
1115 551 1174 604 δὲ
1215 552 1312 606 καὶ
1353 552 1540 608 αὐτῶν,
1581 551 1816 608 ἀκοῦσαι
1857 550 1967 606 τῶν

280 635 572 707 ῥημάτων,
619 638 710 692 τνα
753 639 1067 710 σαφεστέρα
1111 639 1240 710 ὑμῖν
1284 639 1512 711 γένηται
1555 641 1590 709 ή
1629 637 1969 693 διδασκαλία.

277 727 444 796 Σάρα
469 727 562 793 δὲ,
589 729 778 800 φησὶν.
810 730 850 798 ἡ
887 728 1043 799 γυνὴ
1074 730 1314 800 Ἀϐραμ,
1353 731 1466 784 οὐκ
1499 729 1734 783 ἔτικτεν
1765 724 1928 793 αὐτῷ
1952 744 1966 758 ·

277 810 363 883 ἦν
407 814 480 868 δὲ
528 815 686 885 αὑτῇ
726 816 1018 886 παιδίσκη
1039 817 1374 887 Αἰγυπτία,
1433 811 1474 889 ᾖ
1521 816 1712 886 ὄνομα
1769 817 1968 884 Ἅγαρ-

351 901 556 956 Σκόπει
591 919 682 974 μοι
707 902 978 970 ἐντεῦθεν,
1013 903 1289 976 ἀγαπητὲ,
1333 903 1429 958 τοῦ
1467 903 1604 957 Θεοῦ
1631 903 1731 974 τὴν
1763 903 1969 973 ἄφατον

281 988 695 1064 μακροθυμίαν,
747 991 962 1045 καὶτοῦ
989 991 1199 1048 δικαίου
1252 992 1349 1063 τὴν
1391 991 1838 1064 ὑπερϐάλλουσαν
1885 991 1972 1044 πί-

279 1090 403 1128 στιν
447 1074 544 1128 καί.
588 1073 688 1148 τὴν
733 1076 1178 1148 εὐγνωμοσύνην,
1209 1077 1278 1150 ἢν
1311 1077 1442 1150 περὶ
1485 1077 1584 1142 τὰς
1634 1075 1969 1145 ἐπαγγελίας

275 1161 633 1217 ἐπεδείκνυτο
651 1164 750 1228 τὰς
777 1167 857 1229 εἰς
881 1165 1045 1219 αὐτὸν
1067 1165 1462 1236 γεγενημένας.
1490 1165 1832 1226 Τοσαυτάκις
1858 1163 1968 1235 γὰρ

275 1250 661 1322 ὑποσχομένου
710 1251 808 1304 τοῦ
842 1251 1001 1318 Θεοῦ,
1039 1253 1124 1306 ὅτι
1159 1252 1238 1324 τῷ
1275 1254 1551 1323 σπέρματι
1598 1252 1764 1308 αὐτοῦ
1806 1251 1970 1306 δώσει

273 1337 378 1409 τὴν
429 1339 560 1408 γῆν,
591 1339 688 1394 καὶ
715 1341 799 1394 ὅτι
830 1341 912 1404 εἰς
951 1341 1202 1394 τοσοῦτον
1241 1341 1446 1412 πλῆθος
1479 1341 1859 1412 ἐκταθήσεται,
1891 1340 1969 1404 ὡς

271 1426 357 1498 τῷ
389 1428 500 1481 τῶν
533 1427 752 1500 άστρων
781 1428 978 1500 πλήθει
1024 1429 1404 1500 παρισωθῆναι
1424 1471 1438 1494 ,
1483 1429 1626 1500 ὀρῶν
1669 1430 1822 1483 οὐδὲν
1857 1429 1967 1483 τῶν

271 1515 730 1586 ἐπαγγελθέντων
761 1517 844 1580 εἰς
895 1517 1056 1588 ἔργον
1099 1516 1369 1582 ἐκϐαῖνον,
1405 1517 1518 1570 ἀλλ’
1549 1517 1629 1572 ἔτι
1678 1518 1840 1590 μέχρι
1873 1517 1965 1570 λό-

271 1621 392 1672 γων
437 1603 511 1658 τὰ
553 1605 664 1658 τῶν
709 1604 1058 1676 ὑποσχέσεων
1103 1605 1461 1675 τυγχάνοντα,
1506 1607 1608 1660 οὐκ
1639 1607 1966 1676 ἐταράττετο

269 1690 370 1745 τὸν
416 1691 704 1763 λογισμὸν,
745 1693 848 1746 οὐκ
885 1691 1176 1746 ἐσαλεύετο
1205 1694 1307 1766 τὴν
1332 1692 1580 1764 γνώμην,
1613 1693 1729 1746 ἀλλ’
1769 1693 1962 1763 ἔμενεν

268 1777 542 1848 ἀκλινὴς,
591 1778 868 1832 πιστεύων
915 1783 984 1851 τῇ
1038 1780 1270 1851 δυνάμει
1327 1779 1422 1834 τοῦ
1468 1779 1960 1850 ἐπαγγειλαμένου.

269 1867 376 1921 Διά
415 1867 528 1938 γὰρ
556 1866 717 1922 τοῦτο
747 1867 846 1921 καὶ
873 1867 970 1922 νῦν
997 1869 1388 1940 ἐπεσημήνατο
1419 1870 1454 1941 ή
1489 1869 1608 1923 θεία
1647 1868 1836 1940 Γραφὴ
1877 1868 1967 1922 λέ-

269 1971 451 2024 γουσα
475 1969 490 1986 .
525 1955 691 2023 Σάρα
719 1954 809 2019 δέ,
833 1954 873 2021 ἡ
906 1956 1062 2024 γυνὴ
1098 1957 1338 2026 Ἄϐραμ,
1373 1957 1485 2010 οὐκ
1511 1955 1747 2011 ἔτικτεν
1778 1955 1962 2022 αὐτῷ’

271 2043 568 2114 μονονουχὶ
613 2042 774 2096 τοῦτο
825 2045 958 2115 ἡμῖν
1016 2037 1389 2115 ἐμφαίνουσα,
1443 2045 1529 2097 ὅτι
1595 2043 1735 2113 μετά
1791 2044 1966 2100 ταῦτα

267 2131 528 2196 ᾶπαντα,
557 2129 696 2202 μετά
726 2130 826 2194 τὰς
857 2131 1130 2202 συνθήκας
1173 2133 1271 2194 τὰς
1303 2131 1440 2201 πρὸς
1465 2131 1628 2186 αὐτὸν
1661 2131 1966 2202 γεγενημέ-

269 2235 408 2282 νας,
449 2218 592 2288 μετά
623 2218 684 2272 τὸ
726 2219 1061 2290 ὑποσχέσθαι
1106 2219 1475 2290 ἀναρίθμητον
1507 2219 1568 2285 ἐξ
1599 2219 1766 2274 αὐτοῦ
1797 2221 1962 2292 γενή-

269 2307 466 2360 σεσθαι
492 2305 722 2376 πλῆθος,
750 2307 850 2360 οὐκ
905 2305 1192 2376 ῆσχαλλεν,
1219 2308 1320 2360 οὐκ
1344 2305 1668 2370 ἐνεδοίαζεν,
1693 2307 1837 2378 ὁρῶν
1867 2309 1962 2360 οὑ-

266 2394 362 2448 δὲν
401 2393 512 2448 τῶν
548 2395 861 2468 εἰρημένων
893 2398 975 2458 εἰς
1029 2395 1189 2467 ἔργον
1221 2396 1492 2454 ἐκϐαῖνον.
1519 2396 1655 2450 ἀλλὰ
1683 2397 1860 2450 πάντα
1893 2397 1964 2450 τά

267 2482 519 2536 ἐναντία.
546 2482 647 2536 Διά
680 2481 838 2536 τοῦτό
867 2500 1002 2554 φησι
1039 2484 1156 2553 μετ’
1189 2485 1374 2536 ἐκεῖνα
1402 2483 1642 2537 ᾶπαντα·
1681 2482 1842 2552 Σάρα
1865 2482 1960 2548 δὲ,

269 2573 315 2640 ἡ
338 2571 496 2642 γυνὴ
526 2571 718 2626 αὐτοῦ
737 2613 752 2638 ,
781 2573 892 2626 οὐκ
933 2571 1170 2626 ἔτικτεν
1196 2572 1358 2637 αὐτῴ
1377 2587 1392 2600 ⁸
1441 2573 1528 2626 ἵνα
1559 2573 1737 2645 μάθῃς
1763 2575 1846 2628 ὅτι
1879 2575 1963 2628 οὐ·

265 2660 360 2715 δέν
391 2659 544 2732 αὐτῷ
578 2660 742 2714 πλέον
771 2660 962 2729 γέγονε
993 2659 1132 2732 μετά
1176 2661 1276 2724 τὰς
1293 2661 1570 2741 ,τοσαύτας
1603 2662 1959 2733 ὑποσχέσεις,

265 2748 454 2802 καίτοι
481 2749 610 2802 καὶι
640 2750 674 2818 ἡ
703 2749 991 2819 στείρωσις
1019 2749 1121 2819 τῆς
1165 2749 1345 2820 Σάρας
1367 2789 1382 2814 ,
1419 2749 1515 2802 καὶ
1544 2752 1644 2821 τῆς
1679 2752 1891 2822 μήτρας
1923 2754 1958 2823 ή

263 2836 543 2907 νέκρωσις
583 2836 788 2908 πολλὴν
833 2836 935 2908 τὴν
986 2836 1223 2908 ἀπορίαν
1256 2839 1552 2908 ἐμποιῆσαι
1585 2833 1654 2908 ἦν
1691 2839 1848 2910 ἱκανὴ
1883 2839 1961 2912 τῷ

263 2924 486 2997 δικαίῳ.
526 2923 668 2978 Ἀλλ’
701 2927 730 2979 ὁ
759 2924 1108 2997 πατριάρχης
1132 2927 1193 2978 οὐ
1223 2925 1358 2995 πρὸς
1383 2925 1451 2979 τὰ
1481 2926 1590 2980 ἀπὸ
1615 2926 1718 2998 τῆς
1746 2928 1962 2997 φύσεως

265 3011 576 3084 κωλύματα
611 3012 762 3084 ἐώρα
793 3013 1016 3079 λοιπὸν,
1063 3013 1179 3066 ἀλλ’
1219 3012 1377 3078 εἰδὼς
1411 3013 1474 3066 τὸ
1515 3015 1824 3086 εὐμήχανον
1863 3015 1959 3068 τοῦ

263 3099 578 3166 Δεσπότου,
612 3100 705 3154 καὶ
739 3101 820 3154 ὅτι
857 3099 1190 3172 δημιουργὸς
1223 3099 1300 3154 ὢν
1333 3101 1434 3172 τῆς
1479 3101 1714 3170 φύσεως,
1763 3105 1857 3157 καὶ
1901 3104 1962 3170 ἐξ

263 3189 496 3260 ἀπόρων
533 3187 738 3262 πόρους
775 3189 959 3261 εὑρεῖν
985 3188 1243 3252 δύναται,
1272 3189 1523 3262 καθάπερ
1552 3191 1852 3262 εὐγνώμων
1879 3195 1958 3246 ol-

261 3275 460 3346 κέτης,
516 3275 579 3329 οὐ
626 3276 1046 3349 περιειργάζετο
1100 3277 1192 3330 τὸν
1240 3277 1442 3345 τρόπον
1487 3277 1594 3331 τῶν
1637 3280 1958 3350 γινομένων,

263 3363 409 3418 ἀλλά
462 3367 886 3436 παραχωρείτῇ
921 3365 1293 3436 ἀκαταλήπτῳ
1339 3365 1505 3418 αὐτοῦ
1551 3367 1810 3439 προνοίᾳ,
1865 3369 1962 3422 καὶ

265 3455 564 3510 ἐπίστευσε
603 3455 716 3516 τοῖς
762 3453 1097 3525 εἰρημένοις.
1140 3455 1239 3506 Διά
1273 3453 1431 3506 τοῦτό
1477 3471 1640 3526 φησι,
1673 3453 1836 3522 Σάρα
1870 3455 1958 3521 δὲ,

269 3543 414 3612 μετά
441 3540 542 3605 τὰς
573 3540 846 3604 τοσαύτας
873 3542 1216 3612 ὑποσχέσεις,
1244 3542 1356 3595 οὐκ
1386 3541 1620 3596 ἔτικτεν
1649 3531 1961 3608 αὐὶιῖλἾΙν

263 3628 340 3682 δὲ
390 3627 548 3697 αὐτῇ
598 3628 890 3696 παιδίσκη
928 3629 1246 3698 Αἰγυπτία,
1296 3622 1338 3700 ᾗ
1386 3629 1574 3698 ὄνομα
1603 3629 1801 3698 Ἅγαρ.
1843 3631 1958 3702 Οὐχ

263 3717 462 3780 ἁπλῶς
515 3719 650 3788 ήμῖν
686 3717 808 3770 οὐδὲ
847 3715 1084 3770 ἐνταῦθα
1125 3716 1226 3784 τῆς
1261 3716 1555 3786 παιδίσκης
1595 3718 1694 3787 τὴν
1735 3719 1957 3790 μνήμην

257 3807 568 3876 ἐποιήσατο
593 3806 627 3874 ἡ
656 3804 776 3856 θεία
802 3803 1015 3875 Γραφὴ,
1045 3803 1160 3856 ἀλλ’
1184 3804 1270 3856 ἵνα
1298 3803 1562 3874 μάθωμεν
1595 3805 1758 3858 πόθεν
1783 3806 1958 3877 αὐτὴν

265 3895 420 3964 ἔσχε.
447 3893 548 3946 Διά
568 3895 680 3963 γὰρ
705 3891 866 3948 τοῦτο
893 3891 1256 3963 προσέθηκεν,
1286 3893 1369 3946 ὅτι
1393 3893 1708 3962 Αἰγυπτία,
1741 3895 1828 3948 ἵνα
1865 3897 1958 3949 ἐπὶ

263 3981 372 4050 τὴν
421 3979 667 4050 ἱστορίαν
709 3979 1112 4050 ἀναδράμωμεν
1167 3978 1382 4047 ἐκείνην
1404 3995 1418 4011 ·
1481 3980 1576 4032 καὶ
1626 3980 1708 4033 ὅτι
1735 3982 1800 4034 ἐκ
1847 3982 1958 4037 τῶν

265 4061 424 4131 παρά
449 4062 544 4116 τοῦ
577 4061 780 4134 Φαραὼ
810 4062 1266 4134 παρασχεθέντων
1293 4055 1432 4133 αῦτη
1455 4058 1546 4135 ἦν,
1570 4063 1734 4133 ήνίκα
1755 4065 1956 4119 τοσαύ-

263 4162 368 4214 της
401 4145 724 4212 ἀπήλαυσεν
753 4146 999 4210 ἐκδικίας
1031 4145 1186 4218 παρά
1213 4145 1310 4200 τοῦ
1357 4147 1468 4201 τῶν
1499 4147 1638 4202 ὅλων
1669 4149 1828 4216 Θεοῦ,
1862 4153 1957 4205 καὶ

267 4229 478 4300 ταύτην
506 4228 754 4282 λαϐοῦσα
782 4229 1109 4300 ἐπανῆλθεν,
1140 4230 1392 4300 ἐπίτηδες
1421 4233 1554 4302 ήμίν
1579 4233 1749 4303 αὐτῆς
1775 4236 1956 4290 καὶτὸ

265 4311 442 4382 ὄνομα
487 4315 582 4367 καὶ
616 4315 677 4368 τὸ
707 4314 860 4377 ἔθνος
889 4312 1186 4386 ἐγνώρισεν
1212 4316 1246 4385 ὴ
1279 4313 1399 4368 θεία
1433 4317 1646 4388 Γραφή.
1687 4319 1828 4372 Ἀλλ’
1855 4321 1956 4392 δρα

263 4395 458 4447 λοιπὸν
487 4397 725 4451 ἐνταῦθα
748 4399 849 4467 τῆς
882 4397 1063 4468 Σάρας
1089 4399 1188 4466 τὴν
1218 4397 1506 4465 φιλόσοφον
1539 4389 1953 4525 γνὼμηνὲὸέά]

269 4467 365 4518 καὶ
397 4469 498 4525 τῆς
527 4467 883 4525 σωφροσύνης
908 4468 1008 4525 τὴν
1037 4468 1363 4525 ὑπερϐολὴν,
1385 4470 1474 4520 καὶ
1496 4470 1590 4522 τοῦ
1614 4489 1780 4525 πατοι
1825 4491 1953 4525 mou

269 4467 365 4518 καὶ
397 4469 498 4536 τῆς
527 4467 883 4539 σωφροσύνης
908 4467 1008 4538 τὴν
1037 4468 1363 4539 ὑπερϐολὴν,
1385 4470 1474 4520 καὶ
1496 4470 1590 4522 τοῦ
1614 4467 1955 4544 πατριάρχού

265 4549 369 4618 τὴν
402 4549 612 4618 ἄφατον
651 4547 825 4603 πειθὼ
871 4550 966 4602 καὶ
1018 4549 1116 4618 τὴν
1165 4551 1434 4620 ὑπακοήν.
1477 4547 1625 4605 Εἷπε
1661 4551 1730 4605 δὲ
1771 4555 1954 4623 Σάρα,

266 4631 437 4700 φησί,
469 4631 620 4699 πρὸς
651 4633 870 4700 Ἀϐραμ
894 4632 964 4684 ἐν
983 4631 1060 4701 γῇ
1085 4631 1356 4686 Χαναιίν·
1403 4633 1558 4686 Ἰδοὺ
1593 4637 1957 4691 συνέκλεισέ

259 4732 340 4784 με
384 4713 602 4781 Κύριος
649 4715 757 4768 τοῦ
793 4713 880 4783 μὴ
933 4715 1164 4769 τεκεῖν·
1200 4718 1440 4771 εἴσελθε
1489 4715 1604 4774 οὖν
1655 4721 1804 4788 πρὸς
1845 4721 1958 4788 τὴν

263 4797 606 4864 παιδίσκην
629 4815 779 4866 μου,
811 4799 914 4850 ἵνα
951 4799 1398 4868 τεκνοποιήσῃς
1423 4801 1492 4866 ἐξ
1511 4801 1723 4869 αὐτῆς.
1753 4804 1956 4856 Σκόπει

261 4883 367 4952 τὴν
396 4883 823 4952 εὐγνωμοσύνην
851 4882 1130 4950 γυναικός.
1175 4883 1342 4936 Οὐδὲν
1371 4884 1610 4937 τοιοῦτον
1637 4881 1812 4952 εἶπεν,
1845 4882 1956 4940 οἷον

268 4964 414 5034 μετά
449 4965 627 5018 ταῦτα
665 4966 700 5035 ή
737 4964 944 5036 Ῥαχήλ
989 4981 1122 5034 φησι
1161 4966 1297 5036 πρὸς
1325 4968 1416 5021 τὸν
1457 4965 1682 5020 Ἰακώϐ·
1720 4972 1832 5034 Δός
1851 4988 1956 5039 μοι

265 5048 486 5102 τέκναο
535 5052 590 5103 εί
633 5049 703 5103 δὲ
739 5049 856 5118 μὴ,
899 5048 1268 5118 ἀποθνήσκω
1304 5049 1436 5119 ἐγώ.
1478 5051 1637 5104 Ἀλλά
1669 5052 1722 5104 τί
1752 5069 1952 5123 φησιν;

281 5132 442 5186 Ἰδοὺ
479 5129 844 5187 συνέκλεισέ
865 5149 944 5202 με
963 5133 1182 5200 Κύριος
1205 5132 1312 5186 τοῦ
1339 5133 1426 5201 μὴ
1457 5134 1673 5188 τεκεῖν.
1712 5136 1950 5209 Ἐπειδὴ,

263 5215 460 5286 φησὶν,
493 5215 690 5279 ἆγονόν
721 5233 791 5287 με
820 5216 1157 5286 κατέστησεν
1181 5217 1210 5268 ὁ
1231 5216 1330 5285 τῆς
1357 5215 1570 5285 φύσεως
1598 5219 1950 5290 δημιουργὸς,

263 5298 364 5350 καὶ
401 5297 748 5370 ἀπεστέρησε
775 5299 876 5369 τῆς
908 5297 1018 5352 τῶν
1047 5299 1258 5352 παίδων
1284 5299 1469 5368 γονῆς,
1505 5301 1594 5354 ἵνα
1631 5301 1708 5372 μὴ
1745 5298 1838 5355 οὖν
1863 5305 1952 5358 διὰ

261 5381 369 5451 τὴν
393 5379 538 5451 ἐμὴν
568 5383 858 5454 στείρωσιν
883 5381 1046 5444 αὐτὸς
1070 5383 1152 5444 εἰς
1179 5381 1314 5452 βαθὺ
1337 5383 1514 5454 γῆρας
1544 5385 1743 5449 ἐλάσας
1768 5387 1952 5442 λοιπὸν

261 5462 440 5527 ἄπαις
465 5463 772 5536 διαμείνῃς,
803 5465 1060 5520 Εἵσελθε
1101 5465 1252 5532 πρὸς
1280 5466 1397 5532 τὴν
1426 5468 1760 5537 παιδίσκην
1806 5488 1950 5539 μου,

263 5547 370 5600 ἵνα
394 5547 844 5617 τεκνοποιήσῃς
865 5548 936 5614 ἐξ
958 5548 1168 5617 αὐτῆς.
1195 5549 1370 5620 Πολλὴ
1401 5553 1496 5604 καὶ
1525 5553 1780 5625 άφατοςή
1806 5553 1954 5623 φιλο-

265 5629 438 5697 σοφία
476 5631 577 5702 τῆς
611 5631 890 5700 γυναικός.
938 5631 1036 5696 Τίς
1067 5631 1178 5703 γὰρ
1210 5633 1278 5686 ἂν
1336 5633 1509 5687 ἕλοιτο
1549 5635 1770 5690 πώποτε
1813 5637 1952 5709 γυνὴ

262 5725 432 5765 τουτο
483 5713 746 5781 ποιῆσαι,
777 5714 810 5786 ἢ
850 5713 1254 5784 συμϐουλεῦσαι
1287 5713 1366 5785 τῷ
1401 5717 1554 5787 ἀνδρί
1585 5717 1777 5784 τοῦτο,
1813 5718 1848 5790 ἢ
1882 5723 1952 5791 τῇ

263 5799 538 5876 παιδίσκῃ
559 5803 660 5873 τῆς
683 5804 888 5875 εὐνῆςὶ³
920 5803 1315 5875 παραχωρῆσαι
1335 5820 1350 5869 ;

331 5974 356 5996 ’³
384 5971 586 6036 ςανηΡΙ
609 5987 698 6022 sex
721 5963 837 6022 mss.
865 5975 1166 6036 ὑποσχέσεις.
1188 5974 1290 6024 ἀλλ’
1317 5975 1380 6025 ἔτι
1411 5973 1508 6024 καί.
1556 5973 1582 6015 ι)
1613 5975 1692 6026 Sic
1717 5973 1870 6025 Savil.
1899 5983 1946 6027 et

266 6029 395 6082 Mor.
424 6033 526 6084 Sed
545 6049 668 6085 mss.
712 6043 906 6100 septem
925 6029 1025 6094 τῆν’
1047 6035 1198 6094 εὐνήν.

1386 435 1456 492 IN
1492 435 1647 492 CAP.
1675 433 1798 490 XVI
1839 431 2082 489 CENES.
2123 432 2358 491 IIOMIL.
2391 437 2680 494 XXXVIII.

3649 444 3758 500 552

2153 551 2218 622 β’.
2238 547 2392 618 Εἶδες
2415 553 2534 619 πῶς
2573 553 2776 617 παντὸς
2805 552 3010 618 πάθους
3040 553 3194 617 ἐκτὸς
3230 549 3406 626 ἦσαν;
3441 555 3552 611 Καὶ
3571 554 3652 624 εἷς
3684 556 3754 632 ἦν

2075 643 2260 707 αὐτοῖς
2289 643 2452 714 μόνον
2479 644 2715 710 σκοπὸς,
2743 643 2836 696 τοῦ
2879 643 2954 716 μὴ
2981 642 3218 708 ἄπαιδας
3242 644 3607 716 τελευτῆσαι·
3635 648 3752 702 ἀλλ’

2075 731 2347 785 ἐσκόπουν
2392 732 2542 796 ὅπως
2575 733 2670 786 καὶ
2698 732 2798 802 τὴν
2833 731 3086 784 ἐντεῦθεν
3129 733 3483 804 παραμυθίαν
3520 737 3758 808 κτήσων-

2073 835 2186 886 ται,
2217 820 2311 872 καὶ
2337 819 2437 890 τῆς
2462 819 2690 891 εἰρήνης
2715 819 2807 872 τὸν
2843 818 3140 889 σύνδεσμον
3167 820 3389 892 ἀρραγῆ
3413 821 3759 896 διατηρήσω-

2075 922 2182 960 σιν.
2228 905 2430 960 Ἐννόει
2463 906 2572 978 γάρ
2613 923 2703 977 μοι
2729 905 2822 959 τοῦ
2853 906 3196 976 πατριάρχου
3226 907 3458 960 ἐνταῦθα
3494 908 3594 980 τὴν
3625 911 3758 964 πολ-

2073 992 2174 1063 λὴν
2221 994 2578 1066 σωφροσύνην
2630 993 2725 1048 καὶ
2773 993 2872 1065 τὴν
2930 993 3378 1065 ὑπερϐάλλουσαν
3427 997 3753 1052 ἐπιείκειαν.

2074 1077 2212 1130 Οὐτε
2241 1078 2642 1150 γὰρ,καθάπερ
2671 1078 2815 1141 τινὲς
2835 1076 2944 1130 τῶν
2968 1076 3232 1148 ἀνοήτων,
3261 1079 3592 1150 ἐδυσχέρανε
3613 1082 3754 1153 πρὸς

2071 1165 2172 1233 τὴν
2219 1165 2468 1238 γαμετὴν
2507 1166 2597 1221 διὰ
2640 1166 2742 1237 τὴν
2784 1165 3066 1229 ἀπαιδίαν,
3102 1164 3229 1219 οὔτε
3275 1168 3366 1220 τὸν
3405 1169 3535 1240 περὶ
3583 1171 3756 1242 αὐτὴν

2073 1251 2238 1306 πόθον
2261 1251 2600 1323 ἠλάττωσεν.
2635 1253 2782 1306 Ἵστε
2803 1251 2938 1324 γὰρ,
2965 1253 3082 1306 ῐστε
3105 1252 3221 1316 πῶς
3251 1257 3363 1318 τοῖς
3393 1255 3604 1309 πλείοσι
3643 1257 3755 1310 τῶν

2071 1339 2378 1410 ἀνθρώπων
2403 1337 2562 1394 τοῦτο
2607 1339 2848 1410 μάλιστα
2879 1340 3054 1394 αίτιον
3090 1340 3300 1410 γίνεται
3333 1343 3438 1412 τῆς
3476 1343 3618 1397 κατὰ
3643 1344 3753 1398 τῶν

2069 1423 2348 1492 γυναικῶν
2395 1421 2732 1494 ὑπεροψίαςο
2787 1422 2980 1496 ὥσπερ
3027 1419 3096 1478 αὖ
3154 1425 3320 1479 πάλιν
3379 1426 3472 1480 καὶ
3523 1427 3749 1496 φίλτρου

2071 1511 2320 1575 πλείονος
2343 1511 2600 1564 ὑπόθεσιν
2618 1510 2680 1564 τὸ
2698 1510 2942 1565 ἐναντίον
2965 1511 3270 1576 ποιοῦνται,
3295 1513 3500 1586 σφόδρα
3529 1513 3748 1584 κούφως

2069 1600 2166 1654 καὶ
2197 1597 2442 1670 ἀνοήτως
2467 1601 2592 1664 ταῖς
2617 1599 2836 1666 γυναιξὶ
2863 1600 3206 1671 λογιζόμενοι
3239 1603 3334 1656 καὶ
3364 1602 3464 1674 τὴν
3493 1603 3750 1658 ἀπαιδίαν

2070 1687 2164 1740 καί
2186 1687 2286 1758 τὴν
2315 1687 2620 1750 εὐπαιδίαν,
2649 1688 2751 1742 οὐκ
2783 1687 2984 1751 εἰδότες
3009 1689 3093 1742 ὄτι
3125 1689 3221 1742 τοῦ
3253 1690 3352 1762 τῆς
3384 1690 3600 1761 φύσεώς
3631 1694 3749 1748 ἐστι

2067 1773 2403 1846 δημιουργοῦ
2441 1773 2506 1828 τὸ
2553 1775 2687 1835 πᾶν,
2728 1776 2823 1830 καὶ
2854 1774 2981 1830 οὐτε
3024 1778 3058 1846 ή
3091 1777 3372 1841 συνουσία,
3401 1776 3528 1832 οὐτε
3562 1779 3752 1853 ἕτερόν

2066 1862 2120 1916 τί
2163 1864 2284 1916 ἐστι
2325 1861 2387 1914 τὸ
2418 1861 2715 1932 δυνάμενον
2747 1863 3064 1917 συντελέσαι
3103 1863 3242 1934 πρὸς
3267 1865 3368 1936 τὴν
3401 1866 3752 1924 τῶνηπαίδων

2065 1949 2344 2024 διαδοχὴν,
2383 1951 2460 2023 μὴ
2502 1952 2604 2022 τῆς
2631 1951 2841 2006 ἀνωθεν
2877 1954 3059 2024 χειρὸς
3099 1957 3618 2030 συνεφαπτομένης,
3655 1961 3752 2015 καὶ

2064 2038 2164 2110 τὴν
2185 2037 2349 2109 φύσιν
2379 2038 2756 2110 διεγειρούσης
2798 2039 2937 2110 πρὸς
2970 2039 3061 2092 τὸν
3087 2040 3266 2098 τόκον.
3291 2041 3475 2114 ’Ἀπερ
3505 2045 3750 2116 ἀκριϐῶς

2063 2129 2093 2181 ό
2119 2127 2332 2191 δίκαιος
2363 2121 2519 2191 οὗτος
2551 2127 2936 2197 ἐπιστάμενος,
2971 2127 3096 2182 οὔτε
3131 2131 3198 2200 τῇ
3228 2131 3448 2197 γυναικί
3473 2131 3750 2201 ἐλογίζετο

2063 2215 2164 2287 τὴν
2189 2214 2582 2278 ἀπαιδίαν,καὶ
2606 2215 2708 2284 τὴν
2737 2217 3124 2287 προσήκουσαν
3143 2217 3282 2290 αὐτῇ
3310 2219 3478 2290 τιμὴν
3503 2220 3592 2274 διὰ
3613 2221 3750 2276 πάν-

2063 2321 2172 2356 των
2215 2301 2516 2373 ἀπένειμε.
2539 2302 2640 2356 Διά
2677 2319 2760 2355 τοι
2787 2301 2946 2355 τοῦτο
2991 2303 3087 2356 καὶ
3115 2304 3256 2374 αὐτὴ
3291 2303 3746 2380 φιλοτιμουμένη,

2063 2391 2160 2444 καὶ
2186 2388 2484 2460 βουλομένη
2518 2389 2690 2454 δεῖξαι
2717 2390 2850 2460 ὅσην
2876 2392 3112 2443 ποιεῖται
3139 2391 3267 2462 περί
3305 2392 3397 2444 τὸν
3423 2393 3633 2447 δίκαιον
3667 2413 3750 2464 φι-

2062 2477 2488 2551 λοστοργίαν,οὐ
2509 2477 2571 2530 τὸ
2599 2477 2800 2548 ἑαυτῆς
2821 2478 3123 2542 σκοποῦσα,
3153 2477 3267 2531 ἀλλ’
3288 2480 3438 2546 ὅπως
3461 2481 3528 2534 ἀν
3553 2484 3750 2556 ἐκείνῳ

2064 2566 2421 2639 παραμυθίαν
2468 2567 2592 2620 τινὰ
2640 2565 2742 2635 τῆς
2773 2566 3032 2630 ἀπαιδίας
3074 2567 3416 2638 ἐπινοήσειε,
3459 2574 3749 2642 μονονουχὶ

2061 2659 2182 2720 ταῖς
2213 2655 2446 2718 οἰκείαις
2489 2653 2650 2726 χερσὶ
2683 2653 2928 2708 λαϐοῦσα
2967 2654 3068 2726 τὴν
3097 2655 3392 2726 παιδίσκην
3433 2657 3535 2730 τὴν
3577 2661 3746 2728 Am-

2063 2743 2226 2798 πτίαν
2251 2742 2346 2797 ἐπὶ
2373 2742 2474 2814 τὴν
2510 2742 2646 2795 ἰδίαν
2672 2741 2836 2812 εὐνὴν
2873 2743 3181 2812 ἀνήγαγεν·
3210 2743 3348 2798 ἀλλὰ
3387 2745 3482 2798 καὶ
3518 2747 3606 2801 διὰ
3639 2749 3762 2801 τῶν.

2063 2832 2328 2905 ῥημάτων
2369 2829 2696 2885 δεικνύουσα
2739 2830 2832 2884 τὸν
2863 2831 3084 2892 σκοπὸν,
3116 2831 3185 2884 δι’
3226 2831 3286 2885 δν
3320 2833 3480 2888 τοῦτο
3520 2837 3762 2905 ποιῆσαιι.

2059 2920 2408 2985 κατεδέξατο,
2461 2919 2646 2988 φησίν⁹
2708 2918 2928 2989 Ἐπειδὴ
2955 2917 3068 2986 ἐγὼ
3112 2919 3386 2990 ἄχρηστος
3434 2922 3623 2992 ὤφθην
3652 2926 3756 2978 καῖ

2061 3007 2435 3079 ἀνεπιτήδειος
2461 3007 2600 3078 πρὸς
2626 3007 2790 3076 γονήν
2807 3021 2822 3034 ’
2845 3003 3214 3060 Συνέκλεισε
3237 3005 3348 3076 γάρ
3367 3025 3447 3077 με
3467 3011 3500 3062 ὁ
3529 3010 3752 3078 Κύριος,

2062 3096 2171 3151 τοῦ
2193 3095 2281 3166 μὴ
2311 3094 2526 3149 τεκεῖν.
2560 3095 2704 3164 Ὅρα
2739 3093 2919 3164 ψυχῆς
2951 3093 3396 3164 εὐγνωμοσύνηνι
3429 3095 3548 3160 πῶς
3591 3096 3762 3150 οὐδὲν.

2057 3185 2320 3257 δυσχερὲς
2369 3183 2703 3254 φθέγγεται,
2745 3182 2866 3236 οὐδέ
2911 3182 3244 3255 ἀποδύρεται
3293 3183 3383 3238 διὰ
3441 3186 3541 3258 τὴν
3593 3187 3742 3240 στεί-

2065 3291 2250 3346 ρωσιν,
2295 3271 2432 3327 ἀλλὰ
2487 3271 2648 3341 μόνον
2688 3269 2850 3324 τοῦτο
2886 3271 3021 3342 ήμῖν
3069 3272 3310 3343 ἐμφῆναι
3353 3271 3628 3343 βούλεται,
3663 3275 3756 3329 ὅτι·

2057 3360 2138 3431 τῷ
2192 3358 2514 3432 δημιουργῷ
2553 3359 2656 3426 τῆς
2704 3357 2918 3428 φύσεως
2965 3357 3125 3412 τοῦτο
3171 3358 3504 3432 λογιζομένη
3539 3361 3747 3432 -πράως

2059 3449 2155 3503 καὶ
2187 3449 2454 3517 γενναίως
2487 3447 2672 3517 ἔφερε,
2705 3445 3032 3517 προτιμῶσα
3059 3447 3121 3499 τὸ
3158 3445 3236 3518 τῷ
3265 3447 3386 3519 Θεῷ
3425 3448 3618 3502 δοκοῦν
3645 3449 3748 3519 τῆς

2059 3535 2268 3598 οἰκείας
2313 3534 2644 3603 ἐπιθυμίας,
2673 3534 2768 3586 καί⁵
2806 3533 3032 3587 ἐσκόπει
3071 3533 3222 3597 ὅπως
3248 3535 3340 3588 τὸν
3369 3534 3538 3606 ἄνδρα
3567 3553 3747 3608 παρα-

2064 3623 2396 3694 μυθήσηται.
2431 3621 2651 3693 Ἐπειδὴ
2693 3618 2808 3686 οὖν,
2859 3621 3043 3691 φησὶν,
3075 3615 3214 3690 Ἐμὲ
3269 3623 3676 3680 συνέκλεισεν
3711 3629 3747 3681 ὁ

2059 3709 2280 3778 Κύριος
2308 3709 2415 3763 τοῦ
2439 3709 2527 3778 μὴ
2559 3708 2776 3763 τεκεῖν.
2803 3709 2952 3777 Πόση
2985 3710 3080 3762 καὶ
3111 3709 3278 3764 αὐτοῦ
3309 3709 3402 3764 τοῦ
3434 3712 3677 3783 ῥήματος
3710 3715 3744 3784 ή

2061 3797 2334 3868 ἐμφασιςί
2370 3796 2494 3860 πῶς
2517 3795 2756 3850 δείκνυσι
2777 3793 2930 3866 {585]
2956 3794 3050 3848 τοῦ
3073 3795 3210 3848 Θεοῦ
3238 3795 3340 3866 τὴν
3365 3796 3625 3868 πρόνοιαν
3651 3799 3746 3852 καὶ

2058 3885 2158 3957 τὴν
2195 3886 2400 3954 ἄφατον
2437 3884 2704 3955 δύναμινί
2741 3881 3014 3954 Καθάπερ
3053 3881 3162 3953 γὰρ
3197 3883 3382 3953 ἡμεῖς.
3435 3885 3624 3956 φησὶν,
3651 3887 3746 3940 ἐπὶ

2057 3974 2160 4044 τῆς
2191 3973 2370 4037 οἰκίας
2393 3973 2646 4044 κλείομεν
2674 3971 2770 4025 καὶ
2789 3971 3100 4040 ἀνοίγομεν,
3126 3969 3272 4025 οὕτω
3300 3972 3396 4026 καὶ
3411 3971 3440 4024 ὁ
3463 3973 3744 4046 Δεσπότης

2058 4061 2154 4114 ἐπὶ
2181 4061 2284 4131 τῆς
2316 4060 2532 4131 φύσεως
2565 4057 2882 4130 ἐργάζεται,
2913 4057 3110 4128 καὶτῷ
3141 4059 3330 4130 οἰκείῳ
3359 4059 3744 4131 προστάγματι

2057 4149 2154 4204 καὶ
2178 4148 2279 4214 τὰς
2307 4147 2457 4211 κλεῖς
2489 4147 2707 4214 ἐπάγει,
2733 4145 2830 4200 καὶ
2855 4144 3019 4198 πάλιν
3047 4143 3210 4216 ήνίκα
3233 4145 3300 4200 ἀν
3330 4145 3566 4219 βουληθῇ
3596 4149 3744 4202 ἀνοί-

2056 4255 2165 4306 γει,
2195 4237 2292 4290 καὶ
2319 4235 2534 4289 κελεύει
2563 4235 2662 4306 τὴν
2695 4233 2858 4304 φύσιν
2894 4231 2956 4288 τὸ
2981 4233 3180 4304 ἐαυτῆς
3207 4234 3556 4305 ἐργάζεσθαι.
3587 4237 3744 4290 Ἐπεὶ
3783 4231 3788 4236 ’

2055 4319 2148 4378 οῦν
2177 4321 2544 4379 Συνέκλεισέ
2573 4339 2672 4392 με,
2713 4321 2898 4392 φησὶν,
2938 4322 2972 4375 ὁ
3002 4322 3221 4390 Κύριος
3251 4321 3361 4376 τοῦ
3394 4321 3483 4393 μὴ
3521 4325 3740 4392 τεκεῖν,

2054 4414 2294 4468 εἴσελθε
2325 4411 2475 4480 πρὸς
2497 4409 2614 4477 τὴν
2645 4408 2978 4476 παιδίσκην
2995 4426 3138 4478 μου,
3167 4409 3270 4462 ἵνα
3301 4413 3743 4481 τεκνοποιήσῃς

2053 4500 2124 4564 ἐξ
2154 4499 2364 4563 αὐτῆς.
2393 4494 2523 4551 Οἶδα
2551 4497 2633 4550 ὅτι
2664 4495 2775 4565 ἐγώ
2805 4497 2919 4567 είμι
2943 4498 2977 4567 ἡ
3013 4495 3162 4550 αἰτία
3192 4498 3292 4569 τῆς
3322 4499 3580 4564 ἀπαιδίας
3601 4517 3615 4530 ·
3650 4500 3741 4555 διὰ

2055 4585 2213 4636 τοῦτο
2241 4583 2302 4636 οὐ
2333 4581 2594 4651 βούλομαί
2626 4597 2685 4632 σε
2722 4581 3097 4651 ἀποστερῆσαι
3136 4580 3238 4652 τῆς
3268 4581 3519 4636 ἐντεῦθεν
3562 4601 3743 4655 παρα-

2061 4665 2275 4738 μυθίας.
2295 4667 2456 4727 Ἴσως
2485 4664 2544 4716 δὲ
2576 4663 2672 4716 καὶ
2705 4662 3030 4716 ὑπώπτευεν
3055 4663 3088 4732 ή
3121 4663 3272 4732 Σάρα
3299 4663 3376 4735 μὴ
3411 4666 3540 4736 παρ’
3567 4666 3739 4737 αὐτὴν

2059 4749 2228 4820 μόνην
2243 4743 2381 4800 εἶναι
2403 4747 2472 4800 τὰ
2487 4745 2588 4816 τῆς
2611 4746 2887 4809 ἀπαιδίας,
2910 4743 3048 4799 ἀλλὰ
3061 4745 3155 4798 καί
3177 4745 3332 4816 παρά
3351 4746 3442 4800 τὸν
3468 4750 3742 4820 πατριάρ-

2055 4851 2158 4904 χην
2180 4849 2193 4862 ·
2226 4832 2314 4886 διὰ
2341 4831 2498 4884 τοῦτο
2538 4830 2834 4901 βουλομένη
2871 4829 2938 4882 δι’
2969 4827 3151 4882 αὐτῶν
3187 4829 3296 4882 τῶν
3331 4829 3510 4900 ἔργων
3537 4831 3742 4903 πληρο-

2056 4918 2382 4988 φορηθῆναι,
2410 4917 2733 4985 παραχωρεί
2763 4915 2830 4984 τῇ
2879 4913 3162 4983 παιδίσκῃ,
3204 4913 3302 4966 καὶ
3335 4914 3418 4976 είς
3453 4913 3552 4984 τὴν
3576 4915 3740 4986 εὐνὴν

2056 5001 2226 5070 αὐτὴν
2272 4999 2418 5067 ἄγει,
2462 4999 2554 5050 ἵνα
2605 4997 2750 5068 μάθῃ
2789 4997 2856 5048 δι’
2896 4994 3076 5048 αὐτῶν
3109 4993 3220 5048 τῶν
3264 4997 3630 5066 πραγμάτων,
3661 4999 3739 5062 ὡς

2055 5085 2224 5154 ἐαυτῇ
2251 5083 2312 5136 τὸ
2335 5085 2443 5138 πᾶν
2467 5081 2669 5150 ὀφείλει
2697 5079 3028 5148 λογίζεσθαι.
3058 5076 3407 5144 ’Υπήκουσε
3435 5079 3524 5144 δὲ,
3549 5083 3736 5150 φησὶν,

2059 5169 2276 5236 Ἀὄριιμ
2303 5164 2411 5232 τῆς
2439 5163 2646 5234 φωνῆς
2681 5165 2894 5230 Σαρας.
2930 5159 3108 5232 Πολλὴ
3147 5157 3242 5214 τοῦ
3273 5160 3483 5215 δικαίου
3523 5163 3556 5232 ή
3591 5163 3739 5231 φιλο-

2056 5249 2238 5316 σοφία.
2257 5249 2436 5318 Ὅπερ
2469 5245 2579 5318 γάρ
2620 5243 2790 5314 ἔφθην
2817 5241 3008 5308 εἰπὼν,
3033 5243 3193 5296 τοῦτο
3225 5243 3321 5296 καί
3346 5243 3442 5296 νῦν
3481 5244 3590 5316 ἐρῶ
3613 5261 3625 5274 ·
3652 5245 3735 5297 ὅτι

2053 5332 2178 5385 οὑτε
2227 5331 2493 5402 πρότερον
2542 5328 2701 5382 τοῦτο
2753 5325 3146 5390 ἐϐουλεύσατο,
3199 5325 3379 5379 καίτοι
3431 5327 3488 5380 ἐν
3520 5329 3735 5400 ἐσχάτῳ

2055 5417 2201 5485 γήρᾳ
2221 5414 2406 5466 λοιπὸν
2433 5412 2530 5478 ὣν,
2561 5412 2657 5466 καί.
2681 5409 2777 5465 νῦν
2797 5410 2894 5482 τὴν
2917 5409 3233 5482 προτροπὴν
3257 5410 3410 5479 παρά
3427 5413 3528 5483 τῆς
3554 5411 3736 5483 Σάρας

2053 5499 2345 5570 δεξάμενος
2376 5498 2606 5568 ἑτοίμως
2639 5499 2942 5566 ὑπήκουσε,
2965 5496 3180 5560 δεικνὺς
3206 5497 3289 5550 ὅτι
3315 5497 3416 5550 οὐκ
3440 5497 3736 5569 ἐπιθυμίας

2053 5581 2240 5636 ἕνεκεν
2283 5582 2492 5645 ἁπλῶς,
2525 5581 2646 5634 οὐδὲ
2682 5580 2844 5634 πάθει
2877 5579 3291 5634 κατακολουθῶν
3318 5583 3418 5652 τῆς
3449 5583 3734 5648 συνουσίας

2055 5670 2345 5740 ἠνέσχετο,
2393 5669 2507 5722 ἀλλ’
2549 5667 2692 5720 ὥστε
2741 5667 3056 5737 σπέρματος
3095 5664 3344 5737 διαδοχὴν
3391 5665 3732 5722 καταλιπεῖν.

2054 5752 2162 5806 Καὶ
2193 5752 2470 5807 λαϐοῦσα
2501 5749 2664 5819 Σάρα
2687 5749 2728 5818 ἠ
2759 5748 2916 5818 γυνὴ
2943 5749 3159 5818 Ἄδραμ
3196 5749 3376 5817 Ἅγαρ
3407 5749 3526 5816 τὴν
3556 5751 3733 5820 Αιγυ-

2058 5837 2241 5890 πτίαν
2259 5835 2374 5904 τὴν
2391 5833 2614 5902 ἑαυτῆς
2632 5831 2980 5899 παιδίσκην,
2994 5831 3146 5900 μετὰ
3162 5829 3316 5884 δέκα.
3327 5831 3433 5898 ἐτη
3453 5830 3560 5885 τοῦ
3585 5845 3736 5885 συν-

2061 5920 2304 5988 οικῆσαι
2343 5908 2567 5987 ’Ἂῖτραμ
2599 5915 2680 5980 τῷ
2711 5915 2884 5984 ἀνδρὶ
2937 5913 3124 5982 αὐτῆς
3164 5915 3234 5968 ἐν
3281 5913 3356 5984 τῇ
3403 5916 3730 5982 Χαναναία,

2057 6007 2278 6063 ἔδωκεν
2297 6007 2512 6074 ’Ἀϐραμ
2531 5999 2606 6069 τῷ
2626 6000 2797 6072 ἀνδρί
2817 5999 3005 6073 αὐτῆς
3025 6001 3134 6058 αὐτ
3146 5997 3219 6071 ὴν
3240 5998 3510 6070 γυναῖκα.
3531 5999 3734 6053 Σκόπει
