4092 6408
449 277 559 336 853

451 394 713 459 Attende,
767 395 1027 462 obsecro,
1072 393 1357 462 Scriptura:
1387 391 1757 463 diligentiam:
1794 397 1851 445 ut
1891 388 2034 443 enim

445 488 716 541 discamus
742 488 887 541 illurn
906 502 1011 541 non
1044 501 1165 540 mox
1191 494 1313 554 post
1340 484 1454 537 haec
1480 484 1639 538 verba
1667 497 1785 551 qua:
1811 480 1879 536 ad
1912 495 2035 535 eum

445 577 581 631 dixit
630 578 784 644 Sara,
808 578 863 632 in
907 592 1041 647 opus
1089 574 1421 647 prosiluisse,
1451 575 1572 635 ideo
1624 574 1754 628 dicit
1782 591 1797 627 :
1827 572 1896 626 Et
1920 572 2036 625 tulit

445 670 580 724 Sara
628 686 759 724 tutor
786 669 937 724 Abrw
960 669 1177 740 Agarem
1211 667 1515 738 ﬂgyptiam
1557 666 1796 721 ancillam
1839 680 1984 719 suam
2014 678 2035 718 :

441 760 594 828 queis
615 761 915 815 subindicat
940 760 1093 815 nobis
1122 760 1394 828 Scriptura
1433 758 1617 821 divina
1642 773 1764 812 eum
1797 771 2020 819 uxorem

440 866 595 905 suam
621 852 1037 915 consolaturum,
1059 860 1113 906 et
1137 851 1186 905 ei
1210 850 1430 922 obsequi
1451 850 1738 911 volentem,
1763 847 1901 903 hanc
1916 862 2029 907 rem

444 940 658 997 fecisse.
692 941 825 997 Nam
855 951 913 996 ut
936 942 1212 1003 evidenter
1241 942 1378 996 scias
1407 939 1720 1010 patriarcha:
1746 939 2028 995 continen-

442 1037 568 1085 tiam
591 1041 644 1087 et
672 1032 919 1087 eximiam
950 1033 1357 1101 temperantiam
1382 1073 1396 1097 ,
1428 1031 1556 1085 dicit
1589 1046 1607 1084 ε
1634 1030 1912 1100 Postquam
1937 1030 2027 1083 de-

440 1140 547 1177 cent
576 1125 723 1178 anuis
758 1125 1029 1178 habitasset
1076 1139 1193 1185 eum
1243 1123 1463 1186 Abramo
1512 1123 1619 1175 viro
1657 1139 1750 1177 suo
1794 1123 1847 1175 in
1893 1132 2028 1177 terra

437 1213 701 1270 Chanaan.
730 1215 847 1271 Non
877 1217 1078 1285 absque
1106 1230 1266 1277 causa
1290 1223 1496 1284 tempus
1521 1214 1830 1287 assignavit,
1848 1213 1943 1269 sed
1968 1222 2027 1275 ut

437 1308 575 1362 scire
602 1309 867 1377 possimus
893 1316 1023 1377 quot
1048 1306 1201 1361 annis
1227 1307 1402 1376 justus
1430 1306 1640 1361 fortiter
1665 1304 2023 1363 infecundita-

426 1396 543 1454 tem
573 1400 772 1466 tulerit,
802 1410 858 1454 et
882 1399 1159 1455 affectibus
1188 1398 1437 1468 superior
1459 1413 1702 1469 magnam
1722 1396 2023 1455 exhibuerit

433 1492 813 1547 continentiam
846 1510 861 1546 :
897 1509 1067 1564 neque
1096 1492 1198 1548 hoc
1217 1493 1413 1555 solum,
1436 1491 1529 1547 sed
1557 1500 1686 1546 utet
1707 1490 1847 1545 aliud
1871 1490 2022 1561 quid-

431 1583 553 1636 dam
599 1582 723 1637 inde
771 1584 1057 1639 discamus.
1110 1583 1233 1638 Ideo
1280 1572 1425 1639 enim
1477 1581 1709 1651 adjecit:
1742 1581 2019 1651 Postquam

430 1676 598 1727 decem
618 1675 765 1729 annis
791 1674 1062 1729 habitasset
1083 1693 1199 1729 cum
1220 1676 1326 1729 viro
1355 1690 1447 1729 suo
1475 1674 1527 1727 in
1556 1682 1690 1727 terra
1728 1672 1972 1727 Chanaan
1998 1687 2021 1727 :

427 1780 533 1819 non
563 1765 704 1819 enim
736 1780 896 1844 omne
917 1775 1126 1837 tempus
1150 1763 1558 1821 cohabitationis
1598 1762 1750 1818 nobis
1775 1762 2015 1817 declara-

426 1858 520 1923 vit,
544 1860 637 1913 sed
661 1858 788 1913 illud
810 1859 983 1913 solum
1025 1857 1164 1929 quod
1206 1857 1260 1912 in
1304 1856 1602 1913 Chananaca
1644 1864 2015 1925 consumptum

418 1933 525 2006 est.
554 1951 729 2019 Quare
757 1952 859 2005 hoc
884 1992 899 2016 ,
930 1960 985 2006 et
1011 1966 1172 2020 quam
1202 1951 1271 2005 ob
1296 1949 1561 2004 causam?
1590 1949 1721 2015 Quia
1751 1948 1930 2002 statim
1959 1957 2016 2000 ut

424 2043 569 2097 venit
588 2045 640 2096 in
658 2043 1034 2107 (lliananaaam,
1056 2041 1315 2112 benignus
1335 2040 1587 2095 Dominus
1605 2037 2012 2109 promissionem

422 2135 547 2189 fecit
574 2135 656 2189 his
685 2136 864 2191 verbis
893 2151 907 2187 :
943 2134 1140 2189 Semiui
1167 2142 1252 2187 tuo
1276 2132 1406 2186 dabo
1432 2142 1617 2186 terram
1639 2132 1771 2183 hanc
1788 2146 1808 2184 :
1826 2136 2014 2198 etpost

422 2224 537 2280 hmc
567 2242 777 2296 quoque
805 2225 973 2281 semel
991 2233 1149 2296 atque
1169 2224 1361 2279 iterum
1385 2221 1763 2293 promissiones
1777 2221 2008 2290 repetiit,

421 2324 479 2369 ut
505 2315 675 2383 scias,
710 2317 942 2384 dilecte,
969 2316 1211 2385 quamvis
1265 2324 1416 2370 tanto
1462 2324 1702 2383 tempore
1758 2312 2010 2367 Dominus

419 2408 701 2473 distulerit,
735 2417 790 2464 et
831 2410 1095 2479 promissa
1144 2424 1250 2463 non
1295 2408 1616 2478 impleverit,
1653 2406 2007 2476 patriarcham

420 2509 593 2555 tamen
639 2485 742 2555 non
776 2501 941 2556 fuisse
988 2502 1175 2557 animo
1224 2501 1517 2566 turbatum,
1572 2499 1666 2556 sed
1712 2500 2008 2554 ratiociniis

417 2594 527 2647 suis
572 2592 749 2647 divina
781 2593 919 2648 dicta
964 2594 1281 2663 praetulisse.
1341 2593 1629 2663 Propterea
1675 2592 1823 2658 dicit,
1864 2591 2009 2645 Post—

416 2700 567 2750 quam
594 2684 762 2737 decem
786 2702 948 2737 annos
975 2686 1126 2739 simul
1156 2685 1463 2738 habitassent
1492 2685 1547 2738 in
1574 2693 1708 2737 terra
1736 2681 2003 2738 Chanaan.

417 2775 602 2829 Vidisti
651 2776 853 2831 virilem
905 2775 1181 2831 animum?
1223 2775 1401 2831 vidisti
1454 2775 1808 2845 philosophia:
1849 2773 2007 2842 hujus

414 2867 890 2923 exercitationem?
929 2867 1199 2937 quomodo
1238 2868 1497 2922 Dominus
1552 2876 1611 2921 ut
1652 2882 1769 2921 eam
1820 2865 2007 2919 reddat

413 2957 775 3022 illustriorem,
804 2969 977 3014 cesset
1006 2975 1069 3014 ac
1107 2959 1355 3015 differat?
1392 2958 1525 3013 Nam
1556 2959 1678 3030 quia
1716 2958 2003 3028 plurimum

410 3042 459 3106 ei
488 3069 630 3106 cura:
664 3063 788 3107 sunt
818 3052 1000 3107 famuli
1028 3053 1150 3117 sui,
1182 3068 1289 3107 non
1336 3052 1407 3107 ita
1456 3052 1770 3121 simpliciter
1819 3051 1872 3105 in
1910 3065 2003 3104 eos

410 3143 657 3198 conferre
682 3143 959 3211 beneﬁcia,
987 3142 1083 3198 sed
1115 3143 1272 3198 simul
1294 3144 1453 3198 etiam
1471 3143 1787 3213 conspicuos
1807 3141 2002 3197 redde-

411 3248 491 3298 re,
522 3233 790 3302 ﬁdemque
835 3235 1070 3303 ipsorum
1100 3235 1347 3289 omnibus
1372 3233 1648 3288 declarare
1696 3232 1904 3303 satagit.
1944 3232 2002 3287 Si

410 3326 550 3377 enim
569 3326 749 3379 statim
773 3335 829 3380 ut
850 3328 1093 3399 promisit
1113 3341 1172 3382 se
1196 3326 1445 3381 daturum
1469 3327 1659 3382 semini
1672 3326 1788 3396 ejus
1800 3336 1998 3381 terram

410 3415 569 3480 hanc,
610 3416 904 3485 aperuisset
957 3417 1102 3473 Sarze
1151 3418 1386 3485 vulvam,
1431 3427 1486 3473 et
1532 3417 1731 3473 liberos
1765 3416 2003 3472 dedisset

409 3520 771 3574 successores,
802 3523 974 3578 neque
999 3518 1102 3563 tam
1124 3524 1374 3579 magnum
1413 3508 1743 3565 exhibuisset
1766 3508 1997 3563 miracu—

410 3600 540 3662 lum,
571 3617 745 3670 ncque
773 3611 877 3656 tam
901 3603 1041 3657 clara
1069 3602 1208 3672 apud
1230 3617 1420 3659 omnes
1446 3602 1634 3657 fuisset
1657 3602 1783 3671 justi
1808 3602 1997 3655 virtus.

404 3689 589 3745 Virtus
618 3694 759 3747 enim
806 3693 897 3747 Dei
924 3701 979 3747 et
1007 3701 1131 3748 tunc
1177 3693 1457 3748 manifesta
1510 3692 1724 3761 quidem
1777 3692 1997 3747 fuisset:

407 3797 531 3836 nam
563 3794 861 3838 emortuam
890 3793 1095 3839 natura:
1120 3784 1409 3850 ofﬁcinam,
1438 3795 1490 3838 et
1521 3784 1759 3839 inutilem
1779 3785 1844 3838 ad
1872 3799 1998 3854 pro-

408 3876 667 3930 creandos
694 3876 835 3931 ﬁlios
865 3875 1079 3943 factam,
1113 3892 1209 3930 suo
1237 3886 1503 3944 praecepto
1547 3876 1737 3931 iterum
1759 3885 1998 3945 vegetam

408 3967 623 4023 fecisset
652 3983 669 4022 :
699 3976 753 4022 at
776 3984 881 4022 non
907 3969 979 4023 ita
1010 3982 1225 4022 suarum
1249 3966 1461 4022 laudum
1492 3982 1691 4022 corona
1715 3967 1998 4022 redimitus

357 4090 363 4094 -
407 4058 595 4113 fuisset
622 4058 945 4128 patriarcha,
980 4068 1034 4112 ut
1064 4073 1205 4112 nunc
1229 4073 1351 4112 cum
1375 4066 1522 4112 tanto
1560 4068 1799 4127 tempore
1834 4058 1999 4127 ipsius

407 4150 630 4221 probata
654 4159 736 4206 est
764 4151 951 4215 virtus,
981 4160 1035 4205 et
1061 4150 1298 4220 quotidie
1323 4149 1461 4205 facta
1487 4158 1571 4205 est
1596 4150 1817 4206 clarior.

399 4307 408 4315 ν
475 4245 530 4301 3.
582 4245 650 4299 Et
673 4253 733 4299 ut
761 4244 897 4299 scias
942 4243 1108 4299 Deum
1140 4257 1244 4298 non
1276 4242 1449 4297 solum
1478 4243 1734 4298 beneﬁcia
1761 4252 1816 4298 et
1858 4243 1998 4301 dona

406 4354 504 4394 sua
548 4337 795 4393 conferre
825 4336 982 4402 velle,
1015 4336 1107 4392 sed
1136 4336 1348 4391 solitum
1398 4350 1518 4390 esse
1565 4334 1818 4391 beneﬁcia
1847 4350 1999 4397 acce-

408 4442 594 4500 pturos
622 4430 848 4485 reddere
868 4430 1145 4497 clariores,
1176 4428 1297 4483 vide
1325 4428 1471 4483 illum
1501 4427 1606 4484 hoc
1632 4439 1683 4483 et
1714 4429 1766 4482 in
1793 4428 2000 4483 Chana-

406 4539 522 4579 nata
554 4524 640 4578 illa
673 4525 867 4590 facere,
900 4530 955 4577 et
998 4522 1198 4577 idcirco
1223 4536 1434 4577 cessare
1460 4534 1523 4575 ac
1551 4517 1780 4584 dilIerre,
1809 4529 1868 4574 ut
1892 4535 1998 4575 non

406 4615 577 4669 solum
609 4614 917 4685 petitionem
959 4612 1101 4667 illius
1148 4611 1395 4667 exaudiat
1424 4609 1635 4681 (Matth.
1685 4607 1796 4681 15),
1827 4609 1920 4664 sed
1947 4618 2000 4664 et

406 4717 465 4761 ut
488 4707 634 4762 illam
666 4706 832 4777 ipsam
866 4706 916 4759 in
946 4714 1058 4760 toto
1077 4705 1205 4760 orbe
1226 4704 1488 4758 celebrem
1516 4701 1721 4757 reddat.
1751 4701 2000 4768 Quando-

403 4800 619 4870 quidem
661 4813 782 4853 cum
828 4797 1148 4867 supplicaret
1194 4811 1257 4850 ac
1297 4795 1541 4850 diceret:
1575 4793 1816 4847 Miserere
1859 4793 1996 4860 mei,

406 4891 643 4957 Domine,
668 4891 784 4961 quia
815 4888 924 4959 ﬁlia
947 4905 1056 4941 mea
1077 4886 1209 4941 male
1227 4904 1257 4939 a
1278 4886 1527 4940 dte'monio
1549 4893 1804 4954 torquetur
1833 4882 1994 4945 (Ibid.

407 4999 454 5035 υ.
487 4980 582 5051 9.2)
625 4997 638 5034 :
671 4994 844 5049 neque
883 4992 1142 5048 responso
1177 4992 1298 5033 eam
1342 4976 1586 5047 dignatur
1612 4976 1917 5031 misericors
1945 4984 2001 5030 et

404 5071 857 5128 clementissimus
894 5070 1149 5124 Dominus
1187 5067 1301 5141 (a),
1329 5068 1523 5139 alioqui
1574 5082 1760 5138 preces
1788 5076 1997 5123 nostras

406 5178 623 5232 semper
651 5160 1003 5232 prmveniens.
1036 5160 1103 5215 Et
1151 5159 1394 5229 disCipuli
1438 5158 1652 5230 quidem
1697 5158 1998 5213 nescientes

406 5254 536 5325 quid
580 5252 814 5308 futurum
844 5260 1009 5320 esset,
1053 5259 1109 5306 et
1133 5266 1256 5306 eum
1300 5266 1481 5307 curam
1527 5266 1685 5322 agere
1711 5250 1991 5316 mulieris,

392 5418 599 5481 'legitur
618 5420 877 5483 mét‘béxa
897 5418 978 5483 ξτη
998 5415 1084 5483 rei}
1126 5418 1345 5483 οἰκῆσαι-
1365 5417 1561 5483 ’ξΑϐραμ
1589 5420 1637 5469 ἐν
1668 5426 1734 5483 κῇ
1777 5420 1986 5483 Χαναάνς
2032 5425 2039 5433 ’

390 5479 749 5541 ,ιίιῐι-,γδοείοιιιί
777 5495 892 5530 vero
913 5480 1181 5529 lectionem
1203 5494 1301 5530 non
1323 5479 1479 5532 fuisse
1517 5479 1822 5532 librariorum
1854 5482 1990 5534 ausi-

413 5543 505 5607 bus
530 5550 840 5607 temeratam,
866 5543 979 5591 hinc
1005 5542 1242 5607 liquidum
1268 5550 1365 5603 est,
1387 5544 1515 5607 quod
1543 5546 1719 5607 eadem
1753 5542 1855 5607 ipsa
1878 5542 1988 5596 sine
2032 5576 2037 5581 -

413 5605 698 5652 discrimine
726 5604 801 5666 bis
822 5602 1114 5666 repetantur
1139 5602 1281 5666 infra.

476 5666 548 5723 (α)
579 5671 698 5730 Quin
724 5664 803 5713 hic
825 5663 895 5713 de
915 5666 1183 5730 (Zhanantea
1203 5665 1453 5730 dicuntur,
1477 5665 1649 5714 eadem
1677 5663 1778 5728 ipsa
1813 5678 1988 5730 ρει-δε»

416 5734 585 5788 quitur
610 5729 987 5789 Chrj‘sosto‘mus
1006 5725 1189 5778 Uumil.
1219 5728 1279 5777 55
1304 5727 1351 5776 in
1384 5728 1680 5779 Matthicum.

1378 275 1445 335 IN
1482 273 1637 332 CAP.
1676 270 1819 332 XVI.
1861 266 2109 329 GENES.
2152 271 2379 329 IIOMIL.
2420 272 2709 331 XXXVIII.

3635 285 3753 347 355,

2147 386 2398 456 nolleque
2425 389 2731 444 thesaurum
2777 389 2893 457 ejus
2920 391 3109 458 latere,
3138 401 3297 463 atque
3342 364 3463 452 ideo
3509 412 3613 451 non
3649 416 3736 454 re-

2143 477 2432 546 Spondere,
2461 480 2610 548 quasi
2640 480 2843 550 majore
2871 482 3336 545 commiseratione
3364 484 3529 552 ducti,
3560 504 3739 544 acces-

2141 577 2326 629 serunt
2368 577 2425 625 et
2463 570 2816 627 obsecrabant
2862 588 2985 628 eum
3028 573 3269 637 dicentes
3300 594 3314 637 ;
3347 576 3555 638 Dimitte
3580 597 3688 634 eam
3714 624 3736 652 ο

2138 663 2257 730 quia
2272 661 2579 733 clamanpost
2605 682 2695 718 nos
2712 664 2923 736 (Matth.
2944 667 3029 722 15.
3052 666 3147 737 25)
3169 670 3349 738 :quasi
3376 681 3739 732 monstrarent

2137 767 2196 806 se
2214 752 2325 821 jam
2354 770 2461 808 non
2500 754 2640 811 ferre
2666 757 2807 812 illius
2834 759 3155 819 molestiam.
3184 759 3395 822 Dimitte
3416 763 3558 818 enim
3584 782 3695 819 eam
3719 808 3735 833 ,

2138 845 2405 915 inquiunt,
2436 863 2541 901 non
2583 850 2701 918 quia
2732 858 2836 903 tam
2865 865 3169 906 aerumnosa
3195 862 3305 919 est,
3328 869 3435 908 non
3466 855 3588 925 quia
3616 871 3735 925 pre-

2135 951 2228 991 ces
2255 937 2369 1007 ejus
2399 940 2745 996 rationabiles
2772 951 2914 1004 sunt,
2944 943 3036 997 sed
3069 943 3201 1015 Quia
3240 946 3427 1000 clamat
3477 958 3590 1017 post
3618 968 3732 1005 nos.

2136 1028 2271 1095 Quid
2316 1029 2477 1097 igitur
2508 1030 2805 1086 Dominus?
2836 1032 3032 1090 Volcns
3059 1044 3114 1090 et
3142 1036 3396 1107 paulatim
3430 1038 3573 1092 illius
3620 1040 3737 1095 the.

2133 1136 2350 1176 saurum
2402 1122 2683 1192 detegere,
2734 1132 2790 1179 et
2834 1125 3030 1181 docere
3076 1137 3329 1197 quantum
3376 1129 3621 1202 discipuli
3666 1134 3732 1196 ab

2132 1211 2465 1273 humanitate
2510 1229 2603 1269 sua
2648 1218 2917 1283 abessent,
2967 1234 3279 1288 responsum
3328 1220 3448 1288 dat,
3490 1224 3630 1296 quod
3678 1236 3733 1281 et

2131 1307 2371 1361 mulieris
2401 1323 2671 1365 occarcare
2699 1319 2954 1374 mentem,
2982 1311 3081 1363 nisi
3105 1321 3248 1373 tanto
3272 1312 3450 1368 fuisset
3472 1331 3727 1371 succensa

2132 1399 2400 1455 desiderio
2451 1401 2829 1470 alacritathue
2889 1402 3175 1471 viguisset,
3223 1414 3279 1459 et
3325 1405 3614 1477 discipulos
3661 1409 3730 1464 ab

2131 1491 2559 1562 interpellatione
2609 1493 2883 1552 deterrere
2934 1495 3209 1563 potuisset.
3258 1494 3378 1550 Non
3422 1515 3535 1551 sum
3581 1499 3726 1554 enim

2127 1584 2327 1649 ritissus,
2361 1585 2566 1655 inquit,
2595 1586 2693 1640 nisi
2720 1587 2789 1639 ad
2820 1603 2935 1641 ores
2971 1588 3149 1641 domus
3178 1588 3363 1656 Israel,
3407 1607 3521 1659 qua:
3557 1594 3727 1661 perie-

2124 1686 2241 1729 runt
2269 1675 2318 1746 (Ι
2328 1677 2429 1730 bid.
2464 1694 2511 1737 υ.
2542 1677 2655 1747 24),
2688 1678 2751 1732 Εῑ
2776 1678 2876 1733 hoc
2902 1679 3112 1749 quidem
3150 1680 3348 1734 dictum
3373 1682 3489 1735 illos
3516 1683 3726 1737 abster-

2122 1770 2251 1836 ruit,
2286 1785 2351 1824 ne
2383 1785 2479 1839 pro
2506 1770 2733 1830 muliere
2758 1770 3191 1836 intercederent;
3223 1770 3317 1826 sed
3348 1772 3489 1826 illam
3513 1776 3727 1843 segnio-

2122 1877 2235 1916 rem
2275 1877 2377 1918 non
2407 1860 2551 1925 fecit,
2585 1862 2691 1915 imo
2716 1861 2769 1916 in
2796 1877 2953 1915 causa
2980 1862 3073 1917 fttit
3107 1872 3161 1917 ut
3189 1864 3359 1933 magis
3386 1875 3620 1934 urgeret.
3648 1864 3722 1925 Ita

2119 1955 2259 2009 enim
2287 1970 2345 2008 se
2374 1954 2529 2009 habet
2558 1955 2734 2009 anima
2764 1955 2971 2018 dolens,
3003 1964 3058 2009 ct
3083 1954 3309 2010 ferventi
3333 1956 3526 2012 affectu
3566 1973 3724 2012 acce—

2114 2044 2251 2109 dens
2276 2063 2288 2099 :
2321 2046 2449 2100 nihil
2476 2046 2702 2100 attendit
2736 2061 2925 2100 eorum
2966 2063 3085 2117 qua:
3111 2047 3397 2114 dicuntur;
3427 2047 3522 2103 sed
3551 2065 3718 2103 unum

2119 2136 2293 2191 solum
2325 2144 2552 2204 Spectat,
2578 2137 2846 2206 quomodo
2878 2152 2939 2191 ea
2968 2153 3086 2207 qua:
3129 2138 3229 2193 sibi
3257 2154 3398 2191 cura:
3430 2148 3552 2192 sunt
3577 2155 3723 2195 asse-2

2117 2238 2309 2297 quatur
2341 2246 2354 2282 :
2388 2227 2436 2280 id
2464 2228 2603 2298 quod
2633 2237 2687 2281 et
2705 2228 2805 2281 ista
2833 2226 2975 2281 fecit.
3004 2228 3209 2282 Auditis
3228 2228 3370 2283 enim
3393 2229 3498 2295 bis,
3528 2230 3720 2283 iterum

2118 2320 2308 2389 inquit,
2341 2319 2585 2372 Adoravit
2631 2335 2763 2383 eum,
2813 2320 2983 2372 dicens
3016 2334 3034 2372 :
3066 2319 3308 2373 Miserere
3355 2322 3473 2385 mei,
3507 2320 3725 2384 Domine

2117 2409 2278 2479 (Ibid.
2311 2426 2357 2463 υ.
2385 2408 2501 2481 25).
2539 2409 2751 2465 Sciebat
2775 2408 2988 2465 Domini
3034 2410 3474 2472 misericordiam,
3507 2419 3562 2464 et
3594 2428 3719 2480 pro-

2114 2500 2239 2556 inde
2266 2516 2455 2571 magna
2488 2500 2804 2555 assiduitate
2831 2500 3098 2554 utebatur.
3125 2498 3231 2554 Sed
3276 2500 3396 2555 vide
3424 2502 3719 2570 sapientem

2114 2594 2264 2650 illum
2295 2604 2350 2651 et
2387 2594 2663 2661 solertem,
2710 2592 2983 2664 quomodo
3028 2608 3202 2663 neque
3240 2594 3319 2648 sic
3358 2602 3575 2659 annuat,
3621 2594 3718 2648 sed

2116 2687 2359 2758 asperius
2386 2696 2440 2741 et
2469 2685 2841 2741 vehementius
2871 2685 3014 2739 illam
3053 2684 3366 2739 concutiens
3396 2684 3721 2755 responsum

2111 2780 2219 2833 dct.
2252 2778 2465 2834 Sciebat
2508 2778 2650 2832 enim
2703 2776 3067 2831 fortitudinem
3112 2775 3374 2838 mulieris,
3421 2783 3477 2829 et
3503 2775 3719 2830 Volebat

2111 2885 2228 2924 eam
2259 2885 2365 2922 non
2396 2868 2605 2923 occulte
2633 2866 2879 2935 accipere
2907 2864 3221 2921 beneﬁcium
3245 2881 3261 2931 ;
3292 2865 3361 2918 ita
3386 2875 3443 2919 ut
3468 2864 3717 2936 discipuli

2109 2961 2380 3017 discerent
2416 2977 2480 3015 ex
2524 2960 2663 3014 facto
2712 2958 2981 3012 dilationis
3023 2971 3260 3021 causam,
3293 2964 3347 3011 et
3392 2956 3481 3010 alii
3525 2971 3718 3013 omnes

2110 3052 2455 3116 docerentur,
2483 3057 2680 3120 quanta
2730 3048 2800 3103 sit
2849 3047 3178 3102 assiduitatis
3203 3055 3258 3101 et
3303 3046 3717 3117 perseverantia:

2114 3145 2369 3216 potentia,
2400 3152 2453 3197 et
2482 3142 2720 3198 mulieris
2750 3141 2939 3194 virtus.
2970 3140 3101 3195 Nam
3149 3139 3279 3194 dicit
3310 3158 3323 3193 :
3359 3138 3481 3193 Non
3520 3148 3592 3193 est
3628 3138 3718 3193 bo-

2110 3253 2233 3289 num
2263 3251 2459 3289 sumere
2498 3249 2678 3303 partem
2715 3233 2959 3300 ﬁliorum,
2992 3240 3040 3284 et
3067 3231 3282 3297 objicere
3310 3230 3520 3285 canibus
3547 3227 3713 3301 (Ibid.

2107 3344 2154 3383 υ.
2181 3327 2299 3399 26).
2345 3327 2464 3392 llic,
2497 3326 2742 3389 obsecro,
2776 3321 3139 3379 animadverte
3187 3322 3428 3376 mulieris
3457 3329 3715 3384 constan-

2108 3421 2257 3486 tiam,
2306 3427 2503 3489 quanta
2550 3417 2823 3471 alacritate
2873 3430 3133 3472 succensa
3185 3415 3373 3483 fuerit,
3418 3423 3617 3483 quanta
3658 3412 3713 3479 ip

2106 3512 2272 3566 Deum
2300 3510 2403 3565 ﬁde
2425 3508 2637 3564 incitata
2667 3507 2843 3571 fuerit,
2871 3521 2992 3561 cum
3015 3505 3225 3570 interim
3254 3504 3714 3583 visceraipsahut

2106 3606 2175 3659 ita
2206 3603 2401 3669 (licam,
2450 3618 2559 3673 prie
2587 3600 2775 3656 dolore
2818 3599 3232 3665 dissecarentur,
3278 3604 3335 3661 et
3377 3596 3539 3658 multa
3585 3596 3714 3660 ﬁlim

2105 3698 2572 3754 commiseratione
2602 3702 2874 3750 teneretur
2907 3709 2921 3746 :
2955 3707 3062 3756 non
3086 3700 3395 3756 aversatur,
3429 3706 3528 3749 nec
3566 3698 3713 3754 retro

2105 3790 2247 3857 cedit
2275 3790 2342 3844 ob
2363 3788 2509 3854 verbi
2531 3786 2907 3851 contumeliam
2932 3799 2947 3850 ;
2979 3783 3071 3838 sed
3095 3782 3275 3838 audito
3296 3782 3444 3836 canis
3469 3781 3710 3846 nomine,

2104 3884 2229 3940 honi
2280 3881 2526 3948 consulit,
2577 3890 2632 3935 et
2658 3879 2852 3934 fatetur
2880 3892 2939 3932 se
2969 3875 3244 3939 catellum,
3279 3883 3338 3928 ut
3365 3888 3395 3927 a
3426 3888 3617 3928 canum
3648 3872 3713 3935 lia

2106 3976 2323 4033 beretur
2368 3973 2604 4038 feritate,
2638 3979 2693 4026 et
2722 3972 2775 4026 in
2805 3969 3038 4024 ﬁliorum
3076 3966 3255 4022 statim
3282 3965 3542 4035 allegatur
3566 3962 3713 4029 ordi-

2106 4084 2250 4127 nem.
2284 4066 2421 4129 Διιάὶ
2455 4065 2670 4120 tandem
2717 4061 2844 4133 quid
2891 4060 2959 4115 ad
3005 4059 3121 4114 hate
3167 4058 3362 4113 mulier
3407 4055 3712 4128 dixerittut

2103 4160 2280 4216 discas
2308 4168 2565 4229 quantum
2595 4171 2658 4210 ex
2691 4152 3170 4223 procrastinatione
3214 4148 3309 4203 Dei
3340 4148 3546 4203 lucrum
3574 4162 3709 4210 cun-

2103 4244 2342 4301 cedatur.
2373 4242 2489 4297 Non
2520 4241 2693 4295 solum
2720 4242 2862 4294 enim
2887 4253 2994 4292 non
3022 4234 3203 4305 abegit
3228 4233 3507 4289 mulierem
3536 4231 3709 4291 dicto-

2104 4354 2225 4392 rum
2251 4337 2532 4405 asperitas,
2563 4333 2656 4389 sed
2687 4332 2737 4387 in
2763 4332 3021 4400 majorem
3049 4326 3378 4382 alacritatem
3409 4323 3662 4379 excitavit
3687 4336 3706 4377 :

2093 4444 2297 4503 (nempe
2324 4437 2603 4497 postquam
2656 4423 2857 4478 audivit
2888 4421 3003 4475 hmo
3024 4418 3215 4501 verba,
3244 4415 3415 4499 inquit
3447 4433 3462 4471 :
3493 4412 3665 4467 Etiam
3689 4454 3706 4480 ,

2108 4520 2358 4584 Domine;
2388 4533 2506 4581 nam
2549 4526 2596 4570 et
2635 4514 2984 4568 catelliedunt
3024 4500 3099 4565 Vde
3126 4509 3279 4575 micis
3310 4521 3423 4578 quo;
3460 4505 3709 4569 cadmina

2104 4627 2278 4665 mensa
2306 4610 2631 4673 dominorum
2661 4622 2869 4671 suorum
2898 4603 3058 4681 (Ibid.
3082 4618 3130 4656 υ.
3162 4601 3276 4671 27).

2183 4703 2489 4759 Chanamete
2523 4700 2650 4769 ﬁdes
2676 4692 3203 4762 laudatum—Vidisti
3232 4705 3408 4763 quare
3426 4688 3704 4758 hucusque

2104 4793 2412 4851 distulerit?
2442 4791 2513 4849 Ut
2533 4807 2628 4863 per
2652 4789 2813 4845 verba
2836 4785 3075 4843 mulieris
3098 4783 3257 4838 ﬁdem
3286 4782 3426 4837 illius
3452 4780 3705 4836 eximiam

2102 4889 2391 4943 discamus.
2447 4884 2577 4949 Vide
2618 4884 2761 4945 enim
2805 4877 3072 4951 quomodo
3116 4876 3294 4930 statim
3324 4889 3444 4933 eam
3474 4873 3708 4928 laudavit

2092 4984 2156 5037 et
2182 4978 2459 5036 coronavit
2500 4977 2759 5031 Dominus
2780 5015 2794 5036 ,
2825 4974 3011 5028 dicens
3040 4987 3055 5026 :
3087 4968 3131 5024 0
3180 4968 3381 5036 mulier,
3413 4982 3597 5037 magna
3636 4974 3709 5019 est

2103 5077 2229 5145 ﬁdes
2261 5083 2345 5127 tua
2368 5070 2527 5144 (Ibid.
2554 5067 2737 5137 v.28).
2765 5065 2936 5143 Quam
2964 5059 3223 5133 principio
3244 5073 3418 5129 neque
3446 5070 3706 5126 responso

2102 5165 2442 5236 dignabatur,
2489 5175 2611 5218 cum
2665 5156 3018 5213 admiratione
3063 5162 3118 5209 et
3172 5150 3418 5206 laudibus
3465 5148 3703 5205 dimittit.

2104 5248 2319 5326 Magna,
2348 5252 2537 5323 inquit,
2568 5258 2641 5305 est
2662 5248 2788 5319 ﬁdes
2815 5256 2922 5299 tua.
2951 5245 3080 5300 Erat
3105 5243 3247 5299 enim
3273 5255 3461 5297 revera
3486 5252 3701 5308 magna,

2090 5335 2246 5419 quod
2276 5360 2397 5401 cum
2422 5343 2630 5399 videret
2653 5340 2822 5399 semel
2843 5350 3003 5407 atque
3030 5341 3225 5393 iterum
3255 5344 3310 5391 et
3332 5333 3528 5402 saepius
3551 5344 3705 5384 aver-

2101 5450 2307 5507 santem
2330 5451 2543 5515 preces,
2570 5450 2679 5495 non
2708 5434 2919 5503 segnior
2945 5428 3083 5484 facta
3115 5426 3293 5493 fuerit,
3324 5438 3499 5493 neque
3524 5428 3704 5515 retro-

2100 5509 2348 5598 eesserit,
2393 5527 2489 5585 sed
2532 5522 2948 5598 perseverantiae
2985 5518 3299 5575 assiduitate
3335 5509 3704 5587 provocat-erit

2088 5623 2411 5688 'Domipum,
2441 5620 2513 5681 ita
2552 5628 2610 5683 ut
2649 5615 2757 5671 voti
2786 5627 3007 5683 compos
3048 5610 3223 5665 ﬁeret.
3255 5605 3378 5662 Fiat
3398 5604 3546 5670 enim
3576 5599 3698 5667 tibi,

2099 5717 2431 5791 iuquit,sicut
2460 5714 2550 5785 eis.
2577 5702 2764 5773 Vidisti
2793 5705 3060 5781 quomodo
3081 5704 3169 5774 qui
3191 5702 3339 5771 prius
3362 5698 3502 5755 illam
3524 5708 3707 5773 neque
