4092 6408
360 318 467 375 355

361 444 620 503 responso
647 428 895 499 dignatus
943 426 1132 491 fuerat,
1163 440 1303 479 nunc
1348 421 1714 493 largitionibus
1739 416 1951 473 certat?

360 525 478 585 Non
508 520 652 578 enim
679 519 995 590 simpliciter
1023 517 1209 571 annuit
1236 517 1480 586 precibus
1506 513 1667 578 illius,
1700 510 1792 565 sed
1825 525 1959 579 pra:-

359 617 558 671 dicavit
586 624 640 670 et
684 612 974 671 celebravit
1001 610 1164 665 illam.
1210 609 1339 663 Nam
1372 605 1620 671 dicendo,
1654 602 1698 657 0
1737 600 1956 667 mulier,

363 703 703 771 monstravit,
731 704 999 776 quomodo
1024 702 1179 756 fidem
1200 700 1317 772 ejus
1341 699 1682 769 Obstupescat
1699 711 1713 749 :
1732 691 1960 748 dicendo

362 806 563 863 autem,
596 794 790 867 Magna
831 804 903 849 est
934 793 1061 864 ﬁdes
1102 804 1209 855 tua,
1239 790 1456 846 divitias
1483 802 1692 858 quoque
1722 784 1960 839 mulieris

360 886 615 944 extendit.
647 885 847 941 Deinde
894 884 1064 955 inquit
1095 900 1109 935 :
1145 880 1264 936 Fiat
1306 880 1393 934 tibi
1417 879 1545 933 sicut
1573 878 1664 931 vis.
1692 874 1959 943 Quantum

360 984 463 1051 vis,
495 991 749 1056 quantum
775 980 956 1036 animo
981 978 1240 1048 concipis,
1274 986 1479 1030 tantum
1526 970 1762 1043 prtcbeo.
1792 967 1958 1022 Tanta

361 1076 506 1130 enim
543 1084 628 1130 tua
659 1071 1059 1145 perseverantia
1099 1069 1315 1139 dignam
1346 1077 1398 1121 te
1426 1061 1715 1118 declaravit
1756 1068 1843 1113 tua
1872 1073 1964 1128 pe-

366 1166 578 1221 titione.
604 1163 825 1219 Vidistis
853 1161 1090 1217 mulieris
1116 1156 1471 1214 coustantiam
1492 1154 1516 1208 ?
1539 1150 1744 1207 vidistis
1769 1146 1962 1203 divina:

367 1256 639 1315 dilationis
687 1270 935 1320 causam,
980 1251 1231 1311 videlicet
1275 1257 1332 1302 ut
1374 1245 1648 1300 mulierem
1679 1240 1961 1296 clariorem

369 1346 656 1403 redderet?
684 1344 987 1403 Redeamus
1016 1351 1216 1405 autem,
1244 1338 1288 1393 si
1319 1336 1511 1408 placet,
1539 1332 1608 1388 ad
1636 1329 1963 1403 propositam

368 1439 665 1503 historiam,
695 1446 746 1491 et
775 1435 1045 1490 discamus
1079 1439 1295 1503 propter
1333 1427 1461 1484 nihil
1486 1424 1625 1479 aliud
1658 1421 1967 1493 promissio-

367 1546 465 1587 nes
507 1528 828 1608 patriarcha:
860 1526 1027 1581 factas
1073 1532 1152 1578 tot
1198 1521 1352 1578 annis
1383 1519 1606 1590 implere
1648 1513 1963 1608 distulisse,

370 1604 529 1695 quam
564 1629 621 1676 ut
647 1621 809 1675 multa
840 1633 961 1675 cum
1010 1616 1177 1684 gloria
1202 1629 1295 1669 eas
1326 1613 1399 1667 illi
1426 1609 1766 1672 concederet,
1794 1604 1969 1661 omnip

367 1715 575 1786 lausque
605 1708 1065 1780 monstraretjusti
1095 1707 1275 1762 ﬁdem.
1301 1705 1503 1761 ldcirco
1525 1702 1671 1766 dicit,
1692 1699 1967 1770 Postquam

369 1810 540 1864 decem
587 1822 745 1859 annos
795 1804 947 1857 simul
994 1803 1263 1855 habitasset
1305 1800 1358 1852 in
1407 1808 1539 1851 terra
1595 1794 1970 1851 Clianaan:ut

373 1898 548 1954 discas
574 1906 831 1968 quantum
864 1894 1209 1966 pra:t.eriisset
1238 1888 1495 1960 temporis
1519 1903 1582 1942 ex
1612 1902 1717 1958 quo
1745 1883 1972 1956 promis-

370 1991 552 2046 siones
572 1990 885 2058 accepisset.
908 1986 1097 2041 Statim
1114 1983 1255 2038 enim
1281 1992 1338 2037 ut
1358 1981 1504 2036 venit
1521 1981 1571 2033 in
1588 1978 1966 2038 Chananaaam,

369 2082 574 2139 audivit
606 2100 617 2135 :
650 2080 844 2136 Semiui
865 2088 950 2133 tuo
981 2077 1109 2131 dabo
1139 2087 1322 2131 terram
1349 2076 1478 2128 hanc
1504 2088 1525 2128 :
1553 2082 1609 2128 et
1631 2080 1776 2126 tanto
1804 2071 1971 2123 inter-

376 2177 519 2233 vallo
548 2173 806 2245 temporis
834 2171 1037 2241 absque
1066 2170 1247 2224 liberis
1293 2174 1585 2229 manserat,
1614 2162 1973 2231 sterilitasque

373 2268 522 2325 Sane
552 2266 766 2319 interim
806 2261 1116 2332 augebatur.
1146 2257 1212 2312 Et
1238 2257 1396 2327 dedit,
1437 2255 1628 2327 inquit,
1662 2253 1800 2325 Agar
1825 2251 1974 2306 Abrte

374 2356 482 2415 viro
510 2371 603 2410 suo
632 2354 683 2407 in
709 2368 939 2407 uxorem.

447 2449 505 2503 4.
539 2447 672 2501 Vide
697 2455 892 2516 quanta
916 2444 1075 2499 etiam
1097 2441 1225 2497 olim
1246 2437 1577 2510 philosophia
1608 2436 1745 2507 apud
1766 2443 1974 2490 veteres

375 2539 763 2603 exercebatur;
804 2534 1073 2607 quomodo
1124 2543 1179 2589 et
1220 2532 1323 2587 viri
1368 2538 1728 2601 temperantes
1779 2535 1972 2590 erant,

377 2646 733 2703 magnamque
777 2628 1122 2685 continentia:
1152 2625 1418 2681 habebant
1463 2626 1745 2686 rationem,
1775 2636 1836 2676 ac
1860 2636 1977 2681 mu-

377 2726 538 2781 lieres
568 2720 844 2795 zelotypia:
872 2720 1123 2777 carebant
1144 2719 1291 2772 vitio.
1325 2716 1503 2771 Dedita
1526 2716 1669 2771 enim
1692 2728 1855 2784 Opera
1877 2727 1975 2767 sre-

378 2820 500 2891 pius
527 2816 658 2872 dicit
678 2818 946 2885 Scriptura
974 2832 986 2868 :
1012 2812 1079 2868 Et
1103 2822 1155 2866 ut
1176 2812 1293 2866 tulit
1322 2810 1457 2867 Sara
1473 2808 1689 2880 Agarem
1711 2807 1975 2860 ancillam:

376 2917 433 2963 et
462 2909 651 2962 iterum
682 2924 694 2959 :
728 2904 884 2960 Dedit
912 2921 1023 2958 eam
1044 2904 1098 2957 in
1140 2919 1352 2957 uxorem
1383 2917 1400 2956 :
1429 2910 1488 2955 ut
1515 2900 1688 2955 discas
1712 2896 1979 2968 quomodo

378 3000 580 3067 absque
603 2997 765 3053 animi
790 2994 1107 3065 aegritudine
1133 2994 1405 3063 negotium
1429 2991 1619 3061 egerit,
1644 2998 1700 3044 et
1725 2998 1980 3059 quantum

380 3091 523 3162 apud
553 3106 648 3146 eos
678 3099 820 3146 esset
851 3088 1059 3144 virtutis
1104 3086 1360 3141 studium.
1387 3085 1441 3139 4.
1472 3082 1541 3138 Ει
1570 3084 1825 3155 ingressus
1869 3090 1941 3135 est
1960 3120 1977 3146 ,

380 3181 572 3252 inquit,
603 3182 671 3234 ad
712 3180 869 3251 Agar,
920 3188 970 3235 et
1017 3178 1264 3247 concepit.
1321 3176 1455 3232 Vide
1505 3174 1776 3247 quomodo
1824 3173 1983 3228 discit

380 3276 537 3341 Sara,
567 3290 673 3328 non
699 3272 903 3343 justum
931 3272 984 3326 in
1010 3286 1171 3326 causa
1202 3270 1385 3335 fuisse,
1412 3270 1555 3341 quod
1575 3276 1819 3324 carerent
1838 3266 1980 3332 filiis,

380 3366 478 3423 sed
527 3380 622 3420 sua
671 3364 852 3434 potius
898 3363 1153 3419 sterilitas
1185 3379 1199 3420 :
1227 3361 1406 3417 statim
1448 3361 1592 3415 enim
1635 3374 1984 3430 congressum

384 3473 511 3514 cum
538 3456 731 3511 ancilla
780 3454 1105 3524 subsequuta
1133 3462 1216 3509 est
1245 3453 1542 3523 conceptio.
1572 3451 1835 3507 Caeterum
1863 3450 1985 3507 vide

381 3560 441 3608 et
465 3550 674 3606 ancilla:
704 3549 972 3621 ingratum
1006 3548 1247 3603 animum
1267 3587 1281 3611 ,
1311 3555 1365 3603 et
1394 3545 1666 3601 muliebris
1709 3559 1869 3601 sexus
1898 3544 1985 3599 in-

383 3644 693 3703 ﬁrmitatem
724 3660 737 3697 :
765 3651 825 3698 ut
850 3641 1031 3697 discas
1067 3640 1235 3699 etiam
1260 3641 1363 3695 hoc
1391 3640 1509 3695 loco
1536 3639 1850 3710 patriarchae
1880 3638 1985 3693 mi-

385 3752 504 3792 ram
527 3736 822 3791 lenitatem.
856 3734 924 3789 Et
963 3734 1110 3801 vidit,
1139 3734 1332 3804 inquit,
1363 3733 1499 3804 quod
1527 3742 1726 3787 uterum
1757 3742 1944 3804 gereret
1969 3773 1983 3798 ,

378 3822 434 3880 et
461 3836 746 3896 contempta
787 3834 860 3879 est
906 3823 1113 3879 domina
1157 3840 1332 3878 coram
1368 3840 1448 3879 ea.
1496 3823 1590 3879 Ille
1637 3825 1780 3878 enim
1822 3824 1989 3879 ferme

386 3932 666 3974 servorum
696 3932 815 3973 mos
865 3924 969 3984 est,
1022 3925 1081 3971 ut
1117 3931 1239 3971 eum
1288 3930 1473 3986 parum
1519 3916 1883 3986 prosperitatis
1911 3915 1990 3969 eis

389 4010 701 4076 accesserit,
733 4019 1003 4080 nequeant
1028 4009 1169 4064 intra
1211 4024 1338 4065 suos
1367 4008 1565 4063 limites
1608 4022 1863 4075 manere;
1895 4006 1989 4063 sed

391 4103 575 4161 statim
603 4102 685 4156 sui
713 4100 920 4157 ordinis
948 4101 1351 4168 obliviscantur,
1384 4110 1441 4156 et
1470 4102 1661 4173 ingrati
1686 4101 1840 4156 facile
1864 4117 1989 4155 eva-

392 4192 524 4248 dant
554 4210 568 4248 :
598 4191 651 4247 id
682 4191 825 4263 quod
856 4201 915 4248 et
957 4193 1083 4248 huic
1124 4194 1329 4249 ancilla:
1373 4194 1583 4250 accidit.
1613 4192 1746 4249 Nam
1777 4202 1835 4249 ut
1863 4193 1994 4251 vidit

390 4286 534 4341 uteri
564 4285 849 4353 sarcinam,
883 4301 1058 4356 neque
1087 4285 1322 4341 dominae
1350 4286 1720 4342 admirabilem
1749 4286 1992 4358 philoso-

397 4378 599 4448 phiam,
629 4392 807 4447 neque
836 4392 948 4432 sure
971 4376 1293 4433 conditionis
1317 4378 1574 4433 vilitatem
1600 4378 1878 4449 cogitavit:
1899 4377 1993 4432 sed

396 4468 577 4526 inﬂata
608 4478 665 4526 et
690 4469 1005 4539 superbiens
1034 4468 1356 4540 contempsit
1387 4469 1679 4538 dominam,
1706 4486 1825 4541 quae
1850 4470 1994 4524 illam

396 4572 506 4626 tam
531 4561 958 4617 commendatam
988 4560 1247 4629 habebat,
1278 4571 1338 4617 ut
1380 4572 1435 4618 et
1480 4564 1533 4618 in
1560 4564 1658 4618 viri
1704 4563 1993 4621 thalamum

397 4653 724 4710 admitteret.
771 4652 910 4719 Quid
958 4652 1120 4724 igitur
1160 4652 1335 4709 Sara?
1371 4653 1424 4708 5.
1468 4652 1646 4721 Dixit,
1694 4655 1886 4724 inquit,
1928 4656 1996 4709 ad

398 4747 589 4807 Abram
612 4761 632 4804 :
663 4745 867 4813 Iniuria
896 4763 929 4801 a
947 4756 995 4802 te
1021 4747 1232 4823 aﬂicior.
1268 4746 1401 4801 Ecce
1428 4747 1543 4801 dedi
1569 4746 1810 4801 ancillam
1834 4763 1999 4801 meam

396 4841 452 4895 in
474 4840 645 4896 sinum
673 4849 815 4894 tuum
845 4854 865 4894 :
893 4854 1005 4911 quae
1028 4839 1148 4909 quia
1175 4838 1299 4893 vidit
1322 4838 1456 4909 quod
1476 4847 1674 4893 uterum
1694 4839 1844 4909 gerit,
1873 4855 1997 4892 con-

399 4930 611 5003 temptui
628 4945 804 4983 coram
819 4946 878 4983 ea
895 4929 1065 4983 habita
1083 4945 1214 4983 sum.
1236 4926 1441 4983 Judicet
1458 4926 1593 4982 Deus
1611 4927 1741 4983 inter
1758 4945 1838 4983 me
1862 4937 1909 4983 et
1930 4938 1998 4984 te.

399 5020 519 5088 llic,
549 5034 756 5090 qumso,
781 5020 1149 5075 animadverte
1177 5020 1546 5076 incredibilem
1587 5020 1919 5076 tolerantiam
1946 5030 2001 5076 et

402 5112 761 5169 reverentiam
786 5112 937 5183 justi,
969 5128 1127 5184 quam
1172 5127 1297 5183 erga
1326 5112 1514 5168 Saram
1555 5111 1865 5178 declaravit,
1905 5128 1999 5167 ve-

402 5205 547 5263 niam
590 5204 658 5259 ab
704 5218 768 5259 ea
810 5214 1001 5274 petens
1038 5214 1144 5259 tam
1190 5204 1458 5261 immerito
1504 5205 1696 5275 objecti
1738 5204 1999 5260 criminis.

397 5296 531 5362 Qum
569 5294 712 5350 enim
742 5295 989 5350 manibus
1019 5295 1269 5351 ancillam
1288 5297 1402 5351 viro
1431 5296 1741 5366 tradiderat,
1768 5305 1823 5352 et
1848 5296 2001 5351 dixe-

402 5398 489 5445 rat
521 5406 534 5443 :
563 5386 845 5457 Ingredere
871 5388 939 5441 ad
967 5388 1209 5442 ancillam
1251 5405 1455 5454 meam;
1502 5406 1622 5460 qua:
1646 5405 1676 5443 a
1715 5390 2002 5458 semetipsa

404 5490 461 5533 et
486 5494 579 5534 sua
608 5490 799 5550 sponte
820 5479 887 5535 ad
915 5495 1261 5552 congressum
1284 5481 1492 5538 hortata
1521 5481 1710 5550 fuerat,
1734 5483 1832 5537 ista
1860 5497 2004 5538 nunc

404 5580 608 5625 mutato
637 5571 819 5626 animo
849 5571 1041 5643 inquit,
1074 5571 1281 5642 Injuria
1316 5584 1418 5627 ate
1455 5574 1665 5643 aﬂicior.
1697 5574 1741 5631 Ο
1765 5573 1957 5629 mulier
1981 5612 1999 5641 ,

404 5661 660 5731 numquid
682 5662 801 5733 ipse
824 5661 892 5717 ad
912 5663 1119 5719 ancillae
1139 5679 1488 5735 congressum
1508 5665 1821 5722 festinavit?
1848 5680 2003 5721 num-

406 5748 533 5821 tprid
583 5753 990 5823 intemperantia
1039 5754 1372 5833 impellente,
1425 5757 1491 5815 ad
1535 5774 1645 5817 rem
1699 5757 1999 5817 habendam

1095 311 1151 367 S.
1193 306 1472 367 JOANNIS
1509 301 1982 363 CHRYSOSTOMI
2030 298 2345 356 ARCIIIEP.
2383 295 2917 356 CONSTANTINOP.

3537 294 3641 355 εδδ

2071 429 2191 469 cum
2223 412 2413 469 ancilla
2439 413 2797 470 acceleravit?
2826 415 2867 469 Α
2896 422 2949 470 te
2977 426 3264 485 persuasus
3289 423 3344 470 et
3372 424 3464 470 tuo
3492 432 3643 472 man-

2064 508 2190 563 dato
2235 509 2631 578 obtemperans,
2663 507 2769 563 hoc
2808 507 3021 562 tandem
3069 507 3211 564 fecit.
3251 507 3363 575 Qua
3397 518 3448 564 te
3491 509 3648 580 igitur

2066 600 2255 671 injuria
2301 601 2522 656 maritus
2562 599 2777 655 affecit?
2819 598 2951 653 Ecce
2978 599 3095 654 dedi
3139 600 3378 655 ancillam
3406 617 3566 654 meam
3594 604 3648 657 ir.

2064 694 2231 745 sinum
2261 702 2420 745 tuum.
2449 690 2503 748 Si
2539 692 2699 762 igitur
2725 690 2907 746 fateris
2931 699 2983 746 te
3007 691 3241 759 dedisse,
3273 707 3371 748 nec
3400 692 3509 763 ipse
3530 709 3645 748 eam

2065 798 2159 837 sua
2186 793 2377 854 sponte
2413 784 2698 855 acceperit,
2739 799 2903 855 quare
2941 784 3248 856 iniustitiam
3279 785 3649 857 improperas?

2067 876 2259 941 Etiam,
2294 876 2462 945 inquit
2485 892 2501 939 ;
2540 891 2661 930 nam
2689 877 2929 945 quamvis
2955 891 3055 947 ego
3074 875 3332 941 dederim,
3356 878 3448 933 sed
3466 879 3651 935 videns
3714 938 3717 941 ,

2066 967 2184 1036 ejus
2205 968 2580 1034 temeritatem,
2611 966 2844 1023 debebas
2880 967 3135 1024 cohibere
3171 977 3402 1024 mentem
3429 978 3534 1023 tam
3563 986 3653 1040 pe-

2068 1058 2348 1113 tulantem.
2391 1056 2531 1111 Nam
2574 1067 2630 1111 ut
2667 1058 2790 1112 vidit
2818 1074 2871 1112 se
2907 1069 3104 1112 uterum
3143 1075 3330 1130 gerere,
3359 1062 3652 1131 contempsit

2069 1165 2165 1203 me.
2194 1148 2397 1203 Judicet
2445 1147 2580 1203 Deus
2608 1148 2740 1202 inter
2789 1162 2869 1203 me
2913 1158 2960 1204 et
2987 1158 3053 1204 te.
3086 1149 3219 1206 Vere
3259 1150 3374 1206 haec
3416 1152 3654 1206 mulieris

2066 1240 2229 1297 verba
2257 1249 2399 1305 sunt,
2439 1249 2490 1296 et
2534 1240 2728 1295 infirmi
2769 1241 2909 1297 illius
2933 1257 3091 1298 sexus
3117 1259 3133 1309 ;
3163 1242 3246 1297 bis
3274 1244 3413 1299 cnim
3454 1244 3564 1300 fere
3594 1247 3656 1300 il-

2070 1331 2180 1390 lum
2201 1332 2521 1402 alloquitur:
2547 1332 2659 1405 Ego
2692 1334 2904 1405 quidem
2929 1335 3173 1391 volebam
3200 1347 3345 1392 tuum
3370 1354 3655 1395 maerorem

2070 1424 2251 1490 solari,
2282 1439 2438 1496 quem
2465 1422 2631 1481 habes
2657 1440 2721 1482 ex
2751 1426 2911 1496 prolis
2950 1427 3165 1498 inopia;
3215 1438 3321 1484 tam
3362 1430 3655 1502 officiosam

2070 1530 2132 1571 ea
2162 1516 2213 1571 in
2245 1531 2303 1572 re
2331 1530 2417 1572 me
2445 1518 2673 1587 praebui.
2717 1525 2776 1573 ut
2801 1526 2857 1573 et
2892 1519 3140 1575 ancillam
3174 1536 3349 1577 meam
3375 1523 3508 1577 meis
3546 1539 3659 1579 ma-

2072 1608 2227 1663 nibus
2273 1609 2575 1674 traderem,
2620 1618 2678 1666 et
2723 1610 2790 1666 ad
2830 1626 3176 1683 congressum
3222 1614 3532 1671 cohortarer
3561 1636 3575 1671 :
3601 1627 3659 1674 tu

2072 1709 2249 1755 autem
2282 1700 2469 1757 videns
2511 1701 2649 1757 hanc
2692 1702 2816 1759 inde
2854 1702 2970 1759 ﬁeri
3014 1706 3417 1775 petulantiorem
3445 1718 3662 1778 propter

2074 1790 2209 1846 uteri
2237 1793 2522 1860 sarcinam,
2554 1802 2609 1849 et
2628 1809 2821 1865 magno
2859 1796 2997 1850 fastu
3018 1795 3212 1864 inﬂari,
3238 1813 3358 1853 eum
3388 1798 3663 1856 debuisses

2074 1883 2367 1953 reprimere
2394 1893 2447 1939 et
2487 1885 2671 1940 ulcisci
2719 1886 2835 1955 ejus
2870 1887 2921 1942 in
2950 1903 3037 1943 me
3080 1888 3316 1958 injurias,
3344 1889 3397 1945 id
3437 1906 3541 1946 non
3587 1892 3665 1948 τεο

2074 1975 2195 2031 ciSIi
2222 1994 2235 2039 ;
2266 1975 2359 2031 sed
2382 1976 2531 2047 quasi
2561 1978 2797 2033 omnium
2823 1979 3058 2048 priorum
3084 1980 3301 2048 oblitus,
3324 1998 3411 2037 me
3434 1983 3666 2054 despicis

2075 2068 2237 2122 etiam
2278 2076 2355 2136 tu,
2400 2084 2486 2124 me
2513 2084 2631 2138 qua:
2676 2077 2848 2124 tecum
2895 2080 2971 2125 tot
3007 2073 3161 2129 annis
3205 2070 3454 2140 habitavi,
3501 2085 3556 2131 et
3596 2075 3667 2130 ab

2075 2158 2326 2230 Egyptia
2378 2159 2569 2217 ancilla
2611 2176 2729 2215 mea
2758 2170 3090 2217 contemnor.
3123 2163 3326 2219 Judicet
3370 2164 3503 2221 Deus
3538 2167 3668 2222 inter

2077 2268 2157 2304 me
2182 2260 2230 2304 et
2253 2261 2320 2306 te.
2352 2250 2590 2306 Dolentis
2618 2253 2807 2307 animae
2837 2253 3018 2308 vcrba.
3048 2254 3115 2309 Et
3141 2255 3242 2311 nisi
3272 2258 3433 2313 tantis
3460 2258 3669 2314 virtuti-

2077 2341 2177 2399 bus
2207 2343 2462 2413 przrditus
2486 2342 2672 2400 fuisset
2696 2344 3015 2415 patriarcha,
3044 2355 3099 2402 et
3123 2347 3175 2401 in
3200 2357 3342 2404 tanta
3372 2353 3669 2411 reverentia

2079 2433 2266 2489 Saram
2297 2434 2588 2500 habuisset,
2617 2450 2759 2505 aegre
2787 2435 2997 2492 tulisset
3037 2436 3151 2491 haec
3179 2440 3361 2505 verba,
3403 2451 3457 2495 et
3490 2456 3557 2495 ex
3584 2442 3669 2496 di.-

2079 2535 2287 2582 ctorum
2320 2528 2605 2598 asperitate
2641 2528 2882 2584 dolorem
2912 2532 3261 2601 concepisset.
3309 2533 3503 2589 Verum
3553 2537 3671 2591 cxi.-

2080 2619 2218 2675 mius
2247 2619 2338 2675 ille
2378 2621 2445 2675 ad
2487 2635 2647 2677 sexus
2686 2621 3021 2692 fragilitatem
3066 2632 3334 2694 spectans,
3379 2643 3588 2683 omnem
3619 2630 3673 2687 ei

2081 2712 2291 2766 veniam
2339 2712 2506 2770 dedit.
2554 2711 2761 2768 Judicet
2808 2713 2947 2769 Deus
2992 2717 3122 2771 inter
3171 2734 3249 2773 me
3285 2729 3331 2773 et
3376 2730 3439 2775 te.
3488 2721 3673 2791 Cogita

2081 2815 2333 2876 quantam
2368 2822 2482 2861 rem
2511 2808 2732 2879 egerim,
2766 2817 2823 2863 ut
2852 2818 2901 2864 te
2925 2810 3254 2879 consolarer,
3285 2812 3469 2868 volens
3500 2823 3550 2869 te
3592 2816 3676 2871 vel

2084 2896 2137 2951 in
2168 2906 2442 2954 senectute
2467 2909 2671 2969 patrem
2702 2903 2901 2966 vocari,
2929 2902 3177 2959 ancillam
3215 2920 3391 2959 meam
3419 2905 3472 2960 in
3506 2906 3676 2976 digni-

2086 2996 2248 3045 tatem
2278 3004 2453 3045 meam
2482 2991 2627 3046 erexi
2658 3009 2671 3046 :
2702 3001 2754 3046 tu
2785 3002 2959 3048 autem
2986 2993 3170 3050 videns
3197 2996 3340 3051 illam
3371 3006 3476 3051 tam
3503 2999 3679 3069 ingra-

2089 3090 2217 3149 tam,
2253 3098 2359 3138 non
2388 3084 2531 3139 ultus
2560 3099 2642 3151 es,
2675 3100 2780 3139 non
2809 3086 3101 3155 rependisti
3129 3088 3259 3144 mihi
3288 3090 3432 3145 vices
3456 3091 3676 3147 benevo-

2086 3176 2264 3232 lentia:
2286 3192 2446 3249 quam
2475 3178 2525 3232 in
2558 3187 2609 3234 te
2642 3178 2928 3235 declaravi.
2956 3180 3163 3236 Judicet
3202 3182 3341 3237 Deus
3364 3184 3492 3238 inter
3526 3202 3605 3239 me
3629 3197 3680 3242 et

2088 3279 2154 3323 te.
2190 3268 2304 3335 ille,
2336 3270 2528 3341 inquit,
2574 3272 2664 3341 qui
2707 3271 3018 3328 abscondita
3046 3276 3283 3330 omnium
3310 3277 3549 3334 eordium
3579 3295 3679 3333 no-

2088 3361 2187 3426 vit,
2215 3360 2329 3431 ipse
2358 3361 2460 3416 erit
2484 3361 2644 3431 iudex
2688 3362 2830 3420 inter
2859 3378 2958 3419 nos
2991 3383 3005 3419 :
3034 3375 3087 3421 et
3126 3368 3394 3437 quomodo
3421 3384 3521 3439 ego
3559 3370 3681 3440 qui—

2088 3453 2209 3507 dem
2239 3452 2394 3508 victis
2418 3455 2665 3510 omnibus
2704 3455 3070 3513 affectionibus
3096 3465 3237 3513 tuam
3260 3461 3682 3519 consolationem

2089 3559 2225 3598 mea:
2263 3545 2498 3614 praetuli,
2536 3546 2666 3600 etin
2704 3546 2898 3601 lectum
2927 3564 3105 3603 meum
3131 3550 3376 3606 ancillam
3403 3567 3574 3607 meam
3604 3554 3683 3607 in-

2090 3634 2219 3691 duxi
2254 3652 2267 3691 :
2300 3636 2413 3705 ipse
2433 3648 2611 3692 autem
2632 3637 2766 3693 nihil
2793 3653 2979 3694 eorum
3002 3656 3121 3710 quae
3143 3656 3172 3695 a
3198 3656 3285 3698 me
3306 3640 3441 3697 facta
3462 3653 3604 3708 sunt,
3629 3644 3681 3698 in

2092 3739 2329 3784 mentem
2379 3730 2686 3806 accipiens,
2734 3733 2998 3801 permittis
3039 3734 3113 3788 illi
3173 3744 3232 3790 ut
3274 3748 3463 3791 contra
3509 3753 3683 3791 meam

2096 3823 2336 3894 insurgat
2380 3823 2692 3883 lenitatem:
2726 3841 2827 3881 nec
2870 3826 3145 3882 audaciam
3191 3829 3456 3899 reprimis,
3510 3845 3686 3899 neque

2095 3916 2354 3986 ingratam
2385 3918 2631 3988 castigas.
2664 3918 2800 3987 Quid
2824 3919 2986 3989 igitur
3025 3920 3244 3977 adamas
3274 3922 3380 3987 ille,
3415 3921 3567 3977 fortis
3598 3922 3686 3978 ille

2096 4011 2191 4066 Dei
2217 4012 2437 4078 athleta,
2468 4012 2557 4082 qui
2582 4013 2815 4083 undique
2837 4027 3066 4069 coronas
3090 4013 3193 4069 sibi
3223 4015 3523 4086 plectebat?
3548 4016 3688 4070 Mon-

2095 4113 2273 4161 strans
2299 4105 2460 4161 etiam
2493 4106 2545 4159 in
2591 4106 2691 4160 hoc
2734 4121 2885 4161 suam
2912 4107 3184 4173 virtutem,
3225 4107 3344 4163 vide
3384 4108 3509 4177 quid
3544 4107 3688 4162 dicat

2096 4197 2145 4252 ei
2180 4215 2193 4251 :
2224 4197 2277 4251 6.
2310 4197 2444 4252 Ecce
2496 4199 2684 4253 ancilla
2727 4208 2816 4252 tua
2860 4199 2914 4253 in
2957 4200 3190 4254 manibus
3217 4201 3355 4254 tuis:
3382 4211 3521 4254 utere
3546 4218 3604 4255 ea
3631 4213 3689 4255 ut

2098 4290 2186 4343 tibi
2211 4289 2403 4343 libitum
2430 4291 2599 4360 fuerit.
2634 4289 2825 4359 Ingens
2858 4291 3003 4359 justo
3027 4292 3235 4347 virtutis
3272 4291 3526 4356 studium,
3552 4292 3686 4345 mira

2099 4380 2395 4437 tolerantia:
2410 4380 2868 4437 excellentia.Non
2885 4382 3053 4436 solum
3069 4387 3216 4443 enim
3226 4398 3333 4441 non
3344 4383 3685 4454 azgretulitea

2098 4488 2217 4544 qua:
2244 4471 2372 4528 Sara
2394 4472 2623 4539 dixerat,
2651 4472 2745 4528 sed
2769 4483 2823 4528 et
2849 4472 3138 4528 admodum
3163 4483 3441 4528 mauSuetc
3466 4489 3689 4544 respon-

2100 4566 2179 4622 dit
2214 4574 2273 4621 et
2299 4566 2469 4636 inquit
2493 4584 2505 4619 :
2534 4565 2834 4636 Suspiearis
2858 4581 2945 4622 me
2964 4574 3236 4621 auctorem
3266 4580 3388 4622 esse
3410 4575 3690 4621 contume-

2100 4659 2290 4714 liarum
2350 4659 2539 4729 quibus
2566 4659 2754 4714 affecta
2782 4673 2861 4726 es,
2894 4667 2948 4713 et
2976 4668 3131 4729 putas
3152 4672 3239 4712 me
3263 4657 3517 4711 obiectari
3550 4657 3602 4710 in
3625 4656 3691 4711 iis

2100 4765 2221 4820 qua:
2262 4750 2453 4804 ancilla
2497 4748 2778 4805 adversum
2827 4758 2881 4803 te
2922 4764 3052 4805 ausa
3095 4748 3216 4817 fuit,
3247 4749 3494 4819 quoniam
3523 4748 3691 4805 semel

2102 4841 2515 4896 communicavit
2540 4840 2669 4895 mihi
2712 4842 2765 4895 in
2810 4841 2949 4896 lecto
2980 4840 3163 4895 :disee
3203 4855 3291 4895 me
3321 4848 3375 4894 et
3418 4834 3691 4910 primum,

2103 4933 2207 4988 nisi
2247 4932 2349 4987 hoc
2389 4934 2743 5003 suscepissem
2782 4940 2842 4987 ut
2883 4932 2977 4988 tibi
3015 4932 3362 5002 gratificarer,
3405 4946 3692 5000 numquam

2104 5024 2462 5079 admissurum
2491 5023 2653 5079 fuisse
2678 5023 2923 5078 ancillam
2951 5023 3002 5077 in
3031 5022 3224 5077 lectum
3256 5031 3401 5075 tuum
3436 5038 3449 5074 :
3482 5036 3695 5075 verum-

2105 5122 2282 5169 tamen
2330 5122 2469 5169 utre
2500 5112 2613 5183 ipsa
2653 5115 2849 5168 certior
2899 5115 3014 5179 tias,
3059 5128 3183 5168 ecce
3227 5114 3279 5167 in
3319 5111 3560 5166 manibus
3592 5112 3697 5165 tuis

2105 5213 2188 5259 est
2212 5219 2226 5268 ;
2252 5211 2402 5259 utere
2446 5219 2510 5259 ea
2540 5214 2597 5258 ut
2624 5204 2716 5258 tibi
2760 5203 3038 5274 placuerit.
3066 5202 3200 5257 Num
3229 5202 3348 5272 quis
3374 5211 3694 5272 potestatem

2106 5305 2251 5351 tuam
2296 5296 2527 5351 minuit?
2557 5312 2683 5351 num
2725 5296 3020 5352 dominium
3065 5296 3118 5349 in
3148 5310 3267 5351 eam
3293 5310 3324 5348 a
3369 5303 3422 5349 te
3458 5294 3695 5349 ablatum

2106 5388 2232 5444 est?
2258 5387 2391 5443 Nam
2431 5389 2557 5444 licet
2595 5404 2716 5444 cum
2762 5404 2825 5444 ea
2850 5402 3170 5458 congressus
3202 5386 3415 5451 luerim,
3444 5386 3591 5440 salva
3619 5395 3699 5439 ta-

2106 5495 2230 5535 men
2256 5479 2430 5534 adhuc
2455 5489 2541 5535 est
2565 5480 2619 5534 in
2641 5494 2759 5534 eam
2788 5488 3022 5549 potestas
3047 5489 3157 5543 tua,
3185 5478 3299 5547 ipsa
3325 5477 3425 5533 sub
3449 5476 3699 5531 manibus

2109 5572 2213 5627 tuis
2256 5584 2376 5639 est;
2404 5573 2552 5644 puni,
2598 5573 2819 5644 castiga,
2863 5572 3121 5642 increpa:
3154 5578 3215 5625 ut
3260 5568 3492 5624 volueris
3520 5576 3575 5623 et
3605 5568 3698 5622 tibi

2109 5666 2391 5736 placuerit,
2428 5668 2506 5722 sic
2534 5666 2693 5721 facito
2721 5681 2842 5720 cum
2866 5680 2928 5720 ea
2953 5681 2969 5730 ;
3013 5670 3215 5719 tantum
3242 5677 3311 5718 ne
3337 5671 3657 5716 succenseas
3678 5696 3697 5723 ,

2110 5765 2313 5816 tantum
2345 5774 2411 5816 ne
2441 5758 2568 5815 mihi
2596 5760 2838 5830 imputes,
2862 5774 2978 5830 quae
3009 5758 3093 5814 illa
3121 5756 3417 5829 petulanter
3445 5752 3570 5823 egit.
3592 5748 3696 5805 Ne-
