4092 6408
205 411 318 471 355

1305 405 1371 464 IN
1409 403 1564 463 CAP.
1604 401 1721 458 XVI
1760 397 2004 458 GENES.
2045 396 2278 455 ΠΟΜΠ..
2321 399 2602 458 XXXVIII.

3553 379 3663 452 556

205 527 400 592 ἁπλῶς
425 527 562 598 αὐτῇ
601 526 846 607 ⁸παρέσχε
883 525 982 598 τὴν
1014 523 1254 596 αἴτησιν,
1286 503 1424 577 ἀλλὰ
1453 518 1754 591 ἀνεκήρυξε
1793 516 1888 570 καὶ
1992 531 2082 578 νος
2111 515 2206 569 καὶ
2233 513 2312 586 τῷ
2341 515 2419 586 σῷ
2439 516 2783 607 ἐπιτάγματι
2809 511 3300 607 τοῦτοιπεποίηκε.
3329 510 3398 564 Τί
3423 505 3513 607 οὐξι
3543 513 3666 581 ἡδί-ς

211 617 590 686 ἐστεφάνωσε·
618 605 816 687 καὶτῷ
851 616 1046 679 εἰπεῖν,
1067 608 1136 667 Ὦ
1165 613 1363 683 γύναι,
1385 608 1587 676 ἔδειξεν
1615 608 1762 670 ὅπως
1789 605 1888 657 αὐ-

207 706 314 776 τῆς
340 705 440 776 τὴν
469 704 650 759 πίστιν
681 703 956 774 ἐξεπλάγη
977 721 992 734 ·
1029 703 1125 757 καὶ
1153 700 1234 772 τῷ
1263 701 1459 761 εἰπεῖν,
1497 695 1741 767 Μεγάλη
1771 710 1888 776 σου

210 774 534 854 ή-πίστις,
565 786 870 858 κατάδηλον
918 789 1053 858 ἡμῖν
1100 784 1324 854 ἐποίησε
1356 782 1458 852 τῆς
1503 777 1760 848 γυναικὸς
1795 774 1889 829 τὸν

210 871 462 927 πλοῦτον.
508 870 643 927 Εἶτά
687 891 842 944 φησι,
867 871 1186 942 Γενηθήτω
1219 886 1318 925 σοι
1351 870 1432 936 ὡς
1472 867 1688 930 θέλεις.
1723 865 1887 934 Ὅσον

212 959 420 1030 βούλει,
447 961 571 1015 ὅσον
599 961 794 1027 θέλεις,
828 961 1083 1016 τοσοῦτον
1111 959 1358 1030 παρέχω.
1401 957 1467 1010 Ἡ
1503 955 1612 1026 γάρ
1647 950 1886 1021 τοσαύτη

209 1049 511 1119 προσεδρία
531 1049 687 1116 ἀξίαν
715 1066 777 1102 σε
813 1049 1102 1118 ἀποφαίνει
1133 1047 1234 1118 τῆς
1258 1047 1546 1116 αἰτήσεως.
1578 1043 1757 1096 Είδετε
1788 1039 1887 1108 τῆς

209 1135 467 1203 γυναικὸς
493 1136 592 1207 τὴν
619 1137 884 1201 εὐτονίαν,
907 1136 1076 1191 είδετε
1101 1137 1199 1206 τῆς
1222 1133 1316 1187 τοῦ
1346 1131 1482 1186 Θεοῦ
1505 1127 1885 1202 μακροθυμίας

205 1223 306 1295 τὴν
339 1225 538 1288 αἰτίαν,
573 1224 668 1277 καὶ
708 1225 791 1278 ὅτι
832 1224 1301 1296 περιφανεστέραν
1333 1222 1504 1292 αὐτὴν
1549 1215 1883 1291 ἐργάσασθαι

205 1310 556 1382 βουλόμενος,
585 1312 672 1367 διὰ
703 1312 862 1366 τοῦτο
888 1313 1249 1377 άνεὸάλλετος
1288 1307 1704 1376 Ἐπανέλθωμεν
1724 1304 1801 1366 δέ,
1833 1303 1884 1356 εἰ

199 1399 374 1461 δοκεῖ,
407 1400 497 1452 ἐπὶ
530 1399 628 1474 τὴν
663 1401 1032 1473 προκειμένην
1077 1399 1340 1470 ἱστορίαν,
1373 1399 1460 1452 ῖνα
1501 1396 1759 1468 μάθωμεν
1800 1392 1882 1445 ὅτι

205 1486 273 1540 δι’
299 1488 451 1541 οὐδὲν
488 1489 675 1560 ἕτερον
702 1490 760 1542 ἐν
801 1487 1074 1552 τοσούτοις
1107 1487 1250 1540 ἔτεσι
1289 1487 1388 1549 τὰς
1426 1482 1757 1552 ἐπαγγελίας
1783 1481 1882 1542 τὰς

208 1574 351 1628 κατά
387 1575 476 1627 τὸν
507 1575 856 1647 πατριάρχην
889 1574 1261 1645 γεγενημένας
1295 1575 1376 1636 είς
1407 1571 1566 1642 ἔργον
1596 1570 1696 1623 οὐκ
1726 1563 1879 1640 [588]

201 1661 436 1732 ᾕγαγεν,
466 1661 580 1714 ἀλλ’
623 1662 711 1715 Eva
744 1661 1109 1734 μετάπολλῆς
1149 1661 1248 1732 τῆς
1282 1657 1638 1728 περιφανείας
1679 1653 1880 1717 ταύτας

205 1748 357 1820 αὐτῷ
387 1749 666 1821 παράσχῃ,
708 1750 803 1803 καὶ
840 1751 974 1804 πᾶσι
1001 1749 1096 1802 τοῦ
1133 1747 1342 1800 δικαίου
1372 1746 1472 1818 τὴν
1503 1745 1685 1798 πίστιν
1707 1741 1878 1796 κατά-

196 1835 364 1906 ςδηλον
389 1837 710 1909 ἐργάσηται.
745 1838 845 1892 Διά
885 1837 1042 1891 τοῦτό
1075 1854 1229 1907 φησι,
1275 1833 1435 1890 Μετὰ
1461 1833 1606 1886 δέκα
1634 1832 1736 1898 ἐτη
1772 1829 1879 1884 τοῦ

202 1921 573 1990 συνοικῆσαι
618 1923 842 1989 αὐτοὺς
887 1924 957 1977 ἐν
989 1921 1066 1992 γῇ
1097 1922 1368 1985 Χαναὰν,
1413 1920 1499 1973 ἵνα
1535 1917 1713 1990 μάθῃς
1756 1917 1880 1979 δσος

202 2008 452 2078 παρῆλθε
483 2008 671 2080 χρόνος
700 2009 760 2075 ἐξ
785 2002 846 2063 οὗ
875 2009 944 2064 τά
963 2010 1064 2081 τῆς
1093 2007 1422 2078 ἐπαγγελίας
1441 2005 1677 2069 ἐδέξατο.
1703 2002 1878 2066 Εὐθὺς

202 2094 316 2164 γὰρ
353 2096 585 2160 ἐπιστὰς
616 2099 682 2168 τῇ
726 2097 1029 2168 Χαναναία,
1062 2097 1318 2168 ἧκουσεν,
1350 2096 1431 2148 ὅτι
1474 2093 1557 2158 Τῷ
1583 2089 1881 2159 σπέρματί

193 2195 323 2236 σου
349 2179 521 2234 δώσω
549 2182 663 2250 τὴν
691 2181 806 2252 γῆν
826 2184 1072 2251 ταύτην,
1091 2185 1186 2237 καὶ
1215 2185 1272 2236 ἐν
1296 2181 1534 2251 τοσούτῳ
1562 2179 1725 2250 μήκει
1755 2177 1880 2250 χρό-

201 2284 298 2321 νου
330 2271 424 2322 καὶ
451 2270 610 2334 αὐτὸς
648 2270 816 2334 ἄπαις
846 2271 1104 2340 διέμεινε,
1136 2271 1229 2325 καί
1255 2271 1352 2342 τῆς
1383 2271 1562 2340 Σάρας
1596 2271 1628 2338 ἡ
1663 2267 1881 2336 στείρω-

203 2373 290 2420 σις
323 2358 648 2412 ἐπετείνετο.
695 2361 806 2413 Καὶ
835 2359 1017 2414 ἔδωκε
1050 2359 1166 2428 τὴν
1203 2360 1411 2430 Ἅγαρ,
1446 2357 1630 2428 φησὶν,
1653 2357 1878 2423 Ἀϐραμ

197 2441 285 2508 τῷ
311 2443 484 2512 ἀνδρὶ
524 2445 716 2515 αὐτῆς
743 2448 832 2512 εἰς
864 2447 1137 2516 γυναῖκα.

273 2530 338 2584 δ’.
360 2532 497 2603 Ὅρα
521 2535 662 2604 πόση
681 2534 742 2587 τὸ
768 2534 997 2588 παλαιὸν
1027 2533 1368 2588 ἐπολιτεύετο
1389 2534 1518 2602 παρ’
1533 2530 1716 2594 αὐτοῖς
1737 2531 1769 2600 ἡ
1790 2547 1878 2598 φι-

199 2617 458 2687 λοσοφία’
489 2620 606 2686 πῶς
638 2623 745 2688 καὶ,
773 2622 822 2674 οἰ
855 2621 1047 2692 ἄνδρες
1092 2618 1234 2694 ἦσαν
1274 2623 1584 2693 ἐγκρατεῖς,
1638 2619 1733 2671 καὶ
1777 2618 1878 2688 τῆς

202 2706 560 2779 σωφροσύνης
602 2709 770 2763 πολὺν
816 2709 1130 2781 ποιούμενοι
1169 2709 1346 2776 λόγον,
1397 2710 1490 2762 καὶ
1523 2710 1579 2761 αί
1621 2709 1878 2776 γυναῖκες

195 2795 532 2866 ζηλοτυπίας
578 2798 735 2861 ἐκτὸς
779 2799 1093 2868 ἐτύγχανον.
1129 2799 1408 2870 Ἐπίτηδες
1456 2798 1563 2868 γὰρ
1605 2799 1638 2868 ἡ
1685 2797 1724 2849 Γ
1732 2795 1877 2866 ρειφὴ

201 2885 445 2954 συνεχῶς
482 2884 648 2954 λέγει,
674 2885 784 2940 Καὶ
821 2886 1097 2941 λαϐοῦσα
1129 2885 1292 2954 Σὰρα
1308 2886 1493 2955 ’Ἅγαρ
1532 2884 1648 2952 τὴν
1685 2883 1878 2937 παιδί-

193 2965 398 3040 σκην·
449 2975 544 3026 καὶ
597 2975 779 3039 πάλιν,
821 2974 1079 3030 Ἔδωκεν
1114 2973 1312 3043 αὐτὴν
1344 2978 1432 3041 εὶς
1460 2975 1749 3044 γυναῖκα·
1791 2973 1877 3026 ἵνα

195 3061 384 3135 μάθῃς
409 3062 555 3127 ὅπως
587 3063 812 3127 ἀπαθῶς
840 3063 900 3116 τὸ
931 3065 1165 3136 πρᾶγμα
1213 3061 1572 3135 μετεχείριζε,
1606 3063 1701 3115 καὶ
1733 3062 1877 3133 πόση

198 3151 334 3222 παρ’
378 3152 562 3216 αὐτοῖς
594 3147 662 3224 ἦν
696 3153 729 3224 ἡ
767 3153 1073 3222 φιλοσοφία.
1102 3153 1212 3208 Καὶ
1248 3152 1516 3220 εἰσῆλθε,
1543 3155 1695 3223 φησὶ,
1726 3153 1878 3220 πρὸς

200 3239 404 3310 Ἅγαρ,
427 3240 524 3294 καὶ
558 3242 916 3296 συνέλαϐεν.
933 3241 1077 3312 Ὅρα
1101 3241 1222 3306 πῶς
1249 3242 1508 3312 μανθάνει
1536 3245 1568 3314 ή
1599 3243 1770 3312 Σάρα,
1795 3243 1876 3294 ὅτι

191 3328 261 3382 οὐ
297 3328 450 3399 παρά
495 3329 586 3382 τὸν
627 3329 834 3382 δίκαιον
867 3331 924 3384 ἐν
955 3330 1181 3402 ἀπαιδίᾳ
1209 3330 1522 3401 ἐτύγχανεν,
1555 3329 1690 3382 ἀλλά
1725 3331 1877 3396 παρὰ

196 3415 300 3486 τὴν
330 3415 617 3487 στείρωσιν
656 3416 754 3488 τὴν
789 3407 987 3487 ἑαυτῆς
1010 3431 1024 3444 ⁶
1067 3416 1269 3481 εὐθέως
1293 3419 1402 3489 γάρ
1429 3419 1460 3488 ἡ
1493 3417 1744 3470 συνουσία
1779 3419 1876 3489 τὴν

200 3503 468 3574 σύλληψιν
497 3505 813 3575 εἰργάσατο.
841 3505 981 3559 Ἀλλ’
1014 3506 1114 3578 ὅρα
1144 3507 1305 3560 πάλιν
1332 3507 1431 3576 τῆς
1458 3507 1749 3577 παιδίσκης
1778 3509 1886 3578 τὴν

199 3591 617 3662 ἀγνωμοσύνην,
644 3593 739 3646 καὶ
765 3596 865 3664 τῆς
884 3597 1200 3663 γυναικείας
1222 3595 1436 3664 φύσεως
1455 3593 1552 3666 τὴν
1570 3593 1873 3661 ἀσθένειαν,

199 3680 292 3734 ἶνα
340 3681 519 3751 μάθῃς
569 3683 663 3735 καὶ
709 3681 958 3738 ἐντεῦθεν
1006 3682 1100 3736 τοῦ
1148 3682 1489 3754 πατριάρχου
1540 3683 1638 3753 τὴν
1677 3682 1877 3752 πολλὴν

198 3767 523 3822 ἐπιείκειαν.
561 3769 674 3823 Καὶ
710 3767 852 3832 εἶδε,
883 3771 1065 3840 φησὶν,
1106 3769 1196 3824 ὅτι
1235 3771 1305 3823 ἑν
1341 3771 1552 3840 γαστρὶ
1591 3770 1736 3839 ἔχει,
1778 3770 1878 3824 καὶ

198 3856 503 3924 ἡτιμὰσθη
541 3858 580 3925 ἡ
606 3859 784 3924 κιιρία
808 3857 1087 3911 ἐναντίον
1121 3857 1331 3925 αὐτῆς.
1362 3859 1614 3912 Τοιοῦτον
1641 3858 1750 3930 γάρ
1769 3859 1877 3913 τῶν

199 3944 430 3999 οἰκετῶν
463 3945 526 3996 τὸ
565 3940 728 4016 ἦθος’
763 3945 830 3999 ἂν
885 3947 1086 4016 μικρᾶς
1141 3947 1448 4016 εὐπραγίας
1487 3945 1874 4013 ἐπιλάϐωνται,

199 4029 302 4084 οὐκ
323 4031 606 4102 ἀνέχονται
637 4033 816 4103 μένειν
835 4034 966 4085 εἵσω
984 4032 1093 4084 τῶν
1113 4033 1328 4085 οἰκείων
1348 4034 1510 4104 ὅρων,
1537 4033 1649 4086 ἀλλ’
1674 4034 1878 4091 εὐθέως

200 4118 648 4173 ἐπιλανθάνονται
679 4121 779 4191 τῆς
807 4121 1014 4184 οἰκείας
1054 4120 1281 4186 τάξεως,
1323 4121 1418 4173 καὶ
1457 4121 1592 4191 πρὸς
1623 4122 1878 4191 ἀγνωμο-

202 4203 372 4276 σύνην
405 4206 716 4275 ἐπείγονται
739 4224 752 4239 ·
796 4208 932 4278 ὅπερ
959 4207 1052 4260 καὶ
1075 4208 1213 4278 αὐτὴ
1241 4209 1273 4278 ἠ
1303 4207 1561 4276 παιδίσκη
1585 4207 1874 4261 πέπονθεν.

212 4293 435 4363 Ἐπειδὴ
469 4295 576 4364 γάρ
602 4289 708 4346 εἶδε
737 4293 836 4364 τῆς
877 4294 1112 4365 γαστρὸς
1155 4293 1246 4347 τὸν
1278 4294 1461 4362 ὄγκον,
1489 4295 1590 4348 οὐκ
1619 4294 1876 4348 ἐννοοῦσα

135 4405 140 4409 -
199 4381 263 4434 οὐ
288 4379 390 4449 τῆς
410 4379 698 4450 δεσποίνης
725 4379 822 4451 τὴν
850 4380 1054 4449 ἄφατον
1087 4380 1424 4450 φιλοσοφίαν,
1450 4383 1510 4434 οὐ
1539 4383 1636 4451 τῆς
1669 4381 1874 4447 οἰκείας

199 4467 358 4532 ἀξίας
381 4468 481 4538 τὴν
501 4467 795 4532 εὐτέλειαν,
822 4467 935 4522 ἀλλ’
960 4469 1258 4539 ἐπαρθεῖσα
1279 4470 1371 4522 καὶ⁸
1395 4468 1536 4538 μέγα
1560 4471 1874 4540 φρονήσασα

199 4555 451 4626 ὑπερορᾷ
499 4556 597 4623 τῆς
636 4555 919 4626 δεσποίνης
955 4555 1054 4626 τῆς
1086 4555 1355 4626 τοσαύτην
1383 4556 1513 4626 περὶ
1555 4557 1726 4628 αὐτὴν
1756 4559 1876 4610 ἐπι-

199 4643 524 4713 δειξαμένης
547 4642 645 4714 τὴν
671 4642 1016 4713 κηδεμονίαν,
1045 4643 1120 4706 ὡς
1151 4644 1245 4697 καὶ
1274 4645 1367 4696 ἐπὶ
1395 4643 1494 4715 τὴν
1521 4644 1680 4715 εὐνὴν
1706 4646 1874 4716 αὐτὴν

197 4730 429 4799 ἀγαγεῖν
461 4729 554 4782 τοῦ
589 4729 802 4800 ἀνδρός.
833 4729 898 4782 Τί
925 4725 1017 4783 οὖν
1046 4731 1079 4801 ἡ
1109 4730 1294 4801 Σάρα;
1330 4726 1498 4795 Eine,
1535 4733 1690 4801 φησὶ,
1726 4733 1875 4801 πρὸς

198 4817 422 4886 Ἀϐραμ
439 4833 455 4848 ο
497 4815 828 4886 Ἀδικοῡμαι
863 4816 931 4869 ἐκ
959 4815 1098 4872 σοῦ.
1129 4816 1274 4871 Ἰδοὺ
1303 4816 1532 4872 δέδωκα
1558 4829 1578 4850 ⁸
1597 4819 1711 4888 τὴν
1738 4835 1877 4874 παι-

197 4903 427 4970 δίσκην
457 4922 577 4973 μου
604 4906 692 4968 εἰς
727 4905 834 4957 τὸν
872 4905 1106 4958 κόλπον
1132 4920 1248 4958 σου
1269 4921 1281 4933 ·
1326 4904 1541 4959 ἰδοῦσα
1577 4905 1645 4959 δὲ
1676 4906 1766 4961 ὅτι
1804 4909 1875 4961 ἐν

197 4991 416 5060 γαστρί
453 4991 602 5060 ἔχει,
649 4989 989 5060 ἠτιμάσθην
1023 4993 1302 5046 ἐναντίον
1335 4993 1546 5061 αὐτῆς.
1593 4995 1808 5061 ΙςζρίναιΔ
1841 4999 1874 5050 ὀ

200 5079 348 5146 Θεὸς
381 5079 498 5133 ἀνὰ
524 5079 722 5148 μέσον
752 5079 897 5148 ἐμοῦ
930 5079 1027 5132 καὶ
1065 5079 1203 5134 σοῦ.
1240 5081 1502 5134 Ἐνταῦθά
1553 5098 1644 5152 μοι
1683 5083 1873 5138 σκόπει

195 5166 293 5220 τοῦ
321 5166 532 5220 δικαίου
561 5167 661 5236 τὴν
694 5166 897 5236 ἄφατον
949 5169 1348 5240 μακροθυμίαν,
1394 5170 1485 5223 καὶ
1516 5170 1612 5240 τὴν
1646 5169 1778 5224 αἱδὼ
1807 5171 1873 5242 ἣν

199 5254 332 5326 περὶ
356 5255 456 5324 τὴν
497 5255 678 5325 Σάραν
714 5254 1101 5318 ἐπιδείκνυται,
1135 5255 1466 5327 συγγνώμην
1510 5257 1678 5329 αὐτὴν
1706 5259 1874 5312 αἰτῶν

195 5343 298 5413 τῆς
322 5341 518 5409 ἀλόγου
548 5341 749 5412 ταύτης
776 5343 972 5406 αἰτίας.
1002 5343 1064 5394 Ἡ
1093 5342 1201 5411 γὰρ
1223 5347 1342 5408 ταῖς
1371 5346 1526 5416 χερσὶ
1557 5346 1873 5416 παραδοῦσα

192 5429 297 5502 τὴν
323 5429 618 5500 παιδίσκην
643 5429 720 5500 τῷ
754 5429 929 5500 ἀνδρὶ,
961 5431 994 5500 ἡ
1028 5429 1277 5493 εἰποῦσα,
1305 5433 1562 5486 Εῖσελθε
1582 5433 1732 5502 πρὸς
1759 5434 1873 5503 τὴν

193 5517 534 5586 παιδίσκην
562 5534 714 5586 μου·
751 5519 785 5588 ἡ
833 5516 1043 5570 οἴκοθεν
1089 5517 1183 5570 καὶ
1227 5518 1319 5587 ἀφ’
1357 5520 1555 5591 ἑαυτῆς
1598 5522 1733 5593 πρὸς
1774 5523 1872 5595 τὴν

196 5607 487 5661 συνουσίαν
503 5607 662 5659 αὐτὸν
686 5605 1128 5678 προτρεψαμένη,
1153 5605 1293 5677 αὕτη
1314 5607 1408 5660 νῦν
1430 5609 1872 5682 μεταδαλλομένη

195 5695 388 5766 φησὶν,
424 5693 757 5763 Ἀδικοῦμαι
795 5695 866 5747 ἐκ
903 5694 1042 5748 σοῦ.
1073 5693 1166 5764 Μὴ
1194 5694 1303 5767 γὰρ
1345 5695 1509 5760 αὐτὸς
1540 5697 1869 5769 ἐπέδραμεν,

190 5774 245 5838 ὃ
270 5782 456 5852 γύναι,
484 5781 551 5852 τῇ
579 5781 680 5852 τῆς
720 5781 1013 5852 παιδίσκης
1051 5781 1335 5853 συνουσίας
1374 5783 1449 5852 μὴ
1478 5783 1587 5854 γάρ
1612 5785 1671 5850 ἐξ
1711 5787 1871 5839 ἀσελ-

193 5871 356 5944 γείας
386 5869 648 5942 ὁρμηθεὶς
679 5869 756 5942 τῷ
783 5870 1070 5944 πράγματι
1113 5872 1449 5944 ἐπεπήδησε;
1485 5874 1576 5927 Σοὶ
1616 5875 1869 5948 πειθόμε-

263 6035 291 6065 ι
320 6036 375 6087 In
415 6017 584 6088 ribfiis
624 6038 804 6101 legitur
832 6039 925 6100 ἐγὼ
953 6039 1156 6089 δέδωκα.

1893 5999 1914 6035 1

1988 615 2153 668 κησαι
2193 600 2344 670 παρά
2373 599 2466 653 τοῦ
2503 601 2722 672 ἀνδρός;
2760 597 2906 654 Ἰδοὺ
2939 597 3166 652 δέδωκα
3189 599 3306 664 τὴν
3331 593 3663 661 παιδίσκην

1983 699 2104 750 μου
2129 683 2216 746 εἰς
2247 681 2356 735 τὸν
2384 684 2616 735 κόλπον
2643 696 2780 735 σου.
2816 682 2880 735 Εἰ
2911 681 3089 734 τοίνυν
3109 679 3390 750 ὁμολογεῖς
3411 679 3493 730 δτι
3520 677 3661 748 αὐτὴ

1986 764 2241 828 δέδωκας,
2276 764 2370 817 καὶ
2397 766 2496 818 οὐκ
2527 765 2618 833 ἀφ’
2651 765 2846 818 ἐαυτοῦ
2875 763 3026 836 [589]
3068 762 3272 833 ταύτην
3300 761 3480 824 ἔλαϐε,
3515 760 3662 823 τίνος

1987 845 2172 898 ἕνεκεν
2209 847 2422 901 ἀδικίαν
2465 849 2748 917 ἐγκαλεῖς;
2780 848 2923 913 Ναὶ,
2959 846 3152 917 φησίν·
3189 847 3236 898 εἰ
3268 845 3376 915 γὰρ
3420 844 3516 897 καὶ
3552 842 3664 911 ἐγὼ

1987 923 2216 983 δέδωκα.
2246 926 2362 978 ἀλλ’
2393 926 2537 996 ὁρῶν
2575 927 2747 996 αὐτῆς
2775 928 2875 999 τὴν
2920 926 3245 998 προπέτειαν
3287 923 3513 992 ὥφειλες
3543 924 3664 974 ἐπι-

1988 1010 2137 1078 σχεῖν
2165 1010 2335 1080 αύτῆς
2357 1010 2457 1081 τὴν
2483 1009 2778 1063 ἀκόλαστον
2801 1009 3047 1080 γνώμην.
3080 1008 3314 1062 ’ἰδοῦσα
3336 1005 3448 1077 γὰρ
3477 1006 3564 1060 ὅτι
3592 1006 3664 1059 ἐν

1985 1090 2198 1159 ναστρί
2251 1093 2396 1160 ἔχει,
2451 1091 2791 1162 ἠτιμάσθην
2821 1091 3101 1145 ἐναντίον
3132 1088 3344 1158 αὐτῆς.
3387 1091 3598 1156 Κρίναι
3628 1090 3661 1142 ὁ

1986 1173 2130 1240 Θεὸς
2152 1175 2270 1228 ἀνὰ
2289 1175 2484 1244 μέσον
2510 1175 2654 1245 ἐμοῦ
2675 1175 2773 1229 καὶ
2798 1175 2935 1229 σοῦ.
2960 1174 3218 1236 Γυναικός
3243 1173 3456 1244 ἀληθῶς
3485 1171 3660 1224 ταῦτα

1983 1256 2051 1308 τά
2069 1256 2287 1326 ῥήματα
2309 1258 2402 1310 καὶ
2429 1257 2531 1327 τῆς
2559 1257 2837 1322 ἀσθενείας
2860 1255 3064 1328 ταύτης
3086 1257 3184 1327 τῆς
3204 1255 3417 1324 φύσεως
3435 1271 3448 1284 ·
3483 1271 3663 1324 μονον·

1983 1340 2100 1406 ουχὶ
2138 1338 2245 1410 γάρ
2285 1339 2458 1392 ταῦτά
2505 1357 2636 1412 φησι
2674 1340 2809 1410 πρὸς
2843 1339 3034 1393 αὐτόν·
3083 1339 3224 1407 Ἐγὼ
3254 1337 3352 1408 μὲν
3374 1336 3472 1407 τὴν
3497 1337 3662 1389 άπαι·

1983 1418 2101 1472 δίαν
2139 1421 2436 1493 βουλομένη
2466 1421 2966 1494 παραμυθήσασθαι
2999 1421 3100 1493 τὴν
3119 1421 3237 1493 σὴν,
3267 1419 3532 1490 τοσαύτην
3563 1421 3663 1471 ἐπ-

1983 1503 2275 1576 εδειξάμην
2305 1505 2402 1575 τὴν
2449 1505 2796 1576 κηδεμονίαν,
2819 1505 2896 1569 ῶς
2929 1505 3025 1559 καὶ
3063 1505 3162 1576 τὴν
3203 1503 3342 1575 ἐμὴν
3371 1503 3660 1571 παιδίσκην

1984 1587 2076 1639 καὶ
2100 1591 2216 1652 ταῖς
2242 1590 2487 1660 ἐμαυτῆς
2527 1607 2608 1642 σοι
2653 1589 2810 1660 χερσὶ
2845 1587 3207 1660 παραδοῦναι,
3244 1589 3341 1640 καὶ
3387 1586 3526 1657 πρὸς
3561 1585 3661 1655 τὴν

1985 1672 2268 1726 συνουσίαν
2307 1671 2717 1745 προτρέψασθαι
2739 1688 2752 1700 ⁸
2785 1672 2929 1742 ὁρῶν
2951 1671 3008 1724 δέ
3037 1670 3200 1733 αὐτὸς
3220 1669 3469 1723 ἐντεῦθεν
3489 1669 3663 1737 αὐτὴν

1981 1755 2278 1826 γενομένην
2301 1756 2742 1827 προπετεστέραν
2766 1754 2856 1807 διὰ
2875 1754 2967 1806 τὸν
2983 1753 3080 1824 τῆς
3097 1752 3330 1823 γαστρὸς
3350 1751 3533 1821 ὄγκον,
3564 1751 3658 1804 καὶ

1982 1838 2326 1908 φρονήματος
2367 1837 2855 1909 ἐμπεπλησμένην,
2885 1835 3004 1888 δέον
3032 1833 3340 1889 ἀναστεῖλαι
3378 1832 3473 1886 καὶ
3516 1831 3658 1884 ἐκδι-

1980 1921 2146 1991 κῆσαί
2177 1939 2236 1974 σε
2271 1921 2367 1986 τὰς
2393 1922 2582 1994 ὕϐρεις
2609 1921 2710 1984 τὰς
2741 1923 2823 1983 εἰς
2851 1919 2950 1990 ἐμὲ
2989 1917 3301 1988 γινομένας,
3334 1916 3434 1969 οὐκ
3471 1915 3660 1984 ἐποίη-

1981 2018 2079 2066 σας
2100 2019 2114 2033 ⁸
2154 2005 2269 2057 ἀλλ’
2297 2005 2498 2061 ὡσανεὶ
2537 2005 2755 2058 πάντων
2786 2003 2896 2054 τῶν
2938 2002 3221 2073 προτέρων
3249 1995 3657 2068 ἐπιλαθόμενος,

1980 2088 2339 2158 περιορᾶσθαι
2370 2089 2470 2159 ἐμὲ
2501 2086 2796 2159 καταδέχῃ,
2832 2086 2932 2156 τὴν
2959 2086 3016 2137 ἐν
3051 2081 3328 2145 τοσούτοις
3356 2081 3501 2133 ἐτεσι
3533 2095 3660 2131 συν-

1978 2173 2298 2242 οικήσασαν,
2331 2171 2437 2224 ὑπὸ
2480 2171 2579 2243 τῆς
2606 2168 2912 2239 Αἰγυπτίας
2946 2169 3045 2238 τῆς
3067 2165 3357 2234 παιδίσκης
3385 2164 3484 2234 τῆς
3517 2162 3660 2233 ἐμῆς

1978 2253 2404 2326 ἀτιμαζομένην.
2452 2255 2660 2322 Κρίναι
2707 2255 2741 2307 ό
2781 2251 2926 2317 Θεὸς
2956 2249 3074 2304 ἀνὰ
3120 2247 3316 2318 μέσον
3358 2244 3506 2316 ἐμοῦ
3555 2244 3659 2298 καὶ

1978 2338 2112 2391 σοῦ.
2133 2337 2504 2408 Ὀδυνωμένης
2531 2337 2708 2408 ψυχῆς
2739 2335 2802 2389 τὸ
2831 2335 3003 2405 ῥῆμα.
3045 2333 3156 2385 Καὶ
3185 2333 3234 2384 εἰ
3265 2331 3340 2401 μὴ
3366 2328 3656 2400 φιλόσοφός

1977 2439 2060 2485 τις
2089 2416 2157 2492 ἦν
2188 2423 2216 2473 ὁ
2251 2422 2616 2492 πατριάρχης,
2643 2420 2739 2473 καὶ
2766 2417 2970 2488 πολλὴν
2995 2416 3093 2487 τὴν
3120 2413 3255 2468 αίδὼ
3276 2415 3404 2485 περὶ
3428 2414 3528 2483 τὴν
3552 2411 3659 2467 Σά-

1978 2522 2077 2576 ραν
2101 2505 2464 2568 ἐπεδείκνυτο,
2501 2505 2596 2557 καὶ
2631 2502 2987 2573 ἐδυσχέρανεν
3022 2500 3089 2554 ἂν
3129 2500 3266 2568 πρὸς
3293 2499 3364 2552 τά
3408 2499 3654 2570 ῥήματα,

1977 2589 2070 2640 καὶ
2101 2588 2337 2658 ἤλγησεν
2363 2588 2456 2640 ἐπὶ
2501 2589 2568 2657 τῇ
2614 2587 2877 2658 βαρύτητι
2914 2583 3024 2638 τῶν
3065 2583 3385 2653 λεχθέντων.
3443 2579 3582 2632 Ἀλλ’
3627 2581 3658 2631 ὁ

1978 2670 2277 2740 θαυμάσιος
2303 2664 2456 2734 οὗτος
2486 2671 2621 2740 πρὸς
2648 2671 2710 2722 τὸ
2738 2669 2839 2738 τῆς
2879 2667 3096 2737 φύσεως
3144 2663 3372 2726 ἀσθενὲς
3415 2661 3657 2732 ἀφορῶν,

1979 2755 2158 2806 πᾶσαν
2192 2753 2390 2806 ἔδωκεν
2433 2754 2568 2824 αὐτῇ
2619 2751 2972 2822 συγγνώμην.
3014 2751 3223 2820 Κρίναι
3271 2751 3304 2803 ὀ
3354 2749 3498 2811 Θεὸς
3540 2744 3658 2798 ἀνὰ

1971 2835 2168 2903 μέσον
2199 2835 2346 2904 ἐμοῦ
2384 2837 2483 2888 καὶ
2517 2835 2654 2888 σοῦ.
2691 2833 2998 2903 Ἐννόησον,
3030 2831 3186 2901 φησὶ,
3229 2830 3393 2883 πόσον
3423 2828 3658 2898 πρᾶγμα

1977 2917 2350 2988 κατεδεξάμην
2391 2917 2480 2970 διὰ
2512 2905 2627 2987 ’τὴν
2673 2915 2771 2988 σὴν
2821 2915 3196 2986 παραμυθίαν,
3245 2911 3543 2982 βουλομένη
3595 2925 3656 2961 σε

1976 3000 2080 3054 κᾶν
2111 3001 2240 3069 γοῦν
2272 3001 2330 3053 ἐν
2356 3001 2505 3071 γήρᾳ
2533 2999 2742 3071 πατέρα
2774 2997 3060 3070 κληθῆναι,
3102 2998 3197 3050 καὶ
3227 2995 3326 3065 τὴν
3361 2991 3656 3060 παιδίσκην

1977 3084 2077 3156 τὴν
2101 3083 2240 3155 ἐμὴν
2271 3085 2350 3147 εἰς
2381 3085 2481 3154 τὴν
2507 3082 2662 3147 ἀξίαν
2691 3082 2718 3121 δ
2748 3081 2846 3151 τὴν
2876 3079 3120 3149 ἐμαυτῆς
3154 3079 3460 3147 ἀνήγαγυν·
3495 3074 3558 3126 σὺ
3596 3071 3656 3125 δὲ

1977 3169 2118 3239 ὀρῶν
2150 3168 2484 3238 ἀγνωμόνως
2514 3165 2684 3237 αὐτὴν
2718 3163 2966 3218 ἐντεῦθεν
2990 3161 3346 3223 διατεθεῖσαν,
3377 3159 3478 3211 οὐκ
3508 3156 3655 3226 ἠμυ-

1977 3267 2096 3315 νας,
2128 3251 2228 3302 οὐκ
2254 3249 2475 3320 ἡμείψω
2508 3267 2574 3320 με
2616 3249 2713 3318 τῆς
2756 3247 3002 3318 γνώμης,
3033 3248 3099 3317 ἢν
3129 3244 3259 3315 περὶ
3284 3243 3343 3295 σέ
3379 3239 3658 3305 ἐπεδειξάο

1981 3351 2107 3404 μην.
2133 3334 2341 3401 Κρίναι
2373 3336 2406 3386 ό
2437 3334 2580 3398 Θεὸς
2619 3331 2736 3386 ἀνὰ
2767 3330 2964 3400 μέσον
3001 3328 3149 3398 ἐμοῦ
3181 3327 3281 3380 καί
3315 3324 3450 3380 σοῦ.
3485 3324 3656 3377 Ἐκεῖ-

1978 3434 2086 3481 νος,
2119 3417 2301 3486 φησὶν,
2328 3419 2356 3469 ὁ
2374 3416 2441 3470 τά
2467 3417 2760 3488 ἀπόρρητα
2786 3414 3016 3468 ἐκάστου
3048 3411 3408 3482 ἐπιστάμενος
3429 3410 3527 3480 τῆς
3547 3407 3658 3460 δια-

1978 3500 2146 3563 νοίας,
2172 3501 2334 3563 αὐτὸς
2379 3500 2532 3554 ἐσται
2571 3499 2763 3570 κριτὴς
2801 3497 3003 3568 μεταξύ
3037 3495 3216 3568 ήμῶν,
3251 3494 3346 3547 καὶ
3380 3491 3497 3554 πῶς
3543 3488 3658 3558 ἐγὼ

1981 3581 2080 3654 μὲν
2101 3584 2298 3647 παντὸς
2327 3583 2532 3646 πάθους
2553 3582 2802 3653 ἁνωτέρα
2822 3579 3088 3650 γενομένη
3114 3577 3458 3649 προετίμησα
3491 3575 3657 3643 ἐμαυο

1974 3665 2077 3737 ’τῆς
2105 3667 2206 3736 τὴν
2242 3664 2598 3736 παραμυθίαν
2631 3665 2730 3733 τὴν
2780 3665 2900 3734 σὴν,
2950 3663 3044 3716 καὶ
3083 3663 3162 3724 εἱς
3206 3659 3304 3730 τὴν
3353 3657 3513 3727 εὐνὴν
3553 3657 3656 3726 τὴν

1980 3750 2118 3819 ἐμὴν
2150 3749 2248 3819 τὴν
2275 3748 2563 3819 παιδίσκην
2585 3748 2880 3818 ἀνήγαγον
2923 3745 3085 3808 αὐτὸς
3129 3743 3185 3795 δέ
3213 3742 3364 3795 οὐδὲν
3384 3739 3494 3792 τῶν
3523 3739 3656 3809 παρ’

1979 3831 2114 3903 ἐμοῦ
2152 3832 2460 3902 γενομένων
2494 3835 2552 3884 ἐν
2587 3827 2796 3901 διανοίᾳ
2853 3829 3052 3891 λαϐὼν,
3097 3827 3397 3896 συγχωρεῖς
3439 3821 3654 3893 ἐκείνην

1979 3913 2468 3979 κατεξανίστασθαι
2499 3915 2596 3984 τῆς
2632 3913 2775 3983 ἐμῆς
2812 3910 3134 3974 ἐπιεικείας,
3170 3911 3269 3961 οὐκ
3307 3905 3655 3969 ἀναστέλλεις

1976 4000 2076 4066 τὴν
2109 3999 2334 4066 τόλμαν,
2383 3997 2506 4050 οὐδέ
2554 3995 2909 4066 σωφρονίζεις
2947 3993 3044 4063 τὴν
3073 3993 3380 4060 ἀγνώμονα.
3415 3989 3478 4040 Τί
3505 3985 3596 4042 οὖν
3623 3991 3654 4040 ὁ

1978 4082 2213 4152 ἀδάμας,
2263 4083 2291 4134 ό
2336 4083 2584 4149 γενναῖος
2633 4079 2872 4149 ἀθλητὴς
2909 4076 3004 4129 τοῦ
3059 4073 3214 4139 Θεοῦ,
3248 4076 3277 4126 ὁ
3314 4070 3656 4152 πανταχόθεν

1979 4151 2158 4234 ἐαυτῷ
2198 4161 2414 4215 πλέκων
2448 4162 2573 4224 τοὺς
2618 4161 2947 4228 στεφάνους;
2995 4157 3221 4218 Δεικνύς
3254 4157 3348 4208 καὶ
3373 4153 3462 4206 διὰ
3496 4151 3657 4206 τοῦτο

1977 4245 2075 4316 τὴν
2106 4247 2310 4298 οἰκείαν
2339 4243 2560 4314 ἀρετὴν,
2591 4243 2694 4313 ὅρα
2729 4241 2780 4294 τί
2813 4257 2946 4313 φησι
2992 4241 3130 4311 πρὸς
3165 4239 3336 4309 αὐτήν
3361 4253 3374 4265 ·
3425 4235 3580 4291 Ἰδοὺ
3607 4235 3651 4304 ἡ

1978 4328 2268 4396 παιδίσκη
2299 4341 2416 4380 σου
2445 4326 2514 4379 ἐν
2551 4326 2679 4391 ταῖς
2708 4326 2883 4395 χερσί
2917 4341 3032 4378 σου
3056 4341 3069 4354 ·
3112 4321 3234 4392 χρῶ
3265 4319 3441 4389 αὐτῇ,
3467 4320 3543 4385 ὡς
3576 4319 3654 4372 ἄν

1977 4428 2076 4466 σοι
2106 4410 2363 4480 ἀρεστὸν
2383 4403 2445 4480 ᾖ.
2464 4409 2691 4478 Μεγάλη
2717 4407 2810 4461 τοῦ
2844 4408 3056 4462 δικαίου
3087 4410 3119 4478 ἡ
3146 4405 3452 4475 φιλοσοφία,
3479 4403 3650 4471 πολλὴ

1975 4495 2077 4566 τῆς
2110 4493 2485 4566 μακροθυμίας
2519 4495 2552 4563 ὴ
2591 4491 2885 4564 ὑπερϐολή.
2911 4492 2984 4544 Οὐ
3032 4491 3190 4562 μόνον
3232 4490 3340 4560 γὰρ
3373 4489 3475 4541 οὐκ
3500 4486 3653 4539 ἐδυσ-

1975 4577 2170 4649 χέρανε
2229 4576 2366 4648 πρὸς
2399 4576 2469 4628 τὰ
2509 4575 2658 4645 ποιρά
2690 4575 2788 4645 τῆς
2829 4574 3011 4645 Σάρας
3061 4573 3342 4644 εἰρημένα,
3381 4570 3518 4623 ἀλλά
3555 4569 3652 4620 καὶ

1979 4661 2118 4732 μετὰ
2143 4659 2344 4730 πολλῆς
2402 4658 2504 4727 τῆς
2549 4657 2852 4722 ἐπιεικείας
2902 4659 3136 4709 ποιεῖται
3185 4655 3284 4725 τὴν
3332 4653 3645 4722 ἀπόκρισιν,

1975 4744 2068 4796 καί
2095 4758 2279 4814 φησιν·
2325 4740 2682 4804 ’Υποπτεύεις
2708 4757 2773 4810 με
2802 4738 2976 4792 αἴτιον
2996 4738 3322 4808 γεγενῆσθαι
3349 4736 3456 4787 τῶν
3482 4735 3562 4796 είς
3587 4733 3650 4787 σὲ

1975 4825 2206 4896 ὕϐρεων,
2241 4825 2335 4878 καὶ
2367 4823 2609 4894 νομίζεις
2656 4840 2723 4894 με
2759 4822 2983 4892 ἣδεσθαι
3015 4824 3126 4883 τοῖς
3161 4821 3311 4890 παρά
3339 4820 3438 4888 τῆς
3471 4816 3649 4870 παιδί-

1976 4923 2112 4977 σκης
2143 4906 2470 4977 γινομένοις,
2495 4907 2686 4978 ἐπειδὴ
2707 4905 2853 4971 ἀπαξ
2879 4902 3204 4973 ἐκοινώνησέ
3230 4919 3320 4972 μοι
3340 4903 3438 4971 τῆς
3461 4901 3644 4967 εὐνῆςο

1977 4991 2214 5060 μάνθανε
2245 4992 2328 5044 ὅτι
2358 4991 2451 5043 καὶ
2483 4990 2768 5060 πρότερον,
2805 4989 2853 5042 εί
2891 4990 2965 5059 μή
2995 5004 3077 5039 σοι
3121 4984 3428 5038 ὑπακοῦσαι
3462 4982 3650 5054 βουλό-

1977 5092 2136 5144 μενος
2174 5075 2333 5128 τοῦτο
2375 5073 2767 5141 κατεδεξάμην,
2799 5073 2900 5124 οὐκ
2933 5071 2999 5124 ἀν
3030 5087 3160 5123 ποτε
3196 5068 3502 5140 ἠνεσχόμην
3546 5068 3648 5135 τὴν

1974 5158 2266 5228 παιδίσκην
2301 5158 2380 5220 εἰς
2411 5155 2509 5226 τὴν
2536 5155 2696 5223 εὐνὴν
2727 5155 2956 5222 ἀγαγεῖν
2989 5152 3086 5224 τὴν
3120 5153 3221 5222 σήν
3244 5166 3259 5181 ο
3305 5153 3399 5204 καὶ
3437 5149 3531 5201 νῦν
3561 5149 3650 5201 ἴνα

1972 5241 2061 5294 διὰ
2089 5240 2197 5294 τῶν
2225 5239 2566 5310 πραγμάτων
2592 5235 3038 5307 πληροφορηθῇς,
3080 5234 3192 5288 ίδοὺ
3235 5232 3386 5304 [590]
3415 5233 3518 5285 ὑπὸ
3547 5231 3648 5294 τὰς

1981 5323 2169 5396 χεῖράς
2195 5323 2288 5376 σού
2321 5325 2436 5375 ἐστι
2453 5337 2466 5350 ·
2487 5319 2616 5388 Χρῶ
2641 5320 2817 5388 αὐτῇ,
2844 5321 2926 5386 ὡς
2952 5320 3031 5372 ἅν
3057 5333 3157 5371 σοι
3181 5319 3441 5387 ἀρεστὸν
3454 5311 3512 5387 ᾗ.
3552 5315 3649 5385 Μὴ

1975 5410 2084 5477 γάρ
2115 5403 2414 5476 ὐπετέμετό
2441 5403 2534 5457 σού
2562 5419 2647 5466 τις
2673 5402 2772 5472 τὴν
2802 5401 3083 5468 ἐξουσίανς
3118 5402 3191 5472 μὴ
3224 5401 3330 5473 γάρ
3361 5400 3645 5471 ἀφῃρέθης

1973 5490 2141 5560 αὐτῆς
2167 5488 2266 5560 τὴν
2291 5485 2637 5552 δεσποτείαν;
2664 5487 2727 5538 Εἰ
2763 5484 2872 5557 γὰρ
2899 5485 2992 5538 καὶ
3020 5484 3120 5551 τὴν
3152 5485 3290 5555 πρὸς
3319 5484 3486 5554 αὐτὴν
3520 5501 3647 5536 συν-

1972 5573 2160 5627 ουσίαν
2200 5570 2596 5642 κατεδεξάμην,
2639 5567 2754 5622 ἀλλ’
2775 5568 2920 5639 ἔχεις
2940 5567 3111 5638 αὐτῆς
3131 5566 3228 5637 τὴν
3253 5566 3521 5631 ἐξουσίαν,
3551 5567 3648 5619 καὶ

1973 5657 2079 5710 ὑπὸ
2105 5653 2204 5717 τὰς
2231 5652 2422 5724 χεῖράς
2461 5651 2552 5705 σού
2585 5652 2701 5706 ἐστι
2720 5665 2734 5680 ⁸
2774 5651 2990 5715 κόλαζε,
3021 5650 3342 5722 σωφρόνιζε,
3375 5651 3602 5720 ἐπιτίμα
3624 5666 3640 5682 ο

1971 5739 2001 5792 ὃ
2033 5737 2208 5809 βούλει
2243 5737 2337 5790 καὶ
2372 5735 2448 5800 ὡς
2493 5735 2716 5806 ἀρέσκει
2755 5751 2858 5799 σοι,
2890 5734 3033 5788 οὕτω
3070 5734 3400 5805 διαπράττου
3449 5734 3518 5787 τά
3559 5735 3643 5798 είς

1975 5819 2146 5892 αὐτὴν
2168 5837 2181 5850 ·
2223 5821 2395 5887 μόνον
2432 5820 2508 5892 μὴ
2533 5820 2874 5891 δυσχέραινε,
2911 5820 3072 5893 μόνον
3100 5819 3176 5892 μὴ
3213 5821 3335 5890 ἐμοὶ
3368 5820 3646 5890 ἐπίγραφε

1976 5901 2044 5957 τὰ
2093 5905 2222 5975 παρ’
2271 5905 2442 5976 αὐτῆς
2489 5905 2776 5976 προπετῶς
2808 5906 3168 5979 γεγενημένα.
3221 5905 3356 5988 Οὐδέ
3398 5906 3507 5979 γάρ
3539 5904 3647 5960 ἀπὸ

2036 6045 2068 6094 ν
2093 6046 2318 6110 Quinque
2342 6059 2458 6096 mss.
2495 6049 2557 6103 εἰς
2592 6048 2674 6103 τὴν
2694 6047 2836 6104 τάξιν.
