4092 6408
459 315 568 372 357

460 430 667 495 πάθους
705 429 908 485 οἰκείου
946 431 1261 503 κινούμενος
1293 433 1393 505 τῆς
1437 433 1573 503 πρὸς
1610 433 1781 505 αὐτὴν
1822 435 2133 505 ἠνεσχόμην

460 513 767 592 συνουσίας,
796 515 883 567 ⁶ίνα
916 514 1009 568 καὶ
1032 515 1363 585 προσπαθῶς
1394 514 1644 569 ἐντεῦθεν
1673 514 1988 587 κινούμενος
2014 516 2137 570 ἀλο-

459 612 555 663 γον
583 599 720 666 αὐτῇ
758 596 1089 667 προστασίαν
1118 596 1213 649 δῶ.
1246 594 1377 650 Οἶδα
1420 596 1518 669 τὴν
1546 596 1902 669 ὀφειλομένην
1934 615 2016 652 σοι
2057 617 2137 653 τι-

461 682 570 748 μήν
591 694 604 708 ·
664 680 763 731 οὐκ
791 679 971 747 ἀγνοῶ
1000 678 1107 731 τῶν
1125 679 1351 733 οἰκετῶν
1376 679 1477 749 τήν
1508 680 1922 751 ἀγνωμοσύνην.
1946 678 2136 743 Οὐδείς

461 779 556 830 μοι
584 760 787 831 ταύτης
826 760 1003 828 λόγος,
1038 761 1266 831 οὐδεμία
1298 761 1546 833 φροντίς·
1586 761 1648 816 ἐν
1681 762 1798 815 ἐστί
1833 780 1923 833 μοι
1974 765 2134 834 μόνον

456 844 519 896 τὸ
554 843 1007 915 σπουδαζόμενον,
1038 844 1099 896 τὸ
1134 844 1194 897 σὲ
1223 844 1450 909 ἄλυπον,
1473 844 1769 917 ἀτάραχον,
1797 847 1856 899 ἐν
1878 848 2013 918 τιμῇ
2037 845 2136 901 πά-

458 942 529 999 σῃ
563 927 891 981 καθεστάναι
930 926 1132 991 παντὸς
1159 927 1588 999 ἀπηλλαγμένην
1615 927 1884 1000 λυπηροῦ.

526 1017 588 1064 ε’.
616 1008 787 1063 Τοῦτο
803 1009 1001 1081 ἀληθὲς
1022 1011 1374 1073 συνοικέσιον.
1390 1011 1547 1065 τοῦτο
1566 1011 1724 1084 ἀνὴρ,
1743 1011 1871 1065 ὅταν
1890 1011 1963 1083 μὴ
1981 1010 2132 1084 ἀκρι·

453 1094 747 1164 6ολογῆται
775 1094 911 1165 πρὸς
942 1096 1011 1148 τά
1042 1096 1141 1166 τῆς
1166 1096 1421 1163 γυναικὸς
1447 1097 1691 1167 ῥήματα,
1718 1095 1851 1149 ἀλλά
1874 1099 1938 1166 τῇ
1970 1096 2134 1149 ἀσθε-

454 1179 575 1249 νείᾳ
621 1178 719 1246 τῆς
761 1178 977 1246 φύσεως
1018 1178 1220 1251 πολλὴν
1256 1180 1436 1251 νέμων
1480 1181 1581 1252 τὴν
1631 1179 1965 1249 συγγνώμην
2001 1183 2131 1251 μίαν

456 1264 689 1315 ποιεῖται
721 1262 978 1332 σπουδὴν,
999 1261 1139 1318 ὥστε
1170 1264 1268 1335 τήν
1291 1263 1467 1334 λύπην
1489 1263 1733 1318 ἐκποδὼν
1759 1265 2003 1336 ποιῆσαι,
2034 1268 2130 1321 καὶ

453 1347 523 1400 τὰ
549 1346 650 1416 τῆς
682 1346 904 1417 εἰρήνης
947 1348 1043 1400 καὶ
1086 1346 1185 1417 τῆς
1236 1348 1491 1418 ὁμονοίας
1529 1347 1872 1418 συσφίγγειν.
1908 1350 2128 1403 Ἀκουέ-

452 1444 632 1482 τωσαν
661 1428 872 1499 ἀνδρες,
904 1430 1001 1483 καὶ
1046 1430 1423 1501 μιμείσθωσαν
1460 1430 1553 1484 τοῦ
1578 1432 1790 1485 δικαίου
1833 1433 1931 1502 τὴν
1958 1434 2131 1487 ἐπιεί-

454 1530 630 1577 κειαν,
672 1515 765 1567 καὶ
790 1514 1058 1586 τοσαύτην
1093 1515 1223 1568 αἰδὼ
1252 1518 1344 1568 καὶ
1366 1514 1532 1586 τιμὴν
1556 1517 1677 1578 ταῖς
1704 1515 1951 1584 γυναιξὶν
1989 1518 2129 1570 ἀπο-

451 1598 790 1667 νεμέτωσαν,
829 1599 924 1651 καὶ
952 1598 1028 1661 ὡς
1062 1598 1432 1669 ἀσθενεστέρῳ
1459 1598 1641 1652 σκεύει
1669 1611 1696 1639 κ
1732 1600 2124 1669 φειδέσθωσαν,

453 1680 538 1731 ἵνα
568 1680 596 1731 ό
635 1681 733 1751 τῆς
770 1680 1020 1750 ὁμονοίας
1047 1680 1339 1751 σύνδεσμος
1379 1680 1731 1752 ἐπιτείνηται.
1765 1682 1934 1735 Τοῦτο
1958 1683 2067 1755 γὰρ
2099 1687 2128 1738 6

450 1763 658 1834 ἀληθὴς
695 1763 945 1827 πλοῦτος,
973 1762 1111 1834 αῦτη
1142 1765 1173 1834 ὴ
1210 1763 1438 1835 μεγίστη
1474 1764 1783 1834 περιουσία,
1818 1766 1945 1817 ὅταν
1987 1764 2126 1836 ἀνὴρ

454 1847 593 1916 μετά
616 1847 873 1915 γυναικὸς
905 1844 978 1918 μή
1006 1846 1240 1917 διχονοῇ,
1283 1846 1421 1899 ἀλλά
1455 1846 1707 1918 καθάπερ
1737 1847 1895 1917 σῶμα
1938 1847 1996 1899 ἒν
2034 1846 2126 1899 οὐ-

450 1948 559 1994 τως
578 1924 683 1984 ὧσι
713 1932 1048 2002 συνημμένοι
1070 1948 1083 1961 ·
1120 1932 1406 1985 Ἔσονται
1430 1929 1559 2000 γάρ,
1590 1932 1777 2001 φησὶν,
1807 1936 1861 1986 οἱ
1898 1930 2006 1985 δύο
2038 1933 2125 1997 είς

448 2013 651 2081 σάρκα
681 2016 849 2084 μίαν.
882 2014 947 2070 Ol
973 2012 1204 2067 τοιοῦτοι
1238 2013 1337 2068 κάν
1371 2016 1429 2068 ὲν
1458 2015 1619 2087 πενίᾳ
1648 2010 1774 2077 ὦσι,
1809 2015 1910 2069 κάν
1943 2017 2001 2069 ἐν
2031 2015 2124 2067 εὐ-

448 2097 652 2168 τελείᾳ,
687 2098 904 2152 πάντων
928 2097 994 2151 ἂν
1035 2094 1144 2151 εἶεν
1191 2098 1672 2169 μακαριστότεροι,
1717 2099 1895 2169 ἀληθῆ
1927 2098 2123 2171 ἡδονὴν

449 2181 843 2252 καρπούμενοι,
877 2182 972 2235 καί
1001 2183 1059 2235 ἐν
1095 2180 1333 2251 διηνεκεῖ
1363 2180 1576 2253 γαλήνῃ
1613 2182 1987 2245 καθεστῶτεςο
2049 2183 2124 2246 ὡς

447 2264 500 2317 οἵ
526 2279 589 2331 γε
614 2263 817 2333 ταύτης
854 2264 929 2336 μὴ
970 2261 1356 2327 ἀπολαύοντες,
1396 2262 1532 2315 ἀλλά
1571 2262 1887 2332 ζηλοτύπως
1921 2264 2125 2318 διακεί-

451 2363 627 2415 μενοι,
684 2347 776 2399 καὶ
814 2347 876 2399 τὸ
916 2347 1014 2417 τῆς
1058 2347 1284 2416 εἰρήνης
1339 2344 1505 2399 καλὸν
1553 2345 1979 2416 διαφθείροντες,
2021 2347 2124 2400 κᾶν

451 2428 629 2499 πολλῷ
663 2430 1058 2501 περιρρέωνται
1092 2428 1323 2499 πλούτῳ,
1355 2428 1459 2482 κᾶν
1486 2428 1795 2491 πολυτελεῖς
1827 2428 1992 2498 ἔχωσι
2026 2429 2123 2494 τάς

445 2514 745 2583 τραπέζας,
793 2512 898 2566 κᾶν
944 2515 1001 2566 ἐν
1032 2514 1359 2585 περιφανείᾳ
1405 2516 1644 2582 τύχωσιν
1687 2511 1859 2577 ὅντες,
1906 2512 2122 2567 πάντων

443 2597 807 2669 ἐλεεινότερον
833 2597 967 2660 ζῶσι
999 2596 1134 2667 βίον,
1170 2597 1394 2666 κύματα
1434 2598 1528 2649 καὶ
1555 2596 1800 2667 ταραχάς
1841 2595 1964 2648 καθ’
1994 2595 2123 2648 ἐκά-

446 2696 583 2750 στην
619 2682 829 2751 ἡμέραν
884 2683 1097 2744 ἑαυτοῖς
1145 2679 1511 2743 ἐπινοοῦντες,
1573 2678 1669 2733 καὶ
1708 2678 1971 2749 ἀλλήλους
2017 2679 2119 2731 ὐπ-

442 2764 790 2826 οπτεύοντες,
820 2762 916 2815 καὶ
929 2764 1185 2833 οὐδεμίαν
1208 2762 1401 2832 ἡδονὴν
1423 2761 1569 2831 ἔχειν
1593 2761 1902 2830 δυνάμενοι,
1923 2760 2015 2814 τοῦ
2033 2762 2119 2814 ἐν·

440 2848 596 2902 δοθεν
632 2847 865 2917 πολέμου
894 2848 1070 2900 πάντα
1102 2847 1445 2916 συγχέοντος,
1482 2847 1577 2901 καὶ
1620 2848 1820 2919 πολλὴν
1850 2850 1908 2902 ἐν
1937 2850 2119 2912 αὐτοῖς

443 2932 544 3002 τὴν
577 2931 769 3001 ἀηδίαν
803 2930 1195 3002 ἐργαζομένου.
1236 2929 1374 2982 Ἀλλ’
1410 2930 1643 2984 ἐνταῦθα
1671 2931 1821 2985 οὐδὲν
1844 2932 2114 2984 τοιοῦτον·

441 3014 581 3069 ἀλλά
621 3014 711 3067 διά
739 3014 839 3083 τῆς
872 3012 1076 3076 οἰκείας
1123 3013 1422 3074 ἐπιεικείας
1458 3013 1488 3064 ό
1531 3013 1877 3085 πατριάρχης
1924 3014 2013 3066 τόν
2054 3030 2119 3066 τε
2159 3032 2167 3043 '

443 3097 615 3167 θυμὸν
657 3095 999 3165 κατεμάλαξε
1044 3096 1144 3162 τῆς
1193 3095 1502 3164 δεσποίνης,
1547 3095 1642 3148 καὶ
1684 3095 1809 3158 δοὺς
1851 3096 1989 3168 αὐτῇ
2018 3097 2119 3168 τὴν

441 3180 692 3244 ἐξουσίαν
721 3181 937 3232 ἃπασαν
968 3178 1067 3247 τὴν
1092 3178 1232 3231 κατά
1256 3178 1354 3247 τῆς
1388 3177 1699 3248 παιδίσκης,
1733 3180 1958 3249 εἰρήνης
1992 3180 2118 3232 πολ-

442 3262 543 3331 λῆς
571 3261 865 3331 ἐνέπλησεν
900 3259 1093 3325 ἑαυτοῦ
1125 3260 1223 3329 τὴν
1270 3262 1468 3312 οἰκίαν.
1516 3260 1627 3315 Kal
1662 3260 1974 3325 ἐκάκωσεν
2012 3265 2118 3317 αὐ-

440 3345 577 3411 τὴν,
606 3344 760 3413 φησὶ,
786 3344 966 3410 Σάρα,
992 3343 1088 3395 καί
1114 3341 1341 3409 ἀπέδρα
1371 3341 1491 3396 ἀπὸ
1532 3343 1861 3411 προσώπου
1905 3344 2112 3418 αὐτῆς.

455 3428 671 3497 Ἐπειδὴ
705 3427 811 3498 γάρ
851 3427 981 3489 ῖσως
1020 3426 1279 3479 ἐκόλασεν
1309 3427 1479 3497 αὐτῆς
1508 3427 1607 3498 τὴν
1639 3430 1992 3499 προπέτειαν,
2037 3432 2117 3494 εἰς

439 3513 621 3581 φυγὴν
646 3511 863 3581 ἐτράπη
914 3511 947 3580 ὴ
992 3508 1271 3579 παιδίσκη.
1310 3509 1560 3563 Τοιοῦτον
1599 3510 1707 3579 γὰρ
1750 3510 1857 3564 τῶν
1889 3513 2116 3566 οἰκετῶν

437 3598 501 3651 τὸ
530 3597 675 3658 ἔθος*
712 3593 931 3646 ἐπειδάν
966 3591 1043 3663 μὴ
1065 3592 1160 3662 ἐξῇ
1198 3592 1381 3656 αὐτοῖς
1406 3591 1485 3662 τῷ
1504 3593 1690 3664 οἰκείῳ
1714 3594 1902 3667 τρόπῳ
1924 3596 2119 3666 κεχρῆ-

441 3679 587 3740 σθαι,
642 3676 756 3729 ἀλλ’
805 3674 1141 3743 ἐγκόπτηται
1191 3675 1369 3728 αὐτῶν
1413 3674 1482 3727 τά
1541 3676 1643 3746 τῆς
1694 3678 2113 3750 ἐπιχειρήσεως,

436 3760 643 3822 εὐθέως
670 3757 943 3827 ἀφηνιῶσι
970 3755 1078 3808 τῶν
1103 3756 1400 3819 δεσποτῶν,
1437 3757 1531 3809 καὶ
1560 3758 1696 3827 πρὸς
1723 3759 1902 3831 φυγὴν
1926 3760 2116 3831 ὁρμῶ-

438 3862 544 3899 σιν.
575 3842 735 3896 ’Λλλά
748 3843 847 3914 ὅρα
871 3840 1033 3894 πάλιν
1050 3838 1291 3893 ἐνταῦθα
1313 3841 1483 3910 πόσης
1510 3841 1770 3895 ἀπολαύει
1790 3843 1889 3912 τῆς
1911 3843 2116 3899 ἄνωθεν

438 3930 656 4000 ῥοπῆςυ
690 3928 783 3980 καὶ
820 3928 854 3998 η
900 3924 1184 3994 παιδίσκη,
1223 3922 1311 3976 διά
1348 3923 1446 3994 τήν
1472 3924 1552 3987 εἰς
1576 3923 1667 3978 τὸν
1691 3925 1900 3984 ,δίκαιον
1926 3929 2111 3999 τιμήν.

451 4010 670 4082 Ἐπειδὴ
699 4009 809 4080 γάρ
839 4007 1131 4077 περιέφερε
1157 4006 1276 4076 μεθ’
1296 4006 1494 4076 ἑαυτῆς
1517 4006 1612 4059 τοῦ
1634 4007 1845 4061 δικαίου
1873 4009 1935 4062 τὸ
1963 4010 2112 4084 [591]

436 4095 683 4166 σπέρμα,
710 4092 799 4144 διά
828 4091 986 4144 τοῦτο
1016 4091 1111 4143 καὶ
1144 4089 1244 4159 τῆς
1276 4089 1541 4153 ὀπτασίας
1575 4088 1820 4153 ἀξιοῦται
1841 4093 1937 4162 τῆς
1965 4093 2117 4164 παρά

436 4176 531 4229 τοῦ
554 4174 809 4242 ἀγγέλου.
832 4169 986 4239 Εὗρε
1017 4171 1126 4240 γὰρ
1156 4170 1371 4237 αὐτὴν.
1398 4171 1581 4239 φησὶν,
1613 4170 1869 4241 ἅγγελος
1893 4175 2117 4243 Κυρίου

435 4259 538 4312 ἐπὶ
560 4256 667 4325 τῆς
696 4255 896 4325 πηγῆς
924 4254 1031 4307 τοῦ
1072 4253 1289 4319 ὕδατος
1314 4254 1384 4306 ἐν
1421 4252 1497 4322 τῇ
1527 4253 1747 4322 ἐρήμῳ,
1782 4256 1852 4309 ὲν
1886 4256 1961 4325 τῇ
1998 4257 2117 4324 ὀδῷ

439 4342 615 4408 Σούρ.
652 4338 850 4391 Σκόπει
885 4335 1295 4407 φιλανθρωπίαν
1327 4337 1622 4397 Δεσπότου,
1654 4339 1772 4401 πῶς
1795 4339 1984 4393 οὐδένα
2018 4360 2116 4395 πε-

441 4424 624 4494 ριορᾷ,
670 4419 810 4473 ἀλλά
851 4418 953 4471 κᾶν
991 4416 1209 4488 οἰκέτης
1246 4413 1303 4489 ᾗ,
1360 4418 1463 4472 κᾶν
1508 4419 1796 4491 παιδίσκη,
1846 4421 2008 4487 αὐτὸς
2055 4425 2114 4477 ἐν

438 4506 575 4558 πᾶσι
601 4502 700 4573 τὴν
715 4498 919 4553 οἰκείαν
936 4498 1305 4553 ἐπιδείκνυται
1338 4500 1615 4571 πρόνοιαν,
1645 4502 1705 4555 οὐ
1731 4502 1866 4575 πρὸς
1881 4504 1980 4575 τήν
2006 4506 2113 4562 τῶν

436 4584 765 4655 ἀξιωμάτων
796 4580 938 4652 ὁρῶν
980 4580 1269 4651 διαφοράν,
1312 4581 1448 4637 ἀλλά
1490 4582 1628 4655 πρὸς
1663 4584 1762 4655 τήν
1794 4585 1893 4655 τῆς
1937 4586 2113 4658 ψυχῆς

432 4668 699 4722 διάθεσιν.
729 4662 996 4719 Ἐνταῦθα
1031 4662 1087 4714 δὲ
1123 4663 1182 4715 οὐ
1209 4662 1297 4716 διά
1326 4664 1424 4735 τὴν
1453 4668 1552 4737 τῆς
1582 4667 1874 4737 παιδίσκης
1904 4667 2059 4733 ἀξίαν
2084 4674 2112 4724 ὁ

435 4752 666 4821 ἅγγελος
699 4750 1004 4819 ἐφίσταται,
1028 4745 1164 4800 ἀλλά
1182 4746 1270 4800 διὰ
1291 4748 1390 4818 τὴν
1421 4749 1558 4819 πρὸς
1577 4750 1670 4803 τὸν
1695 4750 1900 4805 δίκαιον
1927 4754 2110 4825 τιμήν.

438 4835 707 4905 Καθάπερ
742 4832 851 4903 γὰρ
884 4829 1055 4901 ἔφθην
1082 4827 1276 4896 εἰπὼν,
1302 4831 1469 4902 ἐχρῆν
1500 4832 1671 4904 αὐτὴν
1715 4834 1916 4905 πολλῆς
1941 4837 2108 4903 ἀξιω-

436 4919 599 4990 θῆναι
637 4916 912 4988 προνοίας,
946 4913 1034 4967 διὰ
1069 4912 1128 4967 τὸ
1171 4912 1329 4978 ἀξίαν
1363 4915 1617 4983 γενέσθαι
1654 4916 2011 4981 ὐποδέξασθαι
2052 4920 2113 4975 τὸ

434 5000 532 5053 τοῦ
562 4998 770 5053 δικαίου
810 4996 1049 5067 σπέρμα.
1083 4995 1195 5048 Καὶ
1225 4996 1418 5064 εὑρὼν
1447 4997 1662 5067 αὐτὴν.
1704 5000 1891 5070 φησιν,
1930 5005 1965 5057 ό
2006 5004 2111 5074 ἀγ.

434 5088 616 5154 τελος
659 5080 830 5136 εἶπεν
874 5078 1053 5148 αὑτῇο
1088 5079 1265 5148 Ἅγαρ
1310 5082 1604 5162 παιδίσκη
1661 5084 1878 5153 Σάρας,
1929 5089 2115 5143 πόθεν

435 5170 609 5238 ἔρχῃ.
646 5167 747 5222 καί
778 5166 898 5221 ποῦ
936 5172 1205 5241 πορεύῃ;
1238 5167 1380 5238 Ὅρα
1421 5168 1538 5231 πῶς
1587 5170 1684 5223 καὶ
1722 5169 1791 5223 τὰ
1825 5172 1976 5242 παρὰ
2019 5171 2111 5227 τοῦ

434 5252 674 5320 ἀγγέλου
710 5252 792 5314 είς
835 5252 1143 5326 ὑπόμνησιν
1175 5252 1345 5324 αὐτὴν
1392 5248 1495 5321 ἦγε
1535 5252 1632 5323 τῆς
1676 5254 1880 5318 οἰκείας
1933 5256 2109 5324 ἀξίας.

438 5336 562 5390 Ἵνα
598 5335 710 5407 γὰρ
752 5337 1267 5408 προσεκτικωτέραν
1300 5335 1471 5406 αὐτὴν
1513 5339 1735 5408 ποιήσῃ,
1773 5338 1976 5403 εὐθέως
2013 5340 2110 5411 τήν

438 5417 813 5488 προσηγορίαν
843 5420 1015 5489 αὐτῆς
1047 5421 1127 5484 εἰς
1161 5420 1325 5491 μέσον
1355 5420 1549 5489 ἤγαγε,
1575 5419 1667 5472 καί
1699 5437 1884 5489 φησιν,
1910 5422 2109 5493 Ἅγαρ.

439 5500 725 5571 Εἰώθαμεν
763 5501 872 5571 γάρ
909 5518 1026 5567 πως
1070 5502 1301 5566 ἐκείνοις
1346 5502 1640 5573 προσέχειν
1676 5503 1876 5571 μᾶλλον
1905 5507 2016 5569 τοῖς
2056 5508 2113 5574 ἐξ

438 5581 702 5654 ὀνόματος
738 5585 884 5654 ἡμᾶς
915 5584 1189 5639 καλοῦσιν.
1213 5582 1349 5639 Εἶτά
1379 5602 1532 5655 φησι,
1564 5585 1857 5655 Παιδίσκη
1888 5588 2111 5655 Σάρας·

442 5664 851 5735 ὑπομιμνήσκει
878 5668 1048 5737 αὐτὴν
1067 5669 1166 5737 τῆς
1196 5669 1505 5738 δεσποίνης,
1547 5669 1632 5721 ἳνα
1654 5669 1851 5723 εἰδέναι
1881 5670 2000 5742 ἔχῃ,
2030 5673 2113 5725 ὅτι

444 5746 545 5799 κᾶν
576 5749 833 5817 μυριάκις
874 5750 969 5819 τῆς
1010 5750 1339 5822 δεσποτικῆς
1378 5751 1540 5822 εὐνῆς
1580 5751 1959 5824 ἐκοινώνησεν,
1994 5754 2112 5807 ἀλλ’

505 5915 531 5943 ⁴¹
557 5916 645 5989 ξὶο
663 5916 813 5965 Savil.
831 5924 881 5965 et
896 5920 1116 5989 quimulc
1138 5934 1250 5989 "35$.
1270 5921 1327 5968 At
1344 5922 1511 5989 Mqrcl.
1539 5925 1873 5989 ἀσθενεστέρου
1888 5927 2097 5985 σκεύους.

524 5994 534 6007 ν
558 5977 785 6036 Quinque
817 5977 932 6027 mss‘.
1062 5982 1235 6028 ἀνωθεν
1260 5984 1496 6043 προνοίας.

1230 318 1291 375 S.
1329 316 1617 375 JOANNIS
1653 314 2144 376 CHRYSOSTOMI
2178 314 2512 379 ARCHIEP.
2554 318 3103 379 CONSTANTINOP.

2238 434 2390 504 ὅμως
2434 435 2527 488 καὶ
2567 435 2819 490 δεσπότιν
2867 435 3070 505 ὀφείλει
3125 432 3527 507 ἐπιγράφεσθαι
3562 436 3661 509 τὴν
3708 439 3907 511 Σάριν.

2235 516 2383 588 Ὀρα
2423 518 2602 572 τοίνυν
2648 519 2741 571 τὸν
2780 520 3013 588 άγγελον
3047 518 3472 589 πυνθανόμενον,
3502 522 3589 574 ἴνα
3635 524 3715 586 εἰς
3742 525 3912 594 ἀνάγω

2234 618 2338 672 κην
2371 601 2544 672 αὐτὴν
2589 602 2773 674 ἀγάγῃ
2822 602 2924 673 τῆς
2971 600 3335 673 ἀποκρίσεως.
3388 602 3579 667 Πόθεν,
3621 606 3772 675 φησί,
3812 606 3909 659 νῦν

2232 684 2313 746 είς
2362 684 2462 755 τὴν
2517 683 2724 755 ἔρημον
2767 684 2973 752 ταύτην
3041 682 3444 754 παραγέγονας,
3506 687 3601 737 καὶ
3656 686 3759 739 ποῦ
3809 689 3910 758 τὴν

2232 764 2410 836 ὁρμὴν
2439 764 2619 835 ἔχειςς
2649 765 2750 819 Διά
2779 766 2940 819 τοῦτο
2974 765 3069 820 καὶ
3099 767 3180 830 εἰς
3213 766 3382 837 αὐτὴν
3405 766 3504 837 τὴν
3540 768 3742 839 ἔρημον
3768 772 3905 841 αὐτῇ

2232 849 2502 919 γενομένῃ
2558 848 2808 919 φαίνεται
2854 851 2885 903 6
2937 848 3187 917 ἄγγελος.
3223 849 3313 902 ἴνα
3365 849 3440 920 μὴ
3483 852 3679 922 νομίσῃ
3722 852 3909 915 ἁπλῶς

2230 948 2355 985 τινα
2405 932 2515 984 τῶν
2570 933 2873 1004 παριόντων
2901 927 3038 987 εἶναι
3064 931 3156 985 τὸν
3194 932 3526 1002 πυθόμενον
3558 935 3763 1004 ἐρημία
3796 936 3906 1004 γάρ

2230 1010 2321 1085 ἦν,
2361 1025 2384 1055 ο
2432 1015 2529 1069 καὶ
2578 1016 2751 1080 οὐδεὶς
2794 1018 2979 1088 ἕτερος
3009 1016 3215 1088 παρῆν·
3268 1016 3357 1071 ἵνα
3396 1015 3490 1073 οὖν
3532 1018 3732 1071 εἰδέναι
3779 1020 3902 1089 ἔχῃ,

2231 1098 2314 1151 ὃτι
2361 1098 2460 1169 οὐχ
2496 1098 2684 1163 ἁπλῶς
2727 1101 2876 1153 ἐστιν
2916 1100 2947 1153 6
2993 1098 3174 1170 τυχὼν
3210 1098 3241 1150 6
3283 1100 3418 1171 πρὸς
3457 1100 3627 1170 αὐτὴν
3661 1100 3903 1167 διαλεγό-

2234 1198 2415 1252 μενος,
2451 1181 2537 1235 διὰ
2581 1181 2739 1235 τοῦτο
2777 1184 2835 1236 ἐν
2973 1184 3164 1255 ἐρήμῳ
3199 1183 3387 1251 φανεὶς
3429 1182 3755 1236 πυνθάνεται
3807 1183 3902 1239 αὐο

2229 1263 2363 1331 τῆς·
2403 1265 2518 1317 Καί
2558 1279 2748 1333 φησιν
2769 1265 3000 1333 ἐκείνψ
3049 1264 3183 1318 Ἀπὸ
3224 1264 3547 1332 προσώπου
3572 1264 3767 1341 Σάρας
3785 1264 3903 1333 τῆς

2230 1348 2444 1417 κυρίας
2462 1365 2583 1417 μου
2599 1348 2714 1419 ἐγὼ
2732 1347 3174 1416 ἀποδιδράσκω.
3193 1349 3356 1420 Ὁρᾷς
3386 1347 3502 1411 πῶς
3527 1347 3627 1402 οὐκ
3654 1350 3904 1419 ἀρνεῖται

2226 1432 2326 1504 τὴν
2364 1434 2702 1497 δεσποτείαν,
2733 1433 2849 1488 ἀλλ’
2871 1433 3122 1505 ὁμολογεῖ
3159 1433 3301 1503 μετά
3345 1432 3601 1503 ἀληθείας
3650 1432 3903 1495 ἅπαντας

2230 1517 2345 1570 Οὐκ
2375 1516 2510 1581 ἐστι,
2543 1518 2727 1587 φησὶν,
2754 1515 3039 1587 ἄνθρωπος
3075 1518 3105 1570 ό
3133 1516 3556 1586 πυνθανόμενος,
3582 1517 3668 1580 ῖνα
3694 1514 3910 1583 δυνηθῶ

2230 1600 2746 1671 παρακρούσασθαι.
2775 1598 3069 1670 Προλαδὼν
3113 1599 3207 1652 καὶ
3254 1599 3354 1668 τὴν
3384 1599 3753 1670 προσηγορίαν
3785 1593 3911 1650 εἰπε

2227 1685 2325 1754 τὴν
2354 1684 2514 1755 ἐμὴν,
2542 1684 2637 1737 καὶ
2665 1684 2766 1753 τῆς
2802 1682 3087 1752 δεσποίνης
3112 1682 3390 1753 ἐμνήσθη·
3433 1684 3698 1752 προσήκει
3725 1681 3913 1733 τοίνυν

2228 1766 2371 1836 κάμὲ
2416 1764 2556 1835 μετά
2600 1763 2854 1834 ἀληθείας
2901 1764 3116 1817 ἅπαντα
3168 1764 3365 1815 εἰπεῖν.
3385 1762 3532 1816 Ἀπὸ
3559 1762 3908 1830 προσώπου,

2228 1850 2383 1918 φησί,
2424 1848 2620 1915 Σάρας
2645 1845 2755 1915 τῆς
2788 1847 2998 1914 κυρίας
3023 1862 3144 1915 μου
3172 1846 3286 1915 ἐγὼ
3311 1844 3914 1916 ἁποδιδρὰσκω.”ορα

2226 1932 2344 1995 πῶς
2387 1931 2707 2001 ἀνεπαχθῶς
2738 1929 2838 2001 τὴν
2868 1930 3088 2000 μνήμην
3132 1930 3445 1999 ἐποιήσατο.
3481 1928 3555 1980 Οὐ
3594 1928 3699 1997 γάρ
3730 1921 3909 1988 εἶπεν,

2225 2015 2306 2068 ὅτι
2336 2014 2494 2067 Δεινά
2529 2031 2593 2085 με
2630 2012 2877 2083 διέθηκεν
2895 2029 2910 2042 ο
2951 2012 3051 2065 οὐκ
3074 2007 3249 2077 εἶπεν,
3280 2012 3363 2064 ὅτι
3390 2010 3673 2064 Ἐκάκωσέ
3694 2027 3782 2081 με,
3811 2013 3911 2063 καὶ

2224 2098 2313 2151 διά
2338 2098 2397 2151 τὸ
2426 2097 2500 2168 μὴ
2528 2096 2714 2168 φέρειν
2743 2096 2841 2166 τὴν
2871 2095 3071 2165 πολλὴν
3104 2094 3399 2164 ἐπάχθειαν
3424 2095 3504 2157 είς
3538 2092 3715 2161 φυγὴν
3749 2094 3913 2164 ἐτρά-

2225 2198 2333 2251 πην
2349 2194 2363 2209 ·
2397 2181 2548 2234 οὐδὲν
2574 2180 2833 2250 δυσχερὲς
2858 2178 3180 2248 ἐφθέγξατο,
3204 2177 3338 2231 ἀλλά
3366 2176 3526 2248 μόνον
3555 2176 3756 2245 ἑαυτῆς
3777 2194 3911 2229 κατι

2224 2264 2495 2335 ηγόρησεν
2543 2264 2619 2326 ὡς
2670 2263 3074 2333 ἀποδρασάσης.
3109 2258 3261 2325 Εἶδες
3290 2263 3461 2332 αὐτῆς
3492 2260 3591 2332 τὴν
3618 2261 3911 2330 εὐγνωμο-

2226 2349 2427 2418 σύνην;
2466 2349 2608 2419 Ὅρα
2634 2346 2795 2401 πάλιν
2825 2348 2894 2400 τά
2921 2346 3074 2417 παρά
3102 2346 3195 2399 τοῦ
3222 2346 3455 2415 ἀγγέλου
3477 2344 3743 2415 εἰρημένα
3770 2344 3910 2415 πρὸς

2221 2432 2411 2501 αὐτήν·
2448 2428 2595 2485 Εἷπε
2628 2430 2696 2483 δὲ
2722 2429 2881 2498 αὐτῇ
2913 2432 2946 2484 ό
2985 2430 3238 2499 ἄγγελος
3271 2428 3489 2496 Kvpt'ov
3510 2445 3524 2459 °
3577 2426 3908 2494 Ἀποστρὰ-

2222 2518 2364 2583 φηθι
2387 2516 2536 2584 πρὸς
2563 2514 2677 2581 τὴν
2705 2514 2920 2581 κυρίην
2938 2530 3079 2575 σου,
3110 2513 3206 2567 καί
3234 2510 3627 2579 ταπεινώθητι
3650 2509 3768 2565 ὑπὸ
3796 2511 3909 2575 τὰς

2223 2598 2425 2667 χεῇοας
2452 2596 2659 2664 αὐτῆς.
2696 2596 2840 2667 Πρὸς
2866 2596 2962 2665 μὲν
2986 2596 3046 2649 τὸ
3068 2597 3261 2657 εἰπεῖν,
3280 2594 3414 2648 Ἀπὸ
3443 2594 3766 2662 προσώπου
3795 2590 3909 2658 τῆς

2223 2682 2435 2748 κυρίας
2476 2697 2594 2749 μου
2639 2679 3082 2747 ἀποδιδράσκω.
3117 2680 3302 2749 φησὶν,
3319 2676 3782 2746 Ἀποστράφηθι,
3815 2678 3909 2728 ἐπ-

2223 2760 2432 2823 άνελθε,
2481 2762 2558 2833 μὴ
2605 2761 2936 2831 ἀγνωμόνως
2982 2761 3222 2815 διάκεισο
3268 2761 3397 2832 περὶ
3441 2762 3540 2831 τὴν
3564 2758 3802 2813 τοσαῦτά
3842 2774 3907 2811 σε

2222 2845 2687 2915 εὐεργετήσασαν.
2724 2840 2878 2900 Εἶτα.
2909 2844 3097 2915 ἐπειδὴ
3138 2844 3198 2909 ἐξ
3226 2844 3544 2907 ἀλαζονείας
3572 2846 3666 2897 καὶ
3705 2845 3907 2912 φρονή-

2223 2944 2393 2997 ματος
2425 2927 2626 2998 ὑψηλοῦ
2660 2928 2795 2999 πρὸς
2840 2928 3010 2999 ὀργὴν
3054 2928 3296 2997 διήγειρε
3327 2928 3425 2997 τὴν
3460 2927 3659 2996 ἑαυτῆς
3682 2926 3907 2979 δέσποι-

2219 3028 2337 3072 ναν,
2369 3012 2539 3081 φησί’
2586 3011 2697 3065 Kal
2738 3009 3125 3077 ταπεινώθητι
3166 3008 3285 3064 ὑπὸ
3318 3011 3424 3075 τὰς
3456 3008 3656 3078 χεῖρας
3687 3005 3902 3075 αὐτῆς.

2220 3094 2519 3151 ὐποτάττου
2555 3095 2728 3164 αὐτῇ·
2774 3093 2932 3146 τοῦτο
2959 3094 3067 3163 γάρ
3110 3111 3191 3146 σοι
3236 3092 3521 3146 λυσιτελεῖ.
3540 3090 3906 3158 Ἐπιγίνωσκι

2218 3176 2315 3247 τὴν
2365 3176 2628 3238 δουλείαν,
2666 3177 2739 3247 μὴ
2786 3177 2971 3244 ἀγνόει
3025 3177 3123 3247 τὴν
3163 3175 3504 3236 δεσποτείαν,
3539 3174 3705 3244 μηδὲν
3747 3172 3904 3244 [⁸592]

2219 3260 2421 3329 ὑψηλὸν
2471 3260 2679 3333 φρόνει,
2718 3258 2792 3329 μὴ
2838 3259 2906 3312 τά
2937 3260 3076 3328 ὑπὲρ
3113 3259 3314 3327 σαυτὴν
3358 3257 3665 3327 φαντάζου·
3704 3260 3907 3309 Tanta:-

2216 3343 2432 3411 νώθητι
2479 3341 2596 3395 ὑπὸ
2646 3340 2753 3407 τὰς
2806 3341 3008 3410 χεῷας
3032 3340 3243 3409 αὐτῆς,
3277 3340 3475 3410 πολλὴν
3508 3337 3774 3404 ἐπίδειξαι
3805 3338 3905 3408 τὴν

2217 3432 2520 3502 ὐποταγήν.
2539 3430 2756 3493 Ἱκανῶς
2778 3429 2948 3498 αὐτῆς
2971 3428 3068 3501 τὴν
3089 3428 3268 3499 ψυχὴν
3294 3445 3425 3480 κατε
3435 3426 3639 3498 μάλαξε
3660 3426 3727 3478 τά
3748 3426 3904 3495 παρὰ

2214 3514 2310 3567 τοῦ
2352 3513 2583 3582 ἀγγέλου
2617 3512 2899 3583 εἰρημένα,
2932 3512 3277 3564 κατέστειλεν
3306 3511 3475 3581 αὐτῆς
3517 3510 3577 3562 τὸ
3619 3508 3904 3580 φρόνημα,

2217 3597 2543 3667 ἐχαλίνωσεν
2570 3595 2740 3665 αὐτῆς
2763 3594 2854 3649 τὸν
2888 3592 3079 3665 θυμὸν,
3107 3593 3308 3666 πολλὴν
3331 3595 3627 3665 εἰργάσατο
3651 3590 3902 3661 γαλήνην

2217 3680 2275 3734 ἐν
2302 3683 2413 3742 τοῖς
2450 3679 2749 3748 λογισμοῖς.

2290 3769 2365 3827 ς’.
2392 3757 2522 3814 Εἶτα
2537 3762 2623 3813 ἵνα
2649 3760 2722 3831 μὴ
2750 3760 2946 3832 νομίσῃ
2970 3760 3156 3825 ἁπλῶς
3172 3760 3265 3813 καὶ
3283 3760 3406 3829 είκῆ
3434 3759 3703 3829 τοσαύτης
3730 3754 3905 3825 ἡξιῶ-

2218 3844 2342 3897 σθαι
2375 3844 2646 3913 προνοίας,
2677 3841 2813 3894 ἀλλά
2839 3842 2984 3913 μάθῃ
3013 3844 3093 3895 ὃτι
3115 3843 3203 3895 διά
3229 3842 3290 3895 τὸ
3312 3841 3407 3894 τοῦ
3437 3841 3648 3895 δικαίου
3676 3841 3906 3909 σπέρμα
3994 3893 3999 3897 ,

2213 3923 2482 3992 τοσαύτης
2506 3920 2769 3975 ἀτωλαύει
2798 3924 2897 3991 τῆς
2924 3922 3269 3993 κηδεμονίας,
3300 3923 3402 3992 ὅρα
3438 3921 3553 3983 πῶς
3585 3918 3757 3989 αὐτὴν
3795 3935 3906 3971 πα-

2220 4003 2562 4074 ραμυθεῖται,
2592 4001 2686 4054 καὶ
2716 3999 2998 4071 ἀνίστησιν
3024 4003 3193 4071 αὐτῆς
3228 4000 3323 4071 τὴν
3349 3999 3545 4070 ψυχὴν,
3581 3999 3672 4051 καὶ
3697 3995 3905 4068 ἀρκοῦ-

2216 4098 2317 4135 σαν
2354 4080 2493 4150 αὐτῇ
2537 4079 2819 4148 χαρίζεται
2852 4079 2951 4150 τὴν
2977 4078 3321 4149 παράκλησιν
3350 4077 3440 4130 διὰ
3471 4077 3580 4129 τῶν
3622 4076 3907 4145 ἐπαγομέ-

2215 4178 2341 4215 νων.
2372 4160 2482 4213 Kal
2521 4153 2690 4211 εἶπεν
2718 4156 2874 4225 αὐτῇ
2908 4160 2941 4211 ὁ
2972 4157 3229 4227 ἅγγελος
3273 4157 3494 4224 Κυρίου
3514 4174 3526 4185 ·
3562 4155 3906 4220 Πληθύνων

2212 4235 2504 4308 πληθυνῶ
2548 4236 2614 4289 τὸ
2655 4237 2893 4305 σπέρμα
2936 4252 3080 4300 σου,
3124 4237 3224 4289 καί
3270 4239 3380 4290 οὐκ
3429 4233 3905 4304 ἀριθμηθήσετηι

2214 4317 2333 4373 ἀπὸ
2364 4314 2471 4369 τοῦ
2498 4314 2831 4380 πλήθουςά.
2866 4315 2975 4367 Καὶ
3006 4314 3164 4368 τοῦτό
3194 4333 3295 4377 σοι,
3327 4316 3480 4386 φησὶ,
3512 4312 3762 4384 προλέγω
3815 4314 3902 4365 δτι

2214 4394 2467 4449 τοσοῦτον
2499 4394 2651 4446 ἔσται
2683 4393 2745 4446 τὸ
2784 4393 3004 4464 σπέρμα
3044 4412 3159 4460 σου,
3194 4395 3269 4459 ὡς
3320 4395 3454 4467 μηδὲ
3497 4392 3715 4465 ἀριθμῷ
3758 4393 3905 4445 ὐπο-

2214 4473 2526 4531 δάλλεσθαι.
2576 4472 2668 4543 Μὴ
2716 4472 2892 4526 τοίνυν
2934 4472 3157 4542 ἀθύμει,
3206 4474 3341 4545 μηδέ
3379 4475 3709 4537 κατάπιπτε,
3756 4470 3900 4541 μηδὲ

2212 4554 2482 4624 ταράττον
2504 4553 2617 4614 τοῖς
2639 4551 2941 4621 λογισμοῖς,
2973 4551 3109 4605 ἀλλά
3138 4556 3317 4607 πᾶσαν
3350 4553 3612 4617 ἐπίδειξαι
3637 4552 3734 4620 τὴν
3760 4551 3899 4602 ὐπο-

2211 4634 2403 4703 ταγήν.
2425 4631 2580 4687 Ἰδοὺ
2612 4630 2724 4701 γὰρ
2750 4632 2819 4685 ἐν
2850 4631 3059 4701 γαστρί
3093 4632 3274 4699 ἔχεις,
3315 4631 3413 4686 καί
3436 4632 3578 4699 τέξῃ
3604 4632 3757 4691 υἱὸν,
3793 4628 3897 4679 καί

2214 4714 2496 4776 καλέσεις
2530 4711 2593 4763 τὸ
2617 4708 2805 4779 ὄνομα
2826 4712 3012 4766 αὐτοῦ
3048 4714 3320 4781 Ἰσμαήλ.
3353 4710 3452 4765 Διά
3478 4712 3586 4784 γὰρ
3605 4710 3762 4763 τοῦτό
3784 4728 3895 4770 σοι,

2215 4793 2367 4863 φησὶ,
2410 4793 2502 4844 καὶ
2533 4791 2623 4845 τὸν
2658 4792 2814 4844 τόκον
2842 4791 3113 4861 προλέγω,
3160 4793 3252 4845 καί
3282 4792 3341 4845 τὸ
3383 4794 3550 4862 δνομα
3592 4791 3691 4861 ’ήδη
3717 4791 3902 4843 ἐπιτί-

2212 4874 2348 4943 θημι
2373 4873 2449 4942 τῷ
2477 4871 2629 4924 παιδὶ
2662 4870 2740 4940 τῷ
2767 4873 3091 4942 τικτομένῳ,
3130 4873 3216 4924 ἵνα
3245 4871 3463 4925 πλείονα
3490 4871 3588 4941 τὴν
3619 4872 3903 4940 πληροφο-

2215 4953 2336 5025 ρίαν
2366 4951 2659 5022 δεξαμένη,
2691 4950 2835 5004 οὐτω
2862 4952 3095 5023 ποιήσῃς
3130 4953 3226 5020 τὴν
3258 4951 3535 5007 ἐπάνοδον.
3575 4950 3670 5002 καὶ
3696 4949 3767 5001 τά
3792 4949 3902 5019 ήδη

2209 5031 2552 5101 ἐπταισμένα
2595 5030 2920 5102 διορθώσῃς·
2955 5032 3085 5085 Ὅτι
3124 5030 3453 5098 ἐπήκουσε,
3490 5030 3645 5099 φησὶ,
3675 5029 3905 5097 Κύριος

2212 5110 2287 5180 τῇ
2312 5109 2666 5165 ταπεινώσει
2694 5126 2832 5165 σου.

2294 5200 2575 5253 Ἐντεῦθεν
2602 5198 2963 5269 μανθάνωμεν
3006 5198 3131 5252 ὅσον
3170 5196 3277 5250 τῶν
3320 5195 3552 5265 θλίψεων
3580 5194 3641 5248 τὸ
3677 5192 3903 5264 κέρδος,

2211 5280 2310 5349 ὅση
2342 5280 2441 5350 τῆς
2490 5279 2775 5349 συμφορᾶς
2815 5278 2848 5346 ἡ
2886 5276 3375 5347 ὠφέλεια.Ἐπειδὴ
3414 5275 3522 5348 γὰρ
3549 5274 3901 5344 ἀνεχώρησε,

2194 5359 2308 5427 ,καὶ
2334 5359 2402 5413 τά
2442 5358 2537 5426 τῆς
2571 5358 2762 5426 ὀδύνης
2788 5357 3018 5429 ηὐξήθη.
3054 5358 3144 5409 καὶ
3174 5356 3371 5427 πολλὴν
3402 5356 3608 5425 ὐπέστη
3636 5352 3747 5406 τῶν
3782 5354 3903 5406 θλί-

2213 5444 2359 5512 ψεων
2385 5441 2483 5511 τὴν
2510 5438 2853 5509 περίστασιν,
2882 5441 2941 5491 ἐν
2982 5437 3233 5508 μονώσει,
3265 5440 3321 5491 ἐν
3362 5437 3593 5508 ἐρημίᾳ,
3625 5439 3684 5489 ὲν
3712 5452 3907 5490 στενο-

2213 5520 2390 5591 χωρίᾳ.
2415 5519 2696 5587 διάγουσα,
2730 5517 2867 5586 μετά
2912 5517 3009 5588 τὴν
3050 5517 3321 5586 τοσαύτην
3352 5516 3676 5587 εὐημερίαν,
3708 5516 3810 5568 καὶ
3838 5515 3909 5569 τὸ

2213 5602 2293 5664 εἰς
2336 5599 2396 5653 τὸ
2444 5600 2580 5669 αὐτῇ
2627 5601 2693 5669 τῇ
2744 5597 3000 5670 δεσποίνῃ
3032 5598 3240 5668 πρέπον
3270 5596 3487 5667 ἀξίωμα
3512 5594 3906 5665 ἀνενεχθῆναι⁹

2212 5680 2300 5734 διὰ
2327 5679 2486 5733 τοῦτο
2517 5679 2737 5747 ταχείας
2764 5676 3045 5748 ἀπήλαυσε
3066 5677 3165 5745 τῆς
3195 5676 3554 5747 ἀντιλήψεως.
3569 5675 3758 5729 Ταῦτα
3788 5676 3912 5742 γάρ

2219 5777 2299 5813 σοι
2344 5760 2518 5823 ἔσται,
2562 5760 2748 5830 φησὶν,
2784 5759 2929 5830 άπερ
2961 5756 3300 5827 ὑπεσχόμην,
3330 5756 3426 5811 καὶ
3465 5756 3597 5825 τέξῃ
3632 5754 3772 5819 υἱὸν,
3806 5756 3914 5811 καὶ

2282 5931 2302 5995 ξ
2326 5929 2633 5995 ἐἱειεςριειη
2657 5929 2853 5995 mss._ln
2877 5930 2987 5995 δέῃ’.
3019 5935 3073 5978 et
3096 5928 3269 5979 Morel.
3293 5928 3372 5977 καὶ
3398 5928 3547 5985 οὐδεὶς
3573 5934 3747 5995 παρῆν.

2277 5989 2302 6029 δ
2326 5989 2376 6039 In
2412 5989 2694 6042 151ὺίιίδύπὸ
2726 5991 2808 6042 τοῦ
2849 5992 3067 6047 πλήθους.
3526 6004 3545 6023 ο
