4092 6408
325 439 430 496 557

324 569 433 625 que
475 551 620 606 enim
669 549 805 605 meis
853 544 1223 603 affectionibus
1266 543 1515 599 incitatus
1553 555 1670 597 rem
1707 552 1831 594 cum
1855 549 1920 592 ea

324 644 511 707 habui,
541 652 599 697 ut
642 657 767 712 erga
796 656 914 696 eam
939 642 1018 695 sic
1038 636 1261 702 alliciar,
1304 643 1363 690 ut
1388 645 1575 691 contra
1616 631 1921 703 :equitatem

326 740 374 792 ei
419 735 743 807 patrociner.
777 726 904 791 Scio
927 748 1085 804 quem
1115 731 1206 787 tibi
1234 730 1458 786 debeam
1490 727 1788 791 honorem;
1818 738 1926 778 non

328 828 517 897 ignoro
545 825 863 881 famulorum
889 828 1152 895 ingratum
1182 823 1439 877 animum.
1461 819 1613 874 Nulla
1652 816 1782 871 mihi
1811 816 1927 885 ejus

329 919 408 975 rei
448 934 577 974 cura
610 918 693 974 vel
723 918 860 973 ratio
889 934 903 971 :
938 931 1103 971 unum
1137 923 1340 969 tantum
1366 921 1450 967 est
1485 911 1571 965 cui
1613 909 1825 973 studeo,
1872 914 1931 960 ιιι

331 1018 386 1064 ιιι
420 1025 650 1065 mmrore
679 1022 864 1065 careas
905 1016 961 1064 et
990 1006 1313 1071 turbatione,
1340 1017 1404 1059 ac
1447 1003 1501 1057 in
1532 1000 1678 1057 omni
1726 1000 1801 1055 sis
1832 997 1933 1053 ho-

332 1117 485 1158 nore.

420 1193 474 1249 5.
516 1192 803 1269 Conjugum
848 1191 1030 1262 ofﬁcia.
1060 1220 1133 1231 —
1156 1189 1270 1245 Hoc
1296 1196 1380 1244 est
1422 1202 1606 1241 verum
1637 1183 1929 1240 contuber-

331 1286 506 1351 nium,
534 1284 644 1346 hoc
676 1276 867 1338 mariti
888 1282 1155 1346 Officium,
1179 1280 1395 1352 quando
1436 1296 1541 1334 non
1583 1293 1772 1347 magna
1812 1276 1935 1330 dili-

334 1377 519 1447 gentia
561 1376 631 1447 ad
678 1376 922 1454 mulieris
971 1383 1176 1445 spectat
1221 1375 1406 1436 verba,
1439 1370 1534 1427 scd
1581 1369 1934 1425 imbecillitati

330 1484 502 1545 sexus
531 1468 701 1533 venite
742 1454 1004 1522 nonnihil
1028 1465 1292 1529 concedit,
1326 1464 1430 1519 hoc
1469 1478 1633 1517 unum
1663 1470 1933 1531 satagens,

338 1572 398 1614 ut
427 1577 457 1616 e
485 1560 663 1614 medio
707 1560 925 1615 tollatur
962 1559 1197 1624 tristitia,
1227 1566 1282 1613 et
1318 1572 1420 1628 pax
1449 1567 1610 1627 atque
1650 1554 1937 1610 concordia

334 1651 778 1721 constriiigantur
824 1649 1045 1705 arctius.
1104 1648 1336 1703 Audiant
1382 1648 1503 1713 viri,
1553 1656 1610 1701 et
1662 1646 1938 1701 imitentur

341 1743 467 1812 justi
496 1744 793 1810 lenitatem,
836 1751 891 1798 et
932 1750 1134 1797 tantum
1180 1742 1439 1797 honorem
1484 1756 1547 1796 ac
1580 1740 1937 1796 reverentiam

340 1836 659 1892 mulieribus
709 1835 964 1899 tribuant,
1008 1843 1062 1889 et
1106 1843 1374 1903 tamquam
1421 1832 1674 1888 imbecilli
1720 1832 1941 1887 vasculo

341 1935 588 1996 parcant,
631 1937 694 1982 ut
736 1926 1042 1982 concordiae
1088 1925 1359 1981 vinculum
1411 1924 1619 1980 firmius
1659 1923 1937 1979 consistat.

342 2018 454 2075 lllze
484 2021 628 2075 cnim
655 2034 797 2075 verae
819 2028 943 2074 sunt
968 2017 1190 2081 divitiae,
1217 2017 1323 2072 illa:
1347 2016 1597 2070 maxima:
1632 2022 1756 2069 sunt
1775 2013 1942 2069 facul-

347 2123 510 2180 tates,
535 2112 580 2166 si
610 2112 692 2165 vir
711 2126 833 2166 cum
861 2109 1086 2165 muliere
1109 2124 1214 2163 non
1243 2106 1533 2172 discordet,
1556 2106 1650 2162 sed
1670 2104 1941 2175 conjuncti

344 2205 457 2269 sint
483 2212 543 2257 ut
573 2217 768 2272 corpus
798 2217 981 2256 unum.
1006 2199 1171 2254 Erunt
1198 2200 1365 2261 enim,
1397 2199 1586 2269 inquit,
1606 2198 1708 2252 duo
1733 2197 1787 2252 in
1823 2213 1940 2251 car-

349 2313 463 2349 nem
493 2311 646 2348 unam
679 2292 833 2362 (Gen.
852 2292 905 2346 9..
1080 2292 1239 2347 Tales
1267 2291 1366 2346 etsi
1399 2292 1450 2345 in
1480 2298 1793 2362 paupertate
1813 2288 1942 2356 sint,

349 2389 451 2444 ctsi
484 2388 536 2442 in
568 2387 789 2453 vilitate,
828 2387 1066 2440 omnium
1098 2394 1224 2440 sunt
1264 2384 1578 2452 beatissimi,
1604 2399 1789 2440 veram
1817 2399 1943 2455 por-

350 2480 556 2550 cipiunt
580 2479 930 2551 voluptatem,
953 2486 1009 2533 et
1043 2477 1096 2532 in
1133 2478 1382 2532 continua
1412 2475 1613 2547 degunt
1648 2477 1948 2547 tranquilli—

354 2581 498 2628 tate:
526 2572 666 2629 sicut
683 2581 869 2628 contra
895 2572 985 2642 qui
1014 2570 1114 2625 hac
1141 2584 1247 2625 non
1279 2569 1547 2636 fruuntur,
1567 2568 1662 2624 scd
1684 2569 1947 2641 zelotypia

356 2667 620 2731 laborant,
651 2673 707 2720 et
751 2664 950 2719 bonum
994 2663 1142 2734 pacis
1186 2662 1455 2728 amittunt,
1481 2662 1692 2717 etiamsi
1743 2664 1950 2733 magnis

353 2757 579 2811 aﬂluant
604 2756 822 2822 divitiis,
846 2755 1054 2811 etiamsi
1085 2763 1426 2825 sumptuosas
1453 2754 1682 2808 habeant
1712 2769 1947 2822 mensas,

355 2848 570 2904 etiamsi
615 2848 745 2903 clari
776 2847 975 2904 fuerint
1005 2862 1069 2903 ac
1118 2846 1345 2915 nobiles,
1377 2848 1664 2903 miserrimi
1708 2847 1950 2904 omnium

357 2950 484 2996 sunt
518 2958 531 2993 :
564 2941 747 2996 turbas
776 2951 831 2995 et
858 2938 1052 2995 ﬂuctus
1076 2939 1180 2996 sibi
1212 2938 1448 3011 quotidie
1474 2938 1801 3010 excogitant,
1828 2953 1952 2997 sese

357 3033 589 3090 invicem
644 3039 922 3101 suspectos
970 3029 1205 3097 habent,
1264 3029 1573 3098 nullamque
1623 3029 1950 3099 voluptatem

362 3125 567 3182 habere
608 3136 853 3196 possunt,
883 3127 1093 3181 interno
1150 3125 1292 3182 bello
1336 3126 1515 3180 omnia
1566 3125 1951 3195 confundente,

360 3217 694 3287 multamque
741 3217 820 3272 eis
859 3216 1269 3272 amaritudinem
1312 3216 1618 3272 invehenle.
1646 3217 1840 3272 Verum
1866 3216 1955 3273 hic

364 3309 497 3363 nihil
532 3310 668 3375 tale;
699 3308 795 3365 sed
826 3310 1127 3380 patriarcha
1147 3309 1563 3380 indignationem
1586 3308 1957 3365 matris-fami-

364 3403 466 3457 lias
492 3418 586 3458 sua
619 3402 845 3472 placavit
872 3402 1120 3470 lenitate,
1162 3411 1216 3458 et
1250 3401 1372 3457 data
1401 3402 1451 3457 ei
1480 3410 1665 3457 contra
1703 3402 1954 3457 ancillam

367 3502 653 3563 potestate,
672 3493 889 3548 domum
913 3509 1041 3565 pace
1065 3493 1307 3563 replevit.
1325 3491 1395 3547 Et
1416 3493 1591 3564 amixit
1612 3509 1744 3561 eam,
1764 3493 1955 3563 inquit,

364 3586 524 3651 Sara,
549 3586 815 3657 etaufugit
855 3604 888 3640 a
923 3587 1052 3657 facie
1079 3588 1208 3658 ejus.
1246 3587 1532 3657 Postquam
1562 3587 1778 3642 domina
1816 3587 1959 3643 illius

366 3680 574 3749 punivit
600 3679 960 3746 insolentiam,
993 3679 1166 3749 fugam
1199 3677 1317 3732 iniit
1343 3678 1557 3733 ancilla.
1589 3678 1733 3735 Talis
1755 3680 1957 3735 scilicet

366 3786 646 3825 servorum
676 3786 794 3825 mos
826 3780 909 3826 est
938 3788 951 3824 :
983 3770 1197 3841 quando
1218 3785 1322 3825 non
1353 3770 1678 3840 permittitur
1705 3771 1784 3826 eis
1808 3786 1958 3827 more

365 3878 465 3918 suo
499 3880 678 3934 agere,
722 3864 815 3919 sed
861 3864 1223 3934 impediuntur
1262 3879 1451 3918 eorum
1492 3872 1733 3928 conatus,
1779 3864 1957 3919 statim

367 3957 712 4012 dominorum
742 3957 915 4026 ruptis
936 3955 1121 4022 frenis,
1151 3955 1325 4026 fugam
1354 3963 1658 4025 capessunt.
1692 3954 1958 4010 Ca‘terum

369 4048 473 4102 hoc
501 4048 662 4103 etiam
692 4047 832 4111 vide,
857 4045 1125 4117 quomodo
1152 4045 1361 4100 ancillae
1387 4059 1676 4114 supernum
1703 4044 1957 4100 auxilium

369 4156 474 4194 non
501 4138 663 4202 desit,
682 4138 752 4192 ob
771 4138 899 4208 justi
931 4136 1184 4191 videlicet
1210 4135 1491 4191 honorem.
1521 4134 1656 4190 Nam
1684 4137 1806 4206 quia
1829 4135 1958 4204 justi

369 4245 554 4287 semen
586 4231 722 4284 intra
762 4244 821 4286 se
853 4228 1095 4299 gerebat,
1127 4227 1247 4283 ideo
1270 4236 1325 4282 et
1356 4226 1531 4298 angeli
1561 4238 1835 4297 aspectum
1877 4226 1959 4282 vi-

370 4321 499 4377 dere
524 4321 737 4375 meruit.
760 4320 814 4375 7.
840 4318 1039 4373 Invenit
1066 4319 1209 4374 enim
1238 4335 1370 4383 eam,
1401 4318 1591 4389 inquit,
1617 4320 1826 4389 angelus
1854 4317 1960 4373 Do-

371 4414 496 4467 mini
538 4429 695 4483 prope
731 4415 921 4484 fontem
962 4426 1109 4483 aqua?
1158 4411 1214 4464 in
1258 4410 1548 4475 solitudine,
1592 4410 1648 4464 in
1697 4410 1780 4464 via
1830 4410 1958 4465 Sur.

372 4505 666 4560 Considera
712 4504 1096 4574 benignitatem
1146 4500 1391 4567 Domini,
1435 4499 1706 4570 quomodo
1754 4499 1960 4556 nullum

372 4594 651 4666 desliiciat,
670 4594 766 4649 sed
791 4593 1001 4648 etiamsi
1023 4607 1209 4647 servus
1229 4591 1297 4645 sit
1321 4590 1401 4645 vel
1422 4589 1636 4657 ancilla,
1657 4604 1808 4645 suam
1834 4605 1960 4662 erga

372 4704 495 4742 eum
524 4687 761 4742 declaret
790 4684 1198 4754 providentiam,
1217 4697 1324 4738 non
1352 4681 1417 4736 ad
1444 4681 1760 4753 dignitatum
1791 4682 1961 4753 respi-

372 4782 522 4836 ciens
551 4778 933 4845 diﬂerentiam,
977 4776 1071 4831 sed
1115 4775 1181 4830 ad
1226 4775 1417 4830 animm
1461 4773 1818 4830 affectionem.
1863 4773 1963 4829 Hie

371 4883 553 4929 autem
584 4888 689 4928 non
720 4883 940 4942 pr0pter
963 4870 1174 4925 ancillae
1207 4868 1457 4923 meritum
1492 4867 1713 4937 angelus
1738 4866 1958 4933 assistit,

373 4965 471 5021 sed
498 4965 567 5018 oh
589 4964 849 5019 honorem
875 4961 1026 5033 justi.
1054 4960 1185 5015 Nam
1207 4961 1342 5015 sicut
1367 4960 1497 5025 dixi,
1525 4959 1681 5029 digna
1706 4966 1824 5013 erat
1840 4974 1961 5029 quae

374 5074 480 5112 non
530 5056 910 5126 ncgligeretur,
943 5068 1008 5107 eo
1035 5052 1175 5122 quod
1205 5052 1361 5121 digna
1408 5050 1595 5105 fuisset
1626 5065 1745 5120 quae
1775 5064 1959 5106 semen

368 5149 499 5219 justi
529 5148 845 5215 susciperet.
875 5144 928 5199 8.
967 5142 1029 5196 Et
1055 5152 1108 5195 ut
1133 5159 1243 5195 eant
1262 5141 1448 5195 invenit
1471 5139 1702 5211 angelus,
1729 5140 1858 5195 dixit
1882 5141 1961 5195 ei:

378 5243 513 5311 Agar
534 5238 725 5293 ancilla
750 5236 918 5297 Sane,
938 5233 1070 5287 unde
1091 5234 1243 5296 venis,
1267 5243 1314 5287 et
1341 5248 1439 5300 quo
1459 5232 1600 5285 vadis
1617 5231 1643 5284 ?
1674 5230 1805 5286 Vide
1829 5244 1965 5301 quo-

376 5333 537 5387 modo
567 5342 621 5386 ct
660 5329 836 5401 angeli
865 5327 1005 5382 dicta
1034 5341 1152 5381 eam
1184 5325 1235 5379 in
1276 5325 1590 5379 memoriam
1633 5339 1744 5378 sua:
1770 5322 1963 5378 condi-

378 5426 540 5489 tionis
587 5422 864 5477 inducant.
910 5419 1044 5474 Nam
1091 5429 1149 5473 ut
1194 5416 1534 5473 attentioreni
1584 5432 1702 5472 eam
1751 5414 1964 5479 reddat,

376 5517 557 5583 statim
586 5512 1002 5583 appellationem
1029 5508 1263 5563 nominis
1289 5508 1405 5574 ejus
1434 5507 1488 5562 in
1524 5507 1757 5561 medium
1787 5505 1963 5573 affert,

377 5584 589 5672 ctilicit
614 5622 627 5656 :
669 5604 829 5674 Agar.
854 5600 1099 5656 Solemus
1122 5598 1266 5659 enim
1294 5598 1602 5669 diligentius
1636 5600 1963 5665 auscultare,

377 5696 595 5762 quando
640 5691 944 5763 nominibus
990 5690 1190 5745 nostris
1247 5704 1513 5757 vocamur.
1565 5688 1768 5744 Deinde
1812 5688 1963 5757 dicit,

383 5782 584 5839 Ancilla
605 5766 754 5841 sora:
772 5799 792 5838 :
816 5797 924 5853 quo
956 5781 1225 5837 recordari
1254 5796 1371 5835 cam
1391 5780 1543 5850 jubet
1565 5782 1798 5838 domina:
1827 5796 1964 5849 suae,

380 5880 439 5927 ut
480 5873 619 5928 sciat
655 5889 735 5943 se,
764 5875 889 5930 licet
929 5874 1192 5945 particeps
1236 5872 1392 5928 fuerit
1434 5872 1614 5928 herilis
1656 5872 1798 5939 lecti,
1832 5882 1968 5929 atta-

1320 424 1387 482 IN
1424 424 1579 484 CAP.
1619 421 1761 482 XVI.
1801 413 2049 476 GENES.
2091 411 2321 469 IIOLIIL.
2361 407 2649 467 XXXVIII.

3513 394 3620 450 358

2031 542 2158 583 men
2187 526 2459 582 dominam
2499 536 2793 595 agnoscere
2832 520 3029 576 debere
3066 517 3275 573 Suram.
3305 514 3436 569 Vide
3466 517 3622 586 igitur

2030 617 2280 689 angelum
2309 617 2752 686 interrogantem,
2784 621 2842 668 ut
2880 627 2999 668 eam
3025 609 3092 665 ad
3122 607 3481 680 respondendi
3524 623 3622 661 ue-

2030 711 2335 765 cessitatem
2363 716 2602 778 cogeret.
2635 705 2803 769 Unde,
2826 703 3016 775 inquit,
3037 700 3254 757 nuncin
3279 698 3623 754 solitudinem

2036 802 2178 858 hanc
2225 801 2512 869 advenisti,
2543 812 2598 856 et
2626 814 2734 870 quo
2756 797 3078 854 contendis?
3128 796 3304 865 Atque
3329 794 3399 849 ob
3428 793 3531 849 hoc
3572 793 3625 848 in

2036 892 2136 948 hac
2160 892 2451 948 solitudine
2477 900 2758 962 comparet
2782 890 3023 959 angelus,
3043 896 3101 943 ut
3128 902 3193 943 ne
3220 895 3369 957 putet
3394 886 3627 955 aliquem

2037 1000 2104 1041 ex
2147 984 2455 1055 vulgaribus
2499 983 2798 1038 viatoribus
2839 997 2963 1037 eum
3006 994 3126 1036 esse
3167 978 3258 1050 qui
3303 978 3595 1048 interrogat
3631 996 3643 1030 :

2037 1075 2271 1131 solitudo
2295 1076 2436 1130 enim
2466 1086 2603 1142 erat,
2631 1081 2687 1129 et
2715 1073 2894 1128 nullus
2936 1071 3074 1127 alius
3116 1071 3303 1127 aderat
3330 1087 3344 1124 :
3379 1080 3436 1125 ut
3473 1070 3633 1141 igitur

2037 1166 2176 1222 scire
2203 1168 2371 1235 possit
2399 1182 2503 1220 non
2534 1180 2655 1221 esse
2685 1164 2964 1235 vulgarem
2993 1162 3251 1232 aliquem,
3271 1161 3361 1231 qui
3391 1162 3490 1216 sibi
3519 1163 3635 1218 col-

2040 1256 2294 1327 loquitur,
2323 1267 2609 1327 eaprOpter
2653 1256 2704 1309 iu
2729 1269 2914 1309 eremo
2942 1254 3209 1325 apparuit,
3239 1262 3293 1307 et
3335 1252 3635 1308 sciscitatus

2040 1347 2186 1401 illam
2217 1356 2301 1403 est
2332 1364 2345 1400 :
2393 1346 2455 1400 Et
2483 1346 2645 1414 inquit
2674 1344 2761 1400 illa
2794 1362 2807 1397 :
2841 1345 2884 1397 Λ
2915 1344 3046 1415 facie
3072 1343 3221 1398 Sara:
3256 1342 3475 1396 dominae
3511 1356 3638 1396 mea?

2040 1455 2133 1510 ego
2159 1439 2323 1510 fugio.
2351 1438 2516 1494 Vides
2542 1435 2814 1509 quomodo
2850 1450 2957 1490 non
2985 1442 3141 1505 negat
3161 1434 3512 1498 dominatum,
3540 1432 3636 1487 sed

2040 1533 2327 1585 confitetur
2353 1544 2480 1586 vere
2501 1528 2719 1584 omnia?
2746 1526 2863 1581 Non
2887 1535 2992 1590 est,
3022 1525 3214 1594 inquit.
3241 1526 3402 1579 homo
3430 1524 3519 1594 qui
3549 1525 3636 1577 in-

2045 1630 2299 1692 tcrrogat,
2350 1632 2406 1676 ut
2446 1621 2649 1691 possim
2676 1617 2948 1689 decipere.
2983 1617 3221 1672 Primum
3264 1616 3398 1671 dixit
3441 1631 3637 1670 nomen

2043 1727 2245 1781 meum,
2272 1722 2327 1768 et
2355 1712 2586 1766 domina:
2608 1726 2743 1766 mea:
2772 1707 3018 1764 meminit
3045 1724 3059 1761 :
3090 1722 3185 1777 par
3205 1716 3289 1762 est
3312 1707 3473 1778 igitur
3495 1714 3554 1759 ιιι
3583 1715 3642 1762 et

2044 1818 2144 1873 ego
2174 1803 2352 1857 omnia
2380 1819 2507 1857 vere
2543 1801 2737 1856 dicam.
2760 1800 2804 1854 Α
2832 1800 2983 1871 facie,
3011 1799 3201 1869 inquit,
3236 1796 3386 1853 Sam
3423 1800 3642 1853 domina:

2045 1911 2171 1949 mea:
2198 1912 2286 1968 ego
2326 1896 2488 1966 fugio.
2532 1893 2664 1950 Vide
2692 1891 2961 1964 quomodo
3005 1891 3139 1946 citra
3169 1891 3352 1954 odium
3399 1890 3644 1946 meminit

2045 1989 2299 2045 dominm.
2326 1989 2442 2045 Non
2479 1990 2634 2057 dixit,
2664 1989 2747 2045 Me
2775 1988 2966 2043 afﬂixit
2996 2006 3010 2043 :
3044 2002 3149 2042 non
3193 1987 3350 2050 dixit,
3380 1987 3464 2043 Me
3505 1987 3644 2043 male

2049 2083 2350 2150 mulctavit,
2381 2099 2487 2138 non
2520 2099 2736 2154 possum
2761 2084 2900 2138 ferre
2942 2082 3242 2137 molestiam
3265 2082 3403 2151 ejus,
3434 2090 3488 2136 et
3524 2081 3647 2137 ideo

2047 2174 2228 2248 fugam
2257 2176 2350 2233 inii
2376 2195 2391 2231 2
2425 2177 2555 2231 nihil
2583 2192 2832 2246 asperum
2864 2176 3080 2246 loquuta
3105 2185 3207 2242 est,
3236 2175 3330 2235 sed
3362 2175 3536 2229 solum
3562 2189 3647 2229 se-

2049 2267 2221 2339 ipsam
2247 2277 2308 2324 ut
2327 2268 2599 2339 fugitivam
2630 2266 3126 2323 accusavit.Vidisti
3145 2268 3261 2336 ejus
3289 2267 3647 2337 probitatem?

2052 2359 2188 2417 Vide
2214 2360 2341 2431 quid
2372 2360 2569 2417 iterum
2606 2360 2827 2429 angelus
2852 2359 2903 2415 ei
2942 2358 3099 2414 dixit.
3141 2358 3194 2413 9.
3227 2357 3373 2413 Dixit
3405 2368 3575 2412 autem
3603 2360 3649 2414 ei

2051 2452 2264 2524 angelus
2307 2451 2555 2507 Domini:
2591 2450 2858 2507 Revertere
2884 2451 2952 2505 ad
2995 2451 3254 2505 demittant
3292 2461 3451 2516 tuam,
3482 2460 3529 2506 et
3555 2452 3651 2504 Itu-

2052 2545 2253 2599 miliare
2280 2545 2373 2598 sub
2400 2544 2634 2599 manibus
2662 2545 2790 2615 ejus.
2817 2543 2899 2598 Ad
2930 2544 3032 2599 hoc
3060 2542 3298 2613 quidem,
3318 2542 3461 2612 quod
3480 2542 3648 2597 dixit:

2054 2637 2099 2691 A
2126 2638 2260 2709 facie
2283 2638 2505 2691 domina:
2532 2652 2658 2691 mete
2682 2637 2845 2708 fugio,
2873 2636 3065 2706 inquit,
3091 2635 3377 2700 Revertere,
3401 2644 3457 2690 et
3484 2651 3552 2691 ne
3574 2636 3653 2691 sis

2057 2726 2263 2799 ingrata
2304 2743 2432 2797 erga
2477 2727 2750 2783 dominam
2801 2737 2967 2791 tuam,
2994 2742 3113 2797 qua:
3148 2726 3219 2782 de
3265 2735 3317 2783 te
3364 2739 3470 2782 tam
3516 2727 3655 2783 bene

2055 2821 2246 2876 merita
2278 2831 2382 2878 est.
2412 2806 2641 2886 Deinde,
2665 2821 2788 2892 quia
2832 2835 2898 2876 ex
2926 2822 3064 2876 fastu
3093 2830 3148 2875 et
3173 2820 3421 2890 superbia
3459 2821 3655 2875 mentis

2056 2913 2329 2967 dominam
2356 2927 2508 2968 suam
2537 2914 2589 2967 in
2636 2914 2768 2966 iram
2793 2910 3142 2978 excitaverat,
3173 2911 3363 2981 inquit,
3392 2909 3460 2964 Et
3485 2912 3657 2966 Immi-

2057 3006 2185 3061 liare
2227 3007 2320 3061 sub
2358 3006 2589 3061 manibus
2628 3008 2761 3077 ejus,
2788 3004 3026 3075 subjecta
3071 3014 3188 3060 esto
3223 3004 3272 3061 ei
3304 3022 3319 3060 :
3369 3004 3472 3061 hoc
3508 3005 3652 3061 enim

2059 3098 2155 3156 tibi
2178 3099 2441 3171 proderit.
2467 3100 2715 3170 Agnosce
2756 3099 3097 3165 servitutem,
3125 3113 3193 3153 ne
3231 3099 3445 3169 ignores
3484 3098 3659 3155 domi-
3758 3076 3763 3080 ’

2060 3191 2231 3259 nium,
2257 3190 2389 3246 nihil
2417 3191 2646 3247 sublime
2674 3191 2871 3261 sapito,
2895 3206 2963 3246 ne
2987 3189 3109 3261 plus
3137 3189 3204 3246 de
3232 3197 3286 3246 te
3307 3205 3466 3262 quam
3496 3206 3660 3262 opor-

2063 3295 2140 3342 tet
2193 3286 2394 3344 sentias
2429 3303 2444 3342 :
2495 3284 2788 3340 Humiliare
2827 3286 2919 3338 sub
2963 3283 3194 3338 manibus
3234 3284 3365 3353 ejus,
3412 3299 3657 3354 magnam

2059 3394 2173 3451 prae
2210 3388 2261 3436 te
2287 3380 2364 3436 fer
2394 3378 2777 3435 obedientiam.
2806 3377 2949 3433 Satis
2976 3378 3094 3446 ejus
3125 3376 3357 3430 animam
3384 3375 3659 3432 demulse-

2066 3479 2191 3526 rant
2218 3471 2392 3542 angeli
2414 3471 2576 3539 dicta,
2603 3478 2765 3541 atque
2785 3470 2902 3540 ejus
2931 3469 3177 3539 spiritum
3205 3476 3661 3537 compresserant,

2064 3563 2197 3618 satis
2234 3564 2575 3619 frenaverant
2600 3562 2716 3632 ejus
2753 3560 3106 3626 iracundiam,
3133 3558 3353 3615 multam
3382 3560 3435 3614 in
3462 3558 3664 3631 cogita-

2063 3655 2300 3713 tionibus
2326 3654 2672 3709 serenitatem
2697 3652 2951 3708 fecerant.

2137 3750 2191 3806 6.
2233 3748 2436 3804 Deinde
2461 3764 2530 3803 ne
2556 3757 2704 3819 putet
2732 3758 2937 3802 temere
2966 3756 3021 3802 et
3046 3746 3251 3817 absque
3276 3760 3436 3801 causa
3466 3760 3527 3801 se
3562 3746 3664 3803 hu-

2060 3841 2297 3914 jusmodi
2345 3839 2683 3912 providentia
2728 3839 3000 3910 dignatam
3047 3853 3200 3905 esse,
3250 3837 3345 3893 sed
3390 3836 3562 3893 discat
3602 3853 3665 3895 se

2067 3942 2287 4007 propter
2311 3948 2499 3990 semen
2532 3933 2663 4003 justi
2706 3940 2907 3987 tantam
2937 3929 3365 3985 benevolentiam
3406 3944 3667 3998 assequu-

2069 4037 2178 4083 tam
2215 4042 2358 4094 esse,
2390 4026 2512 4082 vide
2536 4024 2806 4096 quomodo
2837 4038 2956 4079 eam
2989 4021 3318 4089 consolatur,
3346 4030 3403 4077 et
3426 4030 3663 4078 mentem

2068 4121 2186 4189 ejus
2211 4119 2392 4190 erigit,
2423 4127 2478 4173 et
2505 4116 2931 4173 consolationem
2960 4114 3071 4181 dat,
3098 4130 3219 4185 qua:
3258 4113 3473 4170 abunde
3512 4114 3666 4170 suffi-

2068 4213 2197 4277 ciat,
2214 4226 2335 4267 cum
2360 4211 2431 4265 ita
2458 4208 2758 4279 subjungit:
2779 4208 2868 4263 10.
2892 4207 2961 4261 Et
2979 4206 3108 4261 dixit
3128 4207 3173 4260 ei
3192 4206 3403 4277 angelus
3423 4204 3666 4263 Domini:

2073 4302 2430 4374 Multiplicans
2455 4300 2804 4371 multiplicabo
2832 4315 3003 4355 semen
3032 4307 3194 4363 tuum,
3228 4307 3277 4352 et
3300 4313 3407 4367 prae
3438 4298 3668 4353 multitu-

2073 4399 2195 4452 dine
2215 4413 2317 4451 non
2343 4394 2707 4450 numerabitur.
2737 4392 2801 4448 Et
2832 4392 2949 4457 tibi,
2978 4390 3170 4462 inquit,
3198 4389 3431 4460 praedico
3459 4398 3663 4446 tantum

2078 4488 2196 4545 fore
2240 4503 2425 4543 semen
2473 4496 2641 4551 tuum,
2674 4493 2731 4539 ut
2772 4499 2948 4554 neque
2977 4498 3205 4538 numero
3246 4482 3538 4551 subjaceat.
3586 4482 3670 4539 Ne

2080 4580 2242 4651 igitur
2280 4587 2472 4634 maesta
2516 4578 2611 4641 sis,
2644 4590 2819 4646 neque
2846 4574 3194 4641 succumbas,
3225 4589 3400 4644 neque
3435 4574 3669 4631 turberis

2080 4673 2284 4738 animo,
2317 4670 2410 4726 sed
2438 4684 2547 4740 pra:
2576 4677 2627 4724 te
2657 4668 2737 4724 fer
2761 4682 2976 4723 omnem
3014 4665 3394 4721 obedientiam.
3419 4665 3505 4720 ll.
3536 4664 3670 4719 Ecce

2082 4767 2216 4820 enim
2246 4775 2444 4819 uterum
2484 4763 2635 4832 geris,
2664 4770 2710 4814 et
2736 4762 2903 4831 paries
2943 4759 3128 4829 ﬁlium,
3160 4767 3207 4811 et
3244 4756 3445 4811 vocabis
3485 4773 3668 4812 nomen

2069 4861 2183 4931 ejus
2226 4855 2438 4913 Ismael.
2470 4855 2616 4920 Ideo,
2643 4853 2835 4923 inquit,
2864 4861 2921 4907 et
2951 4858 3159 4920 partum
3195 4848 3290 4903 tibi
3323 4846 3580 4917 praedico,
3612 4858 3667 4903 et

2069 4966 2267 5009 nomen
2288 4950 2399 5020 jam
2435 4948 2657 5017 impono
2685 4960 2852 5016 puero
2875 4943 2965 5013 qui
2997 4949 3267 5004 nascetur,
3286 4950 3347 4994 ut
3379 4954 3440 4995 re
3464 4940 3666 4995 certius

2068 5051 2367 5113 comperta,
2387 5038 2465 5094 sic
2486 5034 2830 5108 regrediaris,
2849 5044 2903 5089 et
2922 5030 3177 5088 emendes
3196 5029 3337 5101 quod
3361 5028 3663 5100 deliquisti:

2072 5133 2208 5202 Quia
2246 5130 2438 5185 audivit
2468 5127 2716 5182 Dominus
2739 5124 3074 5178 humilitatem
3102 5131 3264 5176 tuam.

2145 5227 2407 5293 Quantum
2447 5234 2791 5276 aerumnarum
2834 5216 3053 5271 lucrum.
3078 5244 3151 5255 —
3192 5213 3330 5269 Hinc
3370 5211 3665 5268 discamus.

2070 5329 2329 5391 quantum
2360 5316 2428 5369 sit
2458 5314 2513 5368 in
2543 5309 2927 5366 afﬂictionibus
2962 5308 3192 5370 lucrum,
3226 5314 3425 5376 quanta
3453 5304 3672 5359 calanu-

2075 5414 2201 5469 tatis
2228 5409 2455 5465 utilitas.
2493 5405 2781 5474 Postquam
2810 5402 2954 5457 enim
2993 5399 3240 5464 secessit,
3278 5407 3334 5454 et
3369 5397 3529 5454 dolor
3567 5411 3662 5450 au-

2077 5513 2197 5561 ctus
2217 5498 2632 5568 est,multisque
2655 5492 2982 5550 circumdata
3007 5502 3090 5548 est
3115 5491 3464 5547 afﬂictionum
3493 5489 3668 5544 mole—

2079 5597 2219 5663 stiis,
2251 5598 2305 5650 in
2348 5590 2656 5657 solitudine,
2684 5589 2738 5643 in
2765 5587 2981 5644 deserto
3026 5595 3079 5643 et
3122 5584 3382 5656 angustiis
3421 5597 3673 5650 versans,

2076 5696 2202 5759 post
2250 5694 2453 5741 tantam
2497 5679 2941 5754 prosperitatem,
2969 5687 3025 5734 et
3070 5686 3350 5748 postquam
3395 5674 3450 5730 in
3487 5689 3669 5746 parem

2081 5792 2203 5835 cum
2250 5775 2468 5831 domina
2523 5787 2619 5828 sua
2672 5770 2989 5840 dignitatem
3038 5778 3223 5825 evecta
3278 5765 3503 5831 fuisset;
3549 5763 3675 5821 ideo

2083 5872 2441 5930 acccleratum
2492 5875 2645 5924 nacta
2694 5871 2781 5921 est
2838 5861 3154 5919 subsidium.
3212 5861 3338 5918 Ihec
3388 5860 3533 5917 enim
3572 5856 3669 5914 tibi
