4092 6408
199 391 310 447 359

189 504 259 559 :6
293 494 514 578 σπέρμα
548 497 642 560 σου
673 505 907 576 ἀριθμοῦ
935 507 1181 576 κρεῖττον
1207 504 1362 560 ἔσται
1381 546 1398 572 ,
1421 507 1546 562 ’Ότι
1575 507 1886 576 ἐπήκουσε

194 593 418 664 Κύριος
465 594 542 664 τῇ
595 595 951 650 ταπεινώσει
987 611 1127 650 σου.
1159 597 1251 668 Μὴ
1299 598 1480 650 τοίνυν
1529 597 1667 668 μηδὲ
1721 599 1885 669 ἡμεῖς

188 681 573 755 ἀσχάλλωμεν,
605 686 826 739 ἐπειδάν
871 685 979 739 ἀπό
1023 700 1168 748 τινος
1197 684 1574 755 περιστάσεως
1604 684 1714 740 τῶν
1739 701 1886 757 πρα-

187 771 420 841 γμάτων
453 773 904 843 ταπεινωθῶμεν.
928 771 1094 825 Οὐδὲν
1125 771 1236 844 γὰρ
1263 771 1422 844 ήμῶν
1454 775 1522 844 τῇ
1552 771 1715 842 φύσει
1736 772 1880 826 οὓτω

189 859 594 929 συμϐάλλεται,
647 860 722 924 ὡς
788 859 850 912 :6
917 857 1299 912 συστέλλεσθαι
1348 860 1444 914 καὶ
1493 858 1882 914 ταπεινοῦσθαι

186 947 223 1015 ἡ
233 947 350 1015 μῶν
373 946 436 998 :6
473 947 752 1018 φρόνημα,
789 947 881 1000 καὶ
917 945 979 999 τὸ
1003 947 1231 1018 φύσημα
1254 947 1352 1018 τῆς
1372 946 1554 1018 ψυχῆς
1577 948 1879 1002 καταστέλ-

186 1031 400 1087 λεσθαι.
439 1034 574 1086 Τότε
614 1033 724 1104 γὰρ
761 1031 920 1104 ήμῶν
963 1031 1166 1104 μᾶλλον
1209 1034 1238 1086 6
1275 1034 1554 1104 Δεσπότης
1595 1032 1878 1098 ἐπακούει,

186 1120 320 1174 ὅταν
380 1121 520 1192 μετά
565 1119 909 1192 όδυνωμένης
948 1120 1128 1191 ψυχῆς
1159 1119 1255 1173 καὶ
1281 1121 1751 1193 συντετριμμένης
1775 1122 1880 1193 τῆς

187 1207 423 1279 καρδίας
444 1208 607 1262 αὑτὸν
633 1207 910 1280 καλῶμεν,
933 1207 1136 1278 πολλὴν
1157 1207 1256 1279 τὴν
1275 1208 1606 1280 προσεδρίαν
1626 1209 1756 1282 περὶ
1775 1210 1878 1273 τὰς

188 1296 432 1360 ἰκετείας
469 1295 807 1368 ποιούμενοι.
847 1295 979 1349 Ὀτι
1007 1294 1335 1362 ἐπήκουσε,
1360 1295 1516 1366 φησὶ,
1546 1297 1768 1365 Κύριος
1799 1296 1880 1366 τῇ

185 1383 541 1437 ταπεινώσει
578 1397 718 1438 σου.
763 1377 900 1436 Εῐτα
929 1381 1186 1455 προλέγει
1225 1381 1320 1436 τοῦ
1363 1381 1655 1454 μέλλοντος
1695 1383 1879 1437 τίκτε-

185 1470 315 1524 σθαι
339 1471 532 1534 παιδὸς
560 1470 623 1524 τδ
655 1471 1013 1542 ἐπιτήδευμα.
1043 1466 1233 1536 Οὗτος
1256 1471 1449 1536 ἔσται,
1473 1471 1659 1542 φησὶν,
1683 1470 1878 1540 ἄπροιρ

184 1575 296 1623 κος
327 1558 673 1626 ἄνθρωπος’
708 1561 769 1614 αἰ
800 1558 997 1628 χεῖρες
1021 1557 1209 1612 αὐτοῦ
1251 1557 1351 1612 ἐπὶ
1388 1558 1640 1626 πάντας,
1675 1560 1774 1614 καὶ
1815 1561 1877 1615 al

182 1645 380 1715 χεῖρες
404 1645 648 1700 πάντων
677 1647 770 1700 ἐπ’
802 1647 992 1700 αὐτόν
1011 1661 1026 1676 ·
1060 1646 1160 1700 καὶ
1187 1644 1339 1700 κατὰ
1371 1647 1700 1714 πρόσωπον
1731 1647 1878 1701 πάνι-

183 1751 307 1786 των
336 1733 458 1787 τῶν
485 1732 769 1804 ἀδελφῶν
785 1733 974 1789 αὐτοῦ
996 1733 1366 1799 κατοικήσει.
1393 1734 1709 1806 Προμηνύει
1732 1737 1870 1808 αὐτῇ

179 1821 267 1874 ὅτι
308 1820 554 1892 ἀνδρεῖος
579 1820 754 1885 ἔσται,
793 1822 877 1876 ὅτι
909 1820 1188 1893 πολέμιος,
1231 1822 1312 1876 ὅτι
1347 1822 1484 1893 πρὸς
1507 1821 1611 1895 τὴν
1634 1823 1734 1893 τῆς
1769 1824 1873 1894 γῆς

180 1907 504 1978 ἐπιμέλειαν
534 1907 703 1961 πολὺν
731 1907 822 1963 τὸν
861 1909 1025 1963 πόνον
1057 1907 1404 1976 ἐπιδείξεται.
1436 1904 1592 1974 Εῐδες
1636 1910 1725 1964 διὰ
1762 1910 1872 1966 τῶν

178 1997 262 2058 εἰς
290 1995 392 2066 τὴν
424 1996 719 2066 παιδίσκην
747 1995 1129 2066 γεγενημένων
1153 1996 1254 2067 τὴν
1281 1997 1362 2061 εἰς
1399 1995 1490 2051 τὸν
1528 1999 1873 2071 πατριάρχην

179 2085 396 2154 τιμήν;
438 2083 503 2135 Ἢ
545 2083 655 2154 γὰρ
705 2083 833 2154 περί
863 2082 1070 2154 ταύτην
1109 2083 1338 2154 πρόνοια
1365 2084 1605 2140 δείκνυσι
1647 2085 1746 2158 τὴν
1787 2086 1876 2141 e6-

179 2188 334 2224 νοιαν
378 2170 474 2224 τοῦ
525 2171 818 2235 Δεσπότου,
850 2170 918 2242 ἢν
951 2171 1089 2243 πρὸς
1119 2171 1210 2225 τὸν
1241 2171 1449 2227 δίκαιον
1479 2172 1868 2229 ἐπιδείκνυται.

177 2257 367 2311 Ταῦτα
395 2275 458 2310 συ
467 2257 806 2328 μϐουλεύσας
828 2259 857 2311 6
883 2257 1133 2327 ἄγγελος,
1165 2259 1260 2312 καὶ
1287 2259 1780 2332 εύαγγελισάμενος
1802 2264 1868 2332 τῇ

177 2346 390 2415 ’Δγαρ,
414 2343 782 2415 ἀνεχώρησεν.
805 2344 945 2398 Ἀλλ’
961 2346 1064 2416 ὅρα
1089 2346 1253 2402 πάλιν
1271 2347 1370 2418 τῆς
1395 2347 1688 2418 παιδίσκης
1717 2347 1867 2420 [595]

174 2432 277 2504 τὴν
309 2432 752 2502 εὐγνωμοσύνην.
785 2431 892 2487 Καί
933 2431 1212 2499 ἐκάλεσε,
1243 2433 1400 2503 φησὶ,
1430 2433 1496 2488 τὸ
1528 2433 1723 2504 ’ὄνομα
1746 2439 1870 2490 Κυ-

174 2521 312 2587 ρίου
343 2519 450 2574 τοῦ
473 2519 814 2586 ,λαλοῦντος
845 2519 996 2589 πρὸς
1023 2519 1218 2587 αὐτήν
1237 2538 1251 2552 ο
1301 2521 1386 2574 Σὺ
1415 2525 1447 2575 ό
1482 2521 1647 2588 Θεὸς,
1691 2525 1725 2576 d
1771 2522 1870 2577 ἐπ-

175 2607 324 2662 ιδών
346 2624 458 2678 με’
496 2607 586 2661 ὅτι
634 2605 764 2662 εἶπε
786 2623 800 2640 ·
830 2609 940 2662 Καὶ
980 2607 1092 2678 γὰρ
1117 2608 1373 2664 ἐνώπιον
1404 2606 1567 2664 εἶδον
1610 2611 1868 2680 ὀφθέντα

172 2697 555 2764 μοιο⁹Ενεκεν
582 2697 800 2750 τούτου
838 2694 1094 2751 ἐκάλεσε
1114 2695 1182 2750 τὸ
1211 2696 1419 2766 φρέαρ,
1449 2697 1642 2766 Φρέαρ
1672 2694 1746 2754 οὗ
1772 2699 1868 2751 ὲν-

174 2784 363 2837 ώ.τιον
408 2778 592 2845 εἶδον,
624 2782 743 2838 ἀνὰ
773 2782 968 2852 μέσον
1005 2783 1208 2851 Κάδης
1244 2785 1344 2838 καὶ
1374 2785 1492 2840 ἀνὰ
1526 2785 1725 2854 μέσον
1749 2788 1866 2840 Ba-

171 2867 309 2937 ράχ.
341 2869 539 2923 Σκόπει
560 2869 680 2934 πῶς
708 2870 802 2924 καὶ
829 2870 968 2940 αὐτὴ
993 2869 1242 2942 βούλεται
1268 2871 1487 2944 διηνεκῆ
1511 2872 1610 2946 τὴν
1643 2874 1867 2945 μνήμην

172 2957 536 3012 ἐναποθέσθαι
579 2957 659 3030 τῷ
707 2959 856 3029 τόπῳ
899 2957 988 3012 διὰ
1032 2958 1131 3030 τῆς
1181 2960 1570 3032 προσηγορίας.
1609 2961 1866 3015 Ἑκάλεσε

171 3045 306 3117 γὰρ,
334 3047 488 3118 φησὶ,
529 3046 622 3100 τὸν
654 3046 839 3111 τόπον,
881 3045 1072 3116 Φρέαρ
1106 3041 1178 3102 οὖ
1214 3048 1473 3102 ἐνώπιον
1500 3045 1681 3104 εἶδον.
1713 3047 1865 3114 Εἶδες

174 3133 278 3204 τὴν
309 3133 604 3204 παιδίσκην
631 3133 772 3188 κατά
819 3134 1018 3205 μικρὸν
1045 3135 1110 3187 ἐκ
1149 3135 1250 3206 τῆς
1295 3137 1659 3209 περιεχούσης
1695 3137 1866 3210 αὐτὴν

178 3219 417 3291 θλίψεως
447 3220 889 3293 φιλοσοφωτέραν
916 3221 1228 3292 γινομένην,
1252 3223 1346 3277 καὶ
1365 3223 1569 3296 πολλὴν
1585 3225 1866 3296 εὐγνωμο-

173 3307 344 3376 σύνην
377 3308 505 3378 περὶ
531 3307 631 3378 τὴν
659 3308 1032 3379 γεγενημένην
1072 3309 1152 3370 εἰς
1179 3308 1348 3380 αὐτὴν
1373 3310 1696 3380 εὐεργεσίαν
1745 3312 1866 3365 ἐπι-

174 3394 557 3466 δεικνυμένην,
584 3397 677 3448 καὶ
702 3390 784 3459 οἷς
809 3395 1058 3466 ἐνόμισεν
1076 3395 1447 3468 ἀμειϐομένην
1471 3397 1570 3469 τὴν
1596 3399 1865 3469 τοσαύτης

173 3483 348 3553 αὐτὴν
389 3481 699 3548 ἀξιώσασαν
728 3482 1089 3554 κηδεμονίας;
1122 3483 1234 3538 Καὶ
1264 3483 1454 3548 ἔτεκε,
1485 3486 1864 3558 φησίν,⁶Ἀταρ

172 3569 258 3636 τῷ
288 3572 516 3640 Ἀϐραμ
556 3569 712 3638 υἱὸν,
752 3571 852 3625 καὶ
902 3569 1161 3626 ἐκάλεσε
1209 3571 1274 3626 τὸ
1323 3572 1513 3644 ὄνομα
1547 3574 1756 3644 αὐτοῦ,
1791 3574 1864 3628 ὃν

139 3691 148 3696 -
177 3657 389 3712 ἔτεκεν
415 3657 578 3724 αὑτῷ
608 3657 1101 3728 Ἀγαρ,’1σμαήλ.

248 3764 316 3830 ζ’.
352 3762 632 3817 Ἐντεῦθεν
656 3763 996 3835 μανθάνομεν
1013 3763 1137 3818 ὅσον
1159 3764 1306 3819 ἐστὶν
1327 3764 1530 3834 ἀγαθὸν
1567 3766 1860 3835 ἐπιείκεια,

173 3851 303 3905 ὅσον
350 3850 468 3904 ἐστὶ
516 3851 708 3923 κέρδος
749 3851 846 3906 x61
887 3851 996 3905 61:6
1025 3851 1132 3905 τῶν
1174 3850 1406 3923 θλίψεων
1437 3851 1858 3926 καρπώσασθαι.

177 3939 293 3994 K61
311 3939 411 4011 τὴν
441 3940 540 4010 μὲν
568 3941 890 4008 ἐπιείκειαν,
931 3940 992 4005 ἐξ
1014 3933 1090 3995 ὧν
1111 3941 1142 3993 6
1173 3942 1518 4014 πατριάρχης
1549 3943 1862 4010 ἐπεδείξατο

176 4027 574 4100 κατα-πραΰνας
592 4027 690 4098 τῆς
719 4029 902 4098 Σάρας
927 4027 1025 4099 τὴν
1047 4027 1442 4099 ἀγανάκτησιν,
1467 4030 1564 4086 καὶ
1593 4029 1695 4103 τὴν
1718 4031 1862 4100 ἐξου-

178 4114 304 4169 σίαν
335 4117 434 4186 τῆς
464 4114 757 4186 παιδίσκης
777 4115 917 4188 αὐτῇ
949 4115 1218 4182 δεδωκὼς,
1249 4117 1344 4172 καὶ
1370 4116 1461 4173 διὰ
1485 4117 1679 4178 τούτου
1709 4121 1861 4193 είρή-

181 4218 278 4273 ,ρης
309 4201 595 4274 ἐμπλήσας
630 4201 732 4273 τὴν
761 4202 960 4266 οἰκίαν,
997 4203 1059 4257 τὸ
1084 4204 1142 4259 δὲ
1167 4203 1356 4277 κέρδος
1380 4203 1493 4260 τῶν
1519 4204 1750 4276 θλίψεων
1792 4207 1860 4263 ἐκ

174 4288 288 4342 τῶν
313 4288 456 4342 κατά
475 4287 575 4359 τὴν
609 4287 902 4361 παιδίσκην
932 4289 1078 4347 ἐστιν
1117 4291 1264 4346 ίδεῖν.
1283 4291 1502 4364 Ἐπειδὴ
1529 4291 1642 4364 γὰρ
1674 4310 1860 4350 κακω-

175 4374 334 4429 θεῖσα
363 4374 468 4428 61:6
508 4375 608 4447 τῆς
640 4375 929 4448 δεσποίνης
953 4375 1184 4450 ἀπέδρα,
1217 4377 1313 4432 καὶ
1353 4377 1554 4451 πολλὴν
1597 4379 1856 4451 ὑπέμεινε

173 4461 276 4534 τὴν
301 4457 694 4534 ταλαιπωρίαν,
723 4463 820 4515 καὶ
863 4463 1001 4534 μετὰ
1023 4463 1365 4536 δδυνωμένης
1406 4464 1587 4538 ψυχῆς
1630 4466 1857 4524 ἐκάλεσε

173 4548 270 4601 τὸν
313 4549 612 4620 Δεσπότην,
653 4549 857 4613 εὐθέως
898 4549 998 4620 τῆς
1035 4549 1240 4606 ἀνωθεν
1277 4551 1584 4624 ἐπισκοπῆς
1619 4553 1849 4628 ἠξιώθη.

177 4637 300 4690 Ἵνα
331 4635 441 4707 γὰρ
473 4637 643 4710 μάθῃ,
663 4637 744 4691 ὅτι
771 4636 858 4690 διὰ
877 4637 938 4691 :6
957 4637 1356 4710 ταπεινωθῆναι
1395 4641 1489 4695 καὶ
1527 4641 1858 4714 συσταλῆναι

173 4722 280 4795 τῆς
303 4723 573 4796 τοσαύτης
603 4724 848 4792 ἀξιοῦται
867 4726 1214 4797 κηδεμονίας,
1238 4728 1401 4799 φησὶν
1420 4730 1449 4782 ὁ
1469 4729 1698 4799 ἄγγελος
1721 4731 1858 4803 πρὸς

173 4811 371 4880 αὐτήν·
389 4813 486 4867 Ἐν
509 4813 721 4882 γαστρί
751 4813 933 4881 ἔχεις,
961 4813 1061 4868 καί
1086 4814 1230 4884 τέξῃ
1259 4815 1414 4882 υἱὸν,
1446 4817 1544 4871 καί
1575 4817 1858 4887 καλέσεις

172 4899 247 4953 τὸ
293 4899 482 4970 ὄνομα
509 4901 698 4955 αὐτοῦ
738 4901 1004 4970 Ἰσμαὴλ,
1049 4901 1140 4956 ὅτι
1181 4901 1490 4972 ἐπήκουσε
1534 4895 1748 4974 Κύριος
1781 4905 1859 4976 τῇ

172 4985 534 5042 ταπεινώσει
567 5002 706 5042 σου.
741 4987 957 5053 Εἰδότες
983 4989 1186 5055 τοίνυν,
1215 4990 1512 5061 ἀγαπητοὶ,
1537 4991 1619 5046 δτι
1645 4992 1742 5048 ἐὰν
1759 4994 1858 5066 νή-

175 5092 393 5148 φωμεν,
419 5075 478 5130 αἱ
504 5074 712 5147 θλίψεις
748 5075 949 5147 μᾶλλον
987 5079 1138 5150 ήμᾶς
1174 5078 1431 5133 οἰκειοῦσι
1467 5079 1546 5152 τῷ
1584 5082 1856 5155 Δεσπότῃ,

173 5165 278 5220 καὶ
315 5164 440 5217 τότε
478 5163 822 5234 δυνησόμεθα
861 5164 962 5237 τὴν
1000 5167 1130 5238 παρ’
1148 5166 1313 5220 αὐτοῦ
1353 5166 1526 5239 ῥοπὴν
1551 5169 1860 5224 ἐπισπάσα-

179 5252 330 5316 σθαι,
353 5252 485 5305 ὅταν
513 5249 654 5322 μετά
675 5250 1020 5323 ὀδυνωμένης
1055 5252 1234 5324 ψυχῆς
1256 5253 1352 5308 καὶ
1369 5253 1586 5326 θερμῶν
1607 5253 1860 5328 δακρύων

171 5338 328 5411 αύτῷ
350 5337 690 5409 προσίωμεν,
723 5337 800 5410 μὴ
825 5338 1080 5410 ἀλγῶμεν
1099 5341 1192 5394 ἐπὶ
1213 5343 1332 5406 ταῖς
1355 5340 1620 5412 θλίψεσιν,
1642 5343 1778 5398 ἀλλά
1797 5345 1860 5398 :6

173 5427 242 5480 ἐκ
269 5425 382 5480 τῶν
411 5424 643 5495 θλίψεων
663 5425 854 5499 κέρδος
887 5425 1224 5498 λογιζόμενοι
1245 5428 1424 5483 πάντα
1451 5429 1644 5501 πράως
1680 5431 1861 5504 φέρω-

175 5532 281 5586 μεν
317 5513 390 5568 τὰ
419 5513 822 5585 συμπίπτοντα,
863 5516 960 5569 καὶ
997 5515 1380 5588 παιδευώμεθα
1420 5519 1682 5584 ἐπιεικεῖς
1720 5517 1860 5576 εἶναι

173 5603 272 5655 καὶ
307 5602 508 5672 ἥμεροι
537 5601 677 5673 πρὸς
708 5601 914 5665 πάντας
936 5603 1055 5674 μὲν,
1088 5603 1322 5673 μάλιστα
1353 5604 1412 5658 δέ
1449 5605 1578 5678 περὶ
1603 5607 1700 5672 τὰς
1728 5609 1858 5663 ἐαυ-

172 5689 288 5744 τῶν
310 5690 599 5757 γυναῖκας,
633 5689 728 5742 καὶ
754 5688 956 5760 πολλὴν
985 5689 1254 5744 ποιεῖσθαι
1283 5691 1538 5764 σπουδὴν,
1565 5693 1727 5761 ὥστε,
1752 5696 1858 5751 κᾶν

171 5776 426 5844 δικαίως,
454 5777 561 5834 κᾶν
602 5777 804 5842 ἀδίκως
855 5777 1198 5850 μέμψωνται,
1245 5780 1321 5852 μὴ
1359 5781 1855 5854 ἀκριϐολογεῖσθαι,

175 5867 294 5922 ἀλλ’
324 5865 446 5932 ἐνὸς
477 5866 640 5938 μόνου
661 5865 928 5936 γίνεσθαι,
945 5866 1042 5928 ,τοῦ
1077 5870 1147 5922 τὰ
1165 5869 1266 5941 τῆς
1300 5869 1478 5941 λύπης
1510 5870 1660 5928 αἴτια
1688 5874 1854 5930 ἐκπο-

173 5953 289 6010 δὼν
313 5955 510 6022 ποιεῖν,
531 5953 626 6009 καί
647 5952 869 6025 βαθεῖαν
899 5954 1121 6027 εἰρήνην
1151 5955 1578 6022 κατασκευάζειν
1597 5961 1662 6032 τῇ
1683 5959 1849 6032 οἰκίᾳ,

1262 389 1328 445 ΙΝ
1361 389 1516 446 CAP.
1563 390 1685 448 XVI
1745 390 1996 450 GENES.
2037 391 2276 453 HOMIL.
2319 393 2558 450 XXXIX.

3567 399 3678 450 360

1998 509 2086 564 ἵνα
2105 509 2203 564 καὶ
2231 511 2416 582 ἐκείνη
2437 510 2536 582 ἔχῃ
2557 509 2696 582 πρὸς
2728 509 2819 563 τὸν
2844 507 3012 581 ἄνδρα
3035 508 3133 581 τὴν
3156 507 3511 581 ἐπιστροφὴν,
3535 513 3628 566 καὶ
3647 510 3680 566 ὃ

1991 599 2134 670 ἀνὴρ
2161 598 2238 662 ὡς
2278 600 2359 662 εἰς
2387 599 2582 669 λιμένα
2614 600 2694 661 εἰς
2729 597 2896 668 αὐτὴν
2927 597 3026 670 ἔχῃ
3061 597 3426 667 καταφεύγειν
3467 600 3532 652 ἐκ
3567 600 3680 654 τῶν

1991 685 2193 749 ἔξωθεν
2229 685 2482 756 ταραχῶν
2529 686 2624 739 καὶ
2663 686 2772 738 τῶν
2813 685 3078 756 θορύϐων,
3120 686 3215 739 καί
3264 687 3443 739 πᾶσαν
3467 685 3679 739 ἐκεῖθεν

1990 773 2268 844 εὑρίσκειν
2311 773 2413 844 τὴν
2447 773 2816 844 παραμυθίαν.
2859 774 3002 846 Πρὸς
3043 774 3293 844 βοήθειαν
3335 773 3445 845 γὰρ
3473 775 3507 845 ἡ
3536 776 3676 845 γυνὴ

1988 859 2169 931 ἐδόθη,
2190 861 2277 913 ἵνα
2309 861 2646 932 ἀρκούμενος
2673 863 2740 931 τῇ
2765 861 2970 931 ταύτης
3005 862 3348 933 παρακλήσει
3383 861 3676 931 ἀντέχεινό

1988 947 2129 1020 ἀνὴρ
2155 949 2378 1019 δύνηται
2409 949 2545 1019 πρὸς
2573 948 2641 1002 :6
2683 949 2902 1001 ἐπιόντα
2931 948 3097 1019 αὐτῷ.
3117 949 3241 1002 Ἐὰν
3265 948 3374 1019 γὰρ
3471 951 3677 1018 κοσμία

1987 1035 2084 1091 καί.
2117 1036 2387 1108 ἐπιεικὴς,
2408 1036 2468 1089 ού
2500 1036 2661 1106 μόνον
2692 1035 2791 1107 τὴν
2826 1036 2933 1088 ἀπὸ
2961 1037 3058 1107 τῆς
3094 1037 3376 1101 κοινωνίας
3417 1055 3675 1108 παραμυ-

1986 1124 2110 1177 θίαν
2143 1123 2369 1195 παρέξει
2401 1123 2480 1195 τῷ
2512 1123 2688 1195 ἀνδρὶ,
2734 1123 2869 1177 ἀλλὰ
2901 1123 2994 1177 καὶ
3036 1125 3094 1177 ἐν
3127 1126 3241 1188 τοῖς
3283 1125 3460 1188 ἄλλοις
3499 1125 3673 1179 ἅπασι

1987 1211 2190 1282 πολλὴν
2209 1211 2308 1282 τὴν
2327 1212 2525 1282 ἑαυτῆς
2544 1211 2735 1283 χρείαν
2756 1209 3104 1275 ἐπιδείξεται,
3129 1211 3306 1266 πάντα
3324 1212 3472 1282 αὐτῷ
3493 1212 3672 1281 κοῦφα

1985 1299 2082 1352 καὶ
2113 1298 2273 1370 ῥᾴδια
2311 1295 2814 1361 κατασκευάζουσα,
2850 1299 2946 1352 καὶ
2976 1300 3076 1352 οὐκ
3110 1300 3329 1366 ἀφιεῖσα
3355 1301 3549 1369 πεῖραν
3579 1299 3672 1352 λα-

1985 1385 2100 1439 ϐεῖν
2147 1384 2272 1438 οὔτε
2322 1385 2431 1438 τῶν
2481 1384 2698 1450 ἔξωθεν,
2737 1385 2860 1439 οὔτε
2901 1386 3006 1456 μὴν
3047 1387 3156 1439 τῶν
3198 1388 3337 1440 κατά
3366 1386 3464 1456 τὴν
3491 1388 3670 1440 οἰκίαν

1982 1473 2318 1543 τικτομένων
2341 1472 2462 1526 καθ’
2483 1473 2720 1544 ἑκάστην
2740 1473 2953 1544 ἡμέραν
2968 1473 3243 1544 δυσχερῶν
3260 1488 3286 1516 ι
3304 1492 3315 1503 ⁸
3335 1474 3671 1531 6116.2106-

1982 1578 2093 1631 περ
2135 1561 2476 1631 κυϐερνήτης
2516 1561 2759 1631 ἀριστος,
2806 1560 2979 1623 οὕτως
2999 1561 3148 1632 αύτῷ
3177 1561 3270 1614 τὸν
3301 1562 3548 1633 χειμῶνα
3567 1563 3667 1633 τῆς

1982 1647 2163 1718 ψυχῆς
2189 1647 2277 1700 διὰ
2309 1648 2410 1718 τῆς
2447 1648 2656 1710 οἰκείας
2694 1647 2844 1719 [594]
2876 1648 3068 1716 σοφίας
3106 1649 3186 1710 είς
3217 1649 3456 1720 γαλήνην
3499 1667 3659 1703 κατα-

1985 1735 2199 1805 στήσει,
2229 1734 2327 1788 καί.
2373 1737 2439 1806 τῇ
2487 1737 2615 1804 παρ’
2651 1735 2848 1804 ἑαυτῆς
2883 1735 3093 1788 συνέσει
3129 1734 3326 1806 πολλὴν
3353 1735 3500 1806 αύτῷ
3524 1752 3666 1806 1:69-

1980 1821 2092 1887 έξει
2115 1822 2217 1894 τὴν
2238 1823 2610 1894 παραμυθίαν.
2645 1823 2782 1885 Τοὺς
2805 1821 2913 1893 γὰρ
2946 1823 3089 1876 οὕτω
3129 1824 3540 1894 συνδεδεμένους
3574 1825 3667 1878 ού-

1977 1907 2069 1962 δέν
2097 1908 2282 1962 λοιπὸν
2321 1909 2429 1964 τῶν
2473 1911 2532 1963 ἐν
2579 1910 2659 1979 τῷ
2687 1911 2915 1980 παρόντι
2957 1909 3057 1980 βίῳ
3084 1910 3320 1977 λυπῆσαι
3355 1911 3664 1982 δυνήσεται,

1977 1997 2103 2051 οὐδὲ
2121 1997 2222 2068 τὴν
2250 1997 2446 2069 ἡδονὴν
2480 1998 2660 2051 αὐτῶν
2679 1997 3218 2068 λυμήνασθαι.”οταν
3246 1998 3354 2070 γὰρ
3385 1999 3604 2069 ὁμόνοια

1978 2085 2074 2139 καὶ
2095 2087 2287 2157 εἰρήνη
2311 2087 2405 2139 καὶ
2432 2085 2728 2155 σύνδεσμος
2753 2085 2976 2155 ἀγάπης
3004 2086 3142 2156 μετά
3160 2087 3420 2156 γυναικὸς
3441 2087 3536 2140 καί
3569 2089 3664 2141 ἀν-

1975 2172 2123 2244 δρὸς,
2149 2175 2268 2226 ἐκεῖ
2302 2173 2478 2226 πάντα
2515 2173 2707 2244 συρρεῖ
2727 2171 2796 2226 :6
2832 2172 3036 2240 ἀγαθὰ,
3059 2175 3154 2227 καὶ
3181 2174 3444 2228 ἀνάλωτοι
3481 2174 3665 2244 πάσης

1977 2260 2273 2331 ἐπιϐουλῆς
2294 2261 2638 2331 γενήσονται,
2675 2260 2899 2331 μεγάλῳ
2927 2261 3020 2313 καὶ
3051 2259 3334 2332 ἀχειρώτῳ
3359 2261 3528 2332 τείχει
3554 2262 3662 2316 τινί

1977 2349 2380 2420 πεφραγμένοι,
2409 2348 2554 2402 τοῦτ’
2576 2349 2714 2412 ἐστι,
2751 2351 2819 2420 τῇ
2864 2348 3007 2402 κατὰ
3047 2349 3181 2402 Θεὸν
3225 2349 3463 2420 ὁμονοία.
3491 2350 3664 2404 Τοῦτο

1973 2436 2280 2506 ἀδάμαντος
2315 2437 2514 2500 αὐτοὺς
2543 2435 2928 2508 ἰσχυροτέρους
2955 2437 3355 2506 ἀπεργάσεται,
3393 2436 3554 2491 τοῦτο
3577 2454 3664 2490 σιο

1971 2523 2140 2595 δήρου
2173 2524 2560 2597 στεῤῥοτέρους
2599 2524 2955 2594 καταστήσει,
2993 2525 3153 2577 τοῦτο
3189 2522 3388 2587 παντὸς
3427 2523 3660 2578 πλούτου

1975 2613 2066 2664 καί
2089 2612 2408 2682 περιουσίας
2439 2613 2623 2674 αὐτοῖς
2655 2611 3013 2681 συμϐαλεῖται
3035 2609 3219 2676 πλέον,
3251 2611 3409 2664 τοῦτο
3445 2612 3525 2675 είς
3558 2613 3660 2681 τὴν

1973 2698 2237 2751 ἀνωτάτω
2257 2698 2614 2769 περιφάνειαν
2633 2699 2831 2761 66:66;
2852 2697 3058 2763 ἀνάξει,
3081 2697 3242 2751 τοῦτο
3263 2698 3357 2752 καὶ
3380 2697 3479 2769 τὴν
3505 2699 3660 2770 παρά

1973 2785 2066 2839 τοῦ
2121 2785 2257 2838 Θεοῦ
2311 2785 2525 2840 εὔνοιαν
2570 2787 2754 2849 αὐτοῖς
2787 2786 3112 2856 προξενήσει
3148 2786 3285 2856 μετὰ
3325 2786 3525 2856 πολλῆς
3556 2787 3660 2856 τῆς

1971 2873 2271 2944 δαψιλείας.
2304 2873 2394 2944 Μὴ
2427 2874 2628 2938 τοίνυν,
2677 2873 2999 2945 παρακαλῶ,
3044 2873 3235 2926 τούτου
3267 2876 3658 2944 προτιμότερόν

1969 2977 2024 3014 τι
2055 2961 2338 3032 ήγώμεθα,
2373 2959 2508 3014 ἀλλὰ
2530 2961 2706 3014 πάντα
2727 2959 2970 3031 ποιῶμεν
2993 2960 3087 3014 καί
3114 2959 3656 3032 πραγματευώμεθα,

1972 3048 2115 3102 ὥστε
2146 3049 2388 3120 γαλήνην
2422 3049 2516 3102 καὶ
2554 3049 2779 3120 εἰρήνην
2822 3045 2960 3101 εἶναι
3013 3048 3215 3118 μεταξὺ
3263 3051 3364 3117 τῆς
3409 3052 3659 3116 συνοική-

1973 3153 2132 3200 σεως.
2168 3136 2301 3189 Τότε
2323 3135 2432 3208 γὰρ
2465 3138 2512 3188 οἱ
2543 3136 2850 3206 τικτόμενοι
2884 3135 3074 3198 παῖδες
3105 3137 3172 3205 τῇ
3198 3135 3305 3188 τῶν
3334 3136 3659 3206 γεγεννηκό-

1969 3241 2081 3277 των
2130 3223 2300 3294 ἀρετῇ
2352 3222 2904 3294 κατακολουθήσουσι,
2957 3222 3052 3278 καὶ
3105 3224 3154 3276 οί
3197 3223 3402 3276 οἰκέται
3447 3222 3658 3286 τούτοις

1971 3311 2214 3382 ἕψονται,
2243 3311 2338 3365 καὶ
2366 3310 2704 3380 πανταχόθεν
2733 3309 2799 3364 τὰ
2821 3309 2922 3379 τῆς
2945 3310 3124 3373 οίκίας
3153 3311 3289 3380 πρὸς
3311 3310 3512 3382 ἀρετὴν
3537 3312 3659 3364 ἐπι-

1970 3398 2154 3464 δώσει,
2190 3399 2286 3454 1:61
2333 3397 2504 3469 πολλὴ
2554 3399 2660 3452 τῶν
2699 3399 3045 3470 πραγμάτων
3077 3398 3230 3453 ἔσται
3279 3400 3312 3471 ἡ
3362 3398 3655 3472 εὐημερία.

1973 3484 2143 3537 Ὅταν
2191 3483 2300 3555 γάρ
2335 3483 2408 3538 :6
2449 3483 2544 3536 τοῦ
2578 3483 2713 3538 Θεοῦ
2764 3484 3142 3556 προτιμῶμεν,
3177 3484 3246 3536 τὰ
3291 3483 3428 3537 ἄλλα
3478 3483 3657 3538 πάντα

1971 3570 2113 3624 κατὰ
2161 3570 2288 3642 ῥοῦν
2319 3570 2438 3641 ἥξει
2470 3571 2620 3641 ἡμῖν,
2672 3570 2768 3624 καὶ
2817 3571 3030 3634 οὐδενὸς
3069 3569 3321 3642 αἴσθησιν
3373 3569 3658 3641 ληψόμεθα

1969 3658 2236 3730 λυπηροῦ,
2255 3659 2358 3728 τῆς
2394 3657 2493 3711 τοῦ
2523 3657 2660 3712 Θεοῦ
2693 3657 3032 3730 ἀγαθότητος
3062 3657 3200 3728 μετὰ
3225 3657 3502 3727 δαψιλείας
3521 3659 3658 3729 ήμῖν

1968 3745 2186 3800 ἅπαντα
2217 3744 2707 3816 χορηγούσης.“1να
2729 3740 2823 3799 οῦν
2845 3745 2940 3799 καὶ
2967 3744 3123 3800 66:61
3152 3742 3375 3808 ἀλύπως
3400 3745 3542 3800 κατά
3563 3745 3656 3800 τὸν

1973 3833 2220 3904 παρόντα
2251 3832 2365 3903 βίον
2394 3832 2692 3903 διάγωμεν,
2730 3833 2826 3888 καὶ
2852 3833 2952 3904 τὴν
2981 3831 3136 3904 παρά
3160 3829 3255 3885 τοῦ
3280 3832 3554 3886 Δεσπότου
3573 3831 3656 3886 εῦ-

1967 3941 2116 3977 νοιαν
2146 3922 2240 3976 ἐπὶ
2263 3923 2426 3976 πλέον
2447 3920 2903 3990 ὲπισπασώμεθα,
2923 3919 3282 3992 ἀντεχώμεθα
3303 3921 3405 3992 τῆς
3423 3921 3653 3991 ἀρετῆς,

1965 4010 2066 4083 τὴν
2111 4009 2363 4081 ὁμόνοιαν
2408 4009 2500 4063 καὶ
2546 4009 2646 4079 τὴν
2694 4009 2919 4080 εἰρήνην
2944 4009 3025 4073 εἰς
3048 4007 3152 4078 τὴν
3188 4008 3369 4064 οἰκίαν
3412 4009 3654 4078 εἰσάγειν

1967 4097 2360 4169 σπουδάζωμεν
2403 4095 2501 4166 τὴν
2546 4095 2776 4160 ἑαυτῶν,
2812 4095 2913 4165 τῆς
2955 4093 3067 4149 τῶν
3113 4095 3321 4150 τέκνων
3351 4095 3654 4166 εὐκοσμίας

1965 4185 2382 4258 ἐπιμελώμεθα,
2423 4183 2798 4258 φροντίζωμεν
2843 4182 2938 4238 τοῦ
2986 4182 3188 4255 τρόπου
3240 4184 3350 4237 τῶν
3398 4183 3651 4250 οἰκετῶν,

1965 4271 2053 4326 ῐνα
2096 4271 2240 4344 ὑπὲρ
2285 4271 2543 4326 ἀπάντων
2585 4270 2827 4341 δαψιλεῖς
2854 4269 2954 4334 τὰς
2989 4269 3228 4342 ἀμοιϐὰς
3269 4270 3652 4343 κομισάμενοι,

1965 4359 2392 4432 καταξιωθῶμεν
2419 4360 2514 4414 καὶ
2552 4359 2663 4412 τῶν
2712 4357 3138 4431 ἐπηγγελμένων
3181 4359 3425 4428 ἀγαθῶν,
3465 4359 3653 4434 χάριτι

1964 4448 2060 4504 καὶ
2105 4447 2487 4520 φιλανθρωπίᾳ
2531 4446 2626 4502 τοῦ
2675 4447 2884 4518 Κυρίου
2932 4446 3092 4519 ήμῶν
3137 4446 3312 4519 Ἰησοῦ
3365 4448 3605 4520 Χριστοῦ
3631 4490 3647 4511 ,

1967 4534 2086 4607 μεθ’
2117 4528 2180 4588 66
2223 4533 2304 4605 τῷ
2347 4534 2540 4606 Πατρί,
2572 4533 2689 4604 ἀμα
2712 4531 2792 4605 τῷ
2819 4533 2960 4605 ἁγίῳ
2991 4532 3292 4605 Πνεύματι,
3330 4534 3477 4599 δόξα,
3511 4534 3650 4607 κρά-

1962 4639 2076 4688 τος,
2105 4620 2263 4694 τιμὴ,
2290 4620 2385 4676 νῦν
2417 4621 2512 4677 καὶ
2536 4621 2645 4691 ἀεὶ,
2667 4621 2760 4676 καὶ
2787 4621 2869 4686 εἰς
2896 4622 3023 4688 τοὺς
3051 4622 3254 4687 αἰῶνας
3283 4621 3394 4677 τῶν
3413 4621 3646 4679 αἰώνων.

1977 4710 2035 4765 ’Δ
2041 4711 2171 4782 μήν.

2607 4795 2853 4853 ΟΜΙΛΙΑ
2883 4796 3009 4853 ΔΘν.

1976 4886 2189 4943 Ἦνίκα
2243 4885 2315 4940 δὲ
2369 4884 2606 4956 ἐγένετο
2647 4889 2682 4945 ό
2733 4888 2963 4956 Ἀϐραμ
3015 4883 3426 4953 ἐννενήκοντα
3466 4884 3651 4942 ἐννέα

2381 4972 2552 5040 ἐτῶν,
2581 4974 2750 5044 ὤφθη
2775 4975 2936 5040 αὐτῷ
2951 4976 2984 5029 ό
3008 4975 3154 5040 Θεός
3172 4973 3224 5030 δ.

2032 5061 2104 5117 6'.
2121 5059 2328 5128 Εῐδετε,
2345 5061 2640 5132 ἀγαπητοὶ,
2655 5061 2774 5127 πῶς
2798 5061 2951 5115 οὐδὲν
2967 5061 3140 5132 ἀργὸν
3151 5061 3259 5117 τῶν
3273 5060 3425 5132 παρὰ
3439 5063 3506 5132 τῇ
3527 5059 3650 5132 θείᾳ

1978 5151 2172 5224 Γραφῇ
2213 5151 2517 5222 κειμένων;
2555 5151 2727 5205 εῐδετε
2762 5150 2888 5223 χθὲς
2930 5151 3050 5214 πῶς
3076 5152 3137 5205 :6
3167 5153 3310 5206 κατά
3335 5153 3433 5224 τὴν
3464 5153 3653 5224 ’Ἅγαρ

1967 5241 2048 5305 εἰς
2075 5239 2240 5311 μέσον
2264 5239 2676 5310 παραγαγόντες
2699 5280 2715 5304 ,
2760 5239 2856 5294 καὶ
2885 5238 2984 5312 τὴν
3015 5239 3219 5311 ταύτης
3259 5241 3606 5312 ἀναχώρησιν
3625 5281 3644 5304 ,

1966 5327 2168 5398 πολλὴν
2221 5326 2490 5396 ὠφέλειαν
2540 5325 2752 5381 ἐκεῖθεν
2792 5326 3277 5399 ἐκαρπωσάμεθας
3338 5326 3651 5398 Ἐμάθομεν

1965 5411 2076 5483 γὰρ
2101 5411 2197 5467 τοῦ
2232 5412 2572 5484 πατριάρχου
2604 5411 2704 5483 τὴν
2727 5411 2928 5483 τωλλὴν
2947 5413 3268 5480 ἐπιείκειαν,
3298 5411 3400 5483 τῆς
3427 5427 3644 5483 σωφρο-

1966 5497 2135 5570 σύνης
2168 5497 2268 5570 τὴν
2292 5498 2600 5570 ὑπερϐολὴν
2620 5537 2636 5563 ,
2664 5497 2768 5568 τὴν
2788 5497 2922 5554 αίδὼ
2938 5538 2954 5564 ,
2981 5500 3052 5574 ἢν
3073 5498 3338 5568 ἀπένειμε
3360 5499 3429 5569 τῇ
3453 5497 3640 5569 Σάρᾳ,

1963 5585 2065 5657 τὴν
2103 5585 2238 5657 πρὸς
2279 5585 2451 5656 αὐτὴν
2480 5585 2732 5655 ὁμόνοιαν
2768 5587 2984 5642 πάντων
3023 5586 3328 5658 ἡγούμενος
3377 5600 3643 5656 προτιμο-

1965 5673 2150 5744 τέραν.
2201 5671 2431 5743 Εἰδομεν
2479 5672 2572 5727 τοῦ
2621 5672 2760 5728 Θεοῦ
2803 5673 2904 5745 τὴν
2925 5673 3145 5744 ,ἄφατον
3193 5671 3638 5744 φιλανθρωπίαν,

1963 5761 2112 5825 ὅπως
2141 5760 2230 5815 διὰ
2249 5760 2350 5832 τὴν
2387 5761 2468 5825 εἰς
2492 5760 2583 5815 τὸν
2619 5761 2825 5818 δίκαιον
2850 5761 3016 5833 τιμὴν
3042 5760 3106 5816 οὐ
3135 5760 3298 5829 μόνον
3321 5759 3638 5830 ἐπανήγαγε

2030 5849 2056 5877 ⁸
2081 5847 2236 5917 Savjl.
2295 5852 2349 5897 et
2406 5848 2598 5906 aliquot
2671 5861 2791 5900 mss.
2813 5848 3074 5958 λυπηρῶν.
3131 5846 3307 5925 Ποτει.
3368 5847 3632 5959 δυσχερῶν.

2030 5909 2133 5958 Haec
2171 5915 2239 5958 Ita
2262 5910 2587 5959 enuntianlur
2617 5911 2668 5959 in
2698 5909 2906 5959 Bibhis:
2992 5925 3153 5959 γενετο
3202 5910 3257 5957 δε
3301 5909 3473 5959 Αϐοαμ
3537 5924 3632 5959 των

1963 5907 2133 5974 ΡΗεεε
2171 5907 2239 5958 ita
2262 5910 2675 5974 enuntianlurdinr
2698 5907 2906 5974 Bibljis:
2939 5907 3153 5974 Ἐγένετο
3202 5909 3257 5957 δὲ
3278 5907 3489 5974 Ἀϐραιῑ
3514 5907 3636 5959 ἐτῶν

1961 5972 2267 6030 ἐννενήκοντα
2287 5972 2434 6022 ἐννέα·
2461 5972 2544 6021 καί
2585 5971 2716 6038 ὤφθη
2743 5971 2915 6037 Κύριος
2931 5969 3014 6037 τῷ
3043 5969 3249 6036 Ἅϐραν..
