4092 6408
464 373 561 429 361

460 490 565 563 τὴν
606 489 784 562 ’Λγαρ
825 488 966 543 κατά
999 487 1101 560 τὴν
1140 488 1347 561 ἔρημον
1389 490 1780 562 πλανωμένην,
1809 490 1904 545 καὶ
1935 487 2023 542 διά
2049 487 2139 541 τὸν

461 580 563 650 τῆς
591 578 879 648 δεσποίνης
908 578 1071 647 φόϐον
1091 578 1498 649 ἀποδράσασαν,
1527 577 1663 631 ἀελλά
1684 576 1890 631 καὶτοῦ
1920 576 2143 647 ’ῐσμαὴλ

460 667 560 720 τὸν
597 665 754 720 τόκον
797 665 1122 735 ἐχαρίσατο,
1154 664 1358 734 πολλὴν
1397 663 1646 717 ἐντεῦθεν
1687 663 1765 733 τῷ
1805 663 1997 733 δικαίῳ
2044 661 2143 732 τὴν

468 753 823 824 παραμυθίαν
855 752 1084 805 ἐπινοῶν
1105 794 1118 810 .
1145 752 1239 805 καὶ
1270 752 1372 820 τῆς
1404 750 1673 821 τοσαύτης
1702 749 1979 821 ὑπομονῆς
2005 750 2143 802 ἀπο-

474 841 647 904 διδοὺς
680 840 827 910 αὑτῷ
854 840 950 903 τὰς
977 839 1228 911 ἀμοιϐάς.
1264 839 1374 894 Καὶ
1405 838 1591 908 ἐπειδὴ
1622 837 1813 908 ἐτέχθη
1836 838 1864 889 6
1896 836 2140 908 Ἰσμαὴλ,

466 929 763 999 βουλομένη
781 928 986 993 διδάξαι
1002 933 1033 999 ή
1044 929 1150 1000 μᾶς
1164 926 1319 1001 [595]
1336 928 1368 997 ή
1385 926 1502 979 θεία
1521 926 1710 997 Γραφὴ
1727 926 1817 978 τὸν
1843 925 2031 995 χρόνον
2045 924 2140 979 τοῦ

464 1017 804 1087 πατριάρχου
814 1056 827 1079 ,
844 1016 1055 1069 καὶτῶν
1077 1015 1213 1068 ἐτῶν
1227 1015 1317 1067 τὸν
1334 1013 1457 1085 ἀριθ
1467 1014 1565 1084 μὸν
1595 1016 1729 1084 ἡμῖν
1754 1014 2143 1083 ἐπεσημήνατο

465 1103 711 1166 εἰποῦσα,
744 1105 825 1157 ὅτι
863 1104 1074 1158 Ἠνίκα
1122 1103 1333 1171 ἐτέχθη
1382 1104 1415 1154 ὁ
1469 1100 1759 1170 Ἰσμαὴλ,
1793 1100 1943 1154 ἐτῶν
1970 1100 2140 1169 ὀγδο-

466 1192 764 1258 ηκονταὲξ
792 1188 871 1261 ἦν
897 1194 929 1245 ὁ
950 1193 1193 1259 Ἀϐραμ.
1217 1190 1443 1259 Ἰδωμεν
1470 1189 1526 1242 δὲ
1557 1189 1744 1243 λοιπὸν
1775 1189 1843 1241 τά
1868 1188 2139 1253 ἐντεῦθεν,

468 1279 555 1333 ἵνα
584 1279 679 1331 καὶ
706 1279 769 1331 ἐκ
795 1278 905 1331 τῶν
937 1278 1063 1347 ἑξῆς
1096 1276 1358 1348 μάθωμεν
1386 1276 1547 1329 πάλιν
1568 1276 1663 1329 καὶ
1685 1276 1780 1328 τοῦ
1805 1275 2013 1329 δικαίου
2044 1274 2142 1347 τὴν

465 1366 669 1437 πολλὴν
700 1365 1010 1437 ὑπομονὴν,
1056 1365 1148 1417 καὶ
1190 1362 1284 1417 τοῦ
1332 1362 1604 1416 Δεσπότου
1648 1362 1745 1434 τὴν
1789 1362 1996 1432 ἄφατον
2044 1364 2143 1417 καὶ

469 1452 912 1523 ὑπερϐάλλουσαν
936 1450 1362 1521 φιλανθρωπίαν.
1394 1450 1665 1519 Εἰσόμεθα
1704 1450 1761 1502 δέ
1805 1449 1941 1519 μετά
1980 1451 2143 1521 ἀκρι-

471 1540 645 1605 ϐείας,
691 1540 787 1593 ἐάν
826 1538 990 1591 πάλιν
1025 1538 1151 1600 τοὺς
1198 1537 1424 1608 χρόνους
1469 1537 1570 1606 τῆς
1614 1537 1758 1606 ζωῆς
1804 1535 1899 1589 τοῦ
1930 1537 2141 1590 δικαίου

468 1624 809 1697 καταμαθεῖν
836 1624 1172 1695 δυνηθῶμεν.
1202 1624 1294 1677 καὶ
1321 1626 1469 1687 ὅπως
1489 1626 1517 1676 ὁ
1536 1622 1737 1691 ἀγαθὸς
1770 1622 1902 1685 Θεὸς
1924 1623 1991 1676 τά
2020 1625 2140 1676 κατ’

472 1712 635 1765 αὑτὸν
666 1710 933 1781 ᾠκονόμει
958 1751 973 1775 ,
1008 1710 1129 1763 καθ’
1156 1709 1384 1763 ἕκαστον
1418 1709 1608 1780 καιρὸν
1634 1708 1860 1780 δοκιμὴν
1887 1708 1980 1762 τοῦ
2011 1710 2139 1763 ἰδίου

464 1798 796 1869 θεράποντος
851 1797 1183 1868 λαμϐάνων,
1246 1797 1339 1849 καὶ
1400 1796 1463 1849 τὸ
1516 1796 1759 1865 θεοφιλὲς
1816 1796 1982 1851 αὑτοῦ
2044 1799 2141 1868 τῆς

465 1886 692 1957 γνώμης
722 1886 923 1940 ἐκκαλύ
937 1903 1099 1939 πτων.
1128 1886 1300 1946 Αὐτὸς
1330 1885 1428 1955 μὲν
1454 1884 1561 1955 γάρ
1589 1885 1811 1955 προῄδει
1844 1885 2027 1954 σαφῶς
2048 1884 2139 1937 τοῦ

469 1973 601 2027 ἰδίου
635 1972 846 2025 οἰκέτου
879 1972 976 2043 τὴν
1003 1971 1457 2043 εὐγνωμοσύνην,
1498 1972 1595 2025 καὶ
1627 1971 1729 2040 τῆς
1768 1972 1945 2041 ψυχῆς
1974 1971 2139 2024 αὑτοῦ

462 2060 529 2113 τὸ
560 2059 755 2122 κάλλος
788 2060 1056 2129 ἠπίστατο
1077 2098 1092 2123 ,
1121 2058 1213 2111 καὶ
1245 2059 1335 2111 τὸν
1371 2058 1718 2129 μαργαρίτην
1753 2058 1995 2128 ἀκριϐῶς
2030 2058 2142 2125 ἐγί-

467 2165 674 2201 νωσκεν
699 2165 713 2177 ⁸
746 2147 860 2201 ἀλλ’
898 2146 1085 2218 ἐπειδὴ
1132 2146 1380 2201 ἐϐούλετο
1421 2148 1515 2201 καὶ
1546 2148 1679 2199 πᾶσι
1711 2149 1822 2209 τοῖς
1854 2148 1973 2199 τότε
2004 2164 2141 2217 παρ-

464 2234 584 2286 οῦσι
621 2234 919 2305 κατάδηλον
967 2235 1130 2287 αὑτὸν
1174 2238 1396 2306 ποιῆσαι
1422 2272 1438 2299 ,
1493 2234 1579 2288 ἵνα
1622 2234 1716 2287 καὶ
1759 2236 1839 2296 εἰς
1873 2234 1971 2296 τὰς
2006 2236 2142 2304 μετά

464 2322 641 2375 ταῦτα
690 2322 883 2391 γενεάς
940 2323 972 2392 ή
1022 2320 1116 2375 τοῦ
1164 2321 1372 2375 δικαίου
1425 2321 1594 2391 ἀρετὴ
1654 2320 1788 2389 πρὸς
1846 2321 2003 2390 ζῆλον
2049 2322 2142 2373 καὶ

480 2408 711 2480 μίμησιν
751 2409 1044 2480 ἐφέλκηται
1090 2410 1217 2472 τοὺς
1262 2408 1616 2479 βουλομένους
1644 2450 1658 2472 ,
1691 2408 1780 2461 διά
1811 2409 1967 2461 τοῦτο
2000 2409 2141 2462 κατά

468 2496 666 2568 μικρὸν
695 2495 1027 2549 ἐκκαλύπτει
1049 2496 1139 2549 τὸν
1161 2496 1389 2549 πλοῦτον
1419 2497 1515 2566 τῆς
1541 2494 1633 2549 τοῦ
1655 2495 1862 2549 δικαίου
1892 2495 2139 2567 γνώμης,

467 2583 556 2638 ἵνα
584 2583 969 2653 παιδευώμεθα
998 2586 1091 2637 καὶ
1110 2586 1269 2654 ἡμεῖς
1299 2584 1567 2655 μηδέποτε
1589 2582 1889 2636 διαπιστεῖν
1906 2587 2026 2647 ταῖς
2048 2584 2140 2637 τοῦ

464 2671 602 2725 Θεοῦ
636 2672 990 2741 ἐπαγγελίαις
1020 2690 1033 2703 ·
1079 2673 1215 2743 μηδὲ
1261 2672 1634 2742 δυσχεραίνειν
1678 2672 1812 2744 πρὸς
1856 2672 1955 2743 τὴν
2008 2673 2140 2725 ἁνα-

464 2759 649 2828 ϐολὴν,
697 2760 833 2813 ἀλλά
883 2759 1084 2831 μᾶλλον
1126 2760 1235 2812 τῶν
1281 2759 1571 2831 ὁρωμένων
1607 2760 1703 2812 καί⁸
1742 2760 1851 2812 τῶν
1896 2762 1954 2811 ἐν
1986 2761 2141 2830 χερσὶ

462 2851 577 2913 τοῖς
601 2850 675 2919 μὴ
709 2848 1059 2919 βλεπομένοις
1090 2848 1312 2919 θαρρεῖν
1333 2887 1347 2911 ,
1381 2848 1601 2900 ἐπειδάν
1631 2849 1659 2900 6
1695 2849 1912 2901 πάντων
1940 2848 2141 2900 Δεσπό-

460 2954 564 3009 της
599 2938 948 3008 ὑπόσχηται·
972 2939 1066 2990 καὶ
1090 2939 1288 2991 ειδέναι
1328 2937 1403 3001 ώς
1448 2938 1548 3007 οὑχ
1595 2932 1706 2989 οἷόν
1751 2938 1811 2991 τέ
1857 2954 1986 2990 ποτε
2023 2936 2139 2990 δια-

461 3027 652 3078 πεσεῖν
710 3026 781 3079 τά
835 3024 989 3096 παρά
1034 3024 1129 3077 τοῦ
1178 3024 1313 3077 Θεοῦ
1367 3022 1771 3091 ἐπαγγελθέντα
1798 3040 1811 3053 ·
1856 3023 1990 3077 ἀλλά
2036 3025 2140 3077 κᾶν

467 3113 667 3184 χρόνου
717 3110 913 3165 πολλοῦ
961 3111 1414 3183 παραδραμόντος
1458 3110 1678 3164 ἐναντία
1721 3111 1839 3174 ταῖς
1872 3110 1966 3163 τοῦ
2004 3110 2139 3165 Θεοῦ

467 3200 798 3271 ὑποσχέσεσι
846 3200 1093 3269 γένηται,
1152 3199 1287 3271 μηδέ
1341 3198 1484 3253 οὕτω
1536 3197 1857 3252 σαλεύεσθαι
1902 3196 1996 3252 τόν
2049 3198 2139 3252 λο-

465 3288 687 3359 γισμὸν,
732 3287 848 3341 ἀλλ’
880 3288 1079 3342 εἰδέναι
1108 3287 1203 3341 τοῦ
1233 3286 1704 3356 ἐπαγγειλαμένου
1749 3286 1809 3338 τὸ
1835 3287 2141 3357 εὐμήχανον

466 3377 563 3431 καὶ
598 3376 697 3447 τὴν
742 3377 954 3448 ἄμαχον
993 3375 1223 3446 δύναμιν
1246 3414 1264 3439 ,
1312 3374 1409 3429 καὶ
1438 3375 1521 3428 ὅτι
1546 3374 1764 3428 ἐπειδάν
1788 3374 2027 3446 βουληθῇ
2061 3378 2141 3439 είς

466 3464 629 3534 ἔργον
662 3466 890 3532 ἀγαγεῖν
939 3464 1007 3516 τὰ
1056 3462 1379 3533 δεδογμένα,
1416 3462 1595 3515 πάντα
1641 3464 1778 3516 εἴκει
1820 3465 1913 3516 καὶ
1959 3480 2140 3535 παρα-

465 3555 651 3624 χωρεῖ.
700 3552 918 3621 Ἐπειδὴ
952 3550 1059 3621 γάρ
1095 3550 1297 3619 Κύριός
1326 3552 1443 3604 ἐστι
1504 3551 1603 3620 τῆς
1647 3550 1861 3620 φύσεως
1898 3553 1991 3605 καὶ
2040 3554 2139 3622 δη-

467 3640 759 3711 μιουργὸς.
803 3638 1028 3693 δυνατὸν
1055 3638 1202 3708 αὐτῷ
1234 3640 1327 3692 καὶ
1364 3638 1435 3692 τά
1476 3639 1615 3710 ὑπὲρ
1643 3638 1740 3709 τήν
1770 3639 1932 3708 φύσιν
1964 3639 2141 3711 δωρή-

466 3727 685 3783 σασθαι.
715 3727 806 3798 Μὴ
835 3727 1017 3781 τοίνυν
1046 3728 1183 3800 πρὸς
1215 3727 1313 3799 τὴν
1341 3727 1548 3781 οἰκείαν
1578 3728 1862 3783 ἀσθένειαν
1890 3728 2139 3799 ἀφορῶν-

465 3833 557 3880 τες
606 3815 1151 3887 πολυπραγμονῶμεν
1198 3815 1268 3868 τά
1318 3815 1470 3886 παρά
1509 3816 1605 3869 τοῦ
1649 3816 1785 3869 Θεοῦ
1836 3818 2136 3887 γινόμενα,

468 3901 604 3973 μηδὲ
636 3900 771 3971 πρὸς
804 3902 903 3972 τὴν
936 3900 1170 3970 φυσικὴν
1214 3900 1535 3954 ἀκολουθίαν
1574 3900 1970 3965 ἀποϐλέποντες
2020 3904 2137 3972 σχί-

465 3986 655 4059 ζωμεν
680 3988 771 4041 τὸν
800 3988 1089 4058 λογισμὸν,
1106 3986 1242 4041 ἀλλά
1269 3987 1521 4059 καθάπερ
1544 3987 1883 4060 εὐγνώμονες
1908 3990 2136 4058 οίκέται,

464 4076 669 4138 εἰδότες
737 4074 833 4129 τοῦ
892 4076 1164 4146 ἡμετέρου
1224 4075 1495 4129 Δεσπότου
1550 4076 1649 4147 τὴν
1698 4077 2137 4147 ὑπερϐάλλουσαν

462 4162 731 4233 δύναμιν,
780 4162 1125 4233 πιστεύωμεν
1177 4163 1344 4215 αὑτοῦ
1401 4165 1522 4226 ταῖς
1582 4164 1976 4234 ὑποσχέσεσιν,
2041 4168 2137 4220 καὶ

463 4249 723 4319 ἀνώτεροι
751 4249 1028 4321 γινώμεθα
1054 4250 1151 4320 τῆς
1181 4251 1417 4321 φυσικῆς
1441 4252 1743 4317 ἀσθενείας,
1784 4251 1868 4305 ἵνα
1894 4253 1989 4306 καὶ
2027 4254 2137 4306 τῶν

463 4336 907 4406 ἐπαγγελθέντων
960 4337 1403 4409 ἐπιτευξώμεθα,
1482 4342 1574 4393 καὶ
1632 4341 1731 4411 τῆς
1783 4341 1913 4411 παρ’
1972 4341 2136 4395 αὑτοῦ

463 4424 863 4496 ἀπολαύσωμεν
916 4424 1168 4490 εύνοίας,
1229 4429 1322 4480 καὶ
1380 4427 1522 4481 κατά
1570 4428 1801 4499 δύναμιν
1857 4429 2136 4501 ἡμετέραν

461 4512 785 4582 τιμήσωμεν
828 4512 919 4564 τὸν
972 4512 1124 4593 Θεόν.
1178 4513 1425 4585 Μεγίστη
1474 4515 1583 4587 γάρ
1631 4515 1768 4587 αὕτη
1821 4517 1955 4589 τιμὴ
2004 4517 2135 4588 παρ’

460 4598 622 4672 ήμῶν
657 4601 739 4663 είς
779 4598 977 4662 αὑτὸν,
1017 4600 1078 4652 τὸ
1120 4599 1341 4671 θαρρεῖν
1392 4602 1558 4655 αὑτοῦ
1602 4606 1667 4675 τῇ
1720 4604 1982 4675 δυνάμει,
2029 4605 2135 4660 κᾶν

462 4686 681 4741 ἐναντία
769 4686 838 4740 τά
870 4690 983 4750 τοῖς
1013 4686 1311 4757 ὀφθαλμοῖς
1341 4689 1441 4759 τῆς
1482 4690 1683 4762 σαρκὸς
1716 4690 1988 4763 ὁρώμενα.
2024 4694 2135 4747 Καὶ

460 4775 515 4828 τί
559 4774 894 4845 θαυμάζεις,
940 4776 991 4827 εἰ
1034 4776 1126 4828 ἐπὶ
1171 4775 1306 4828 Θεοῦ
1359 4777 1591 4848 μεγίστη
1637 4781 1755 4832 ἐστὶ
1794 4780 1927 4852 τιμὴ
1961 4780 2021 4835 τὸ
2057 4781 2134 4853 μή

461 4862 862 4931 ἀμφιϐάλλειν;
916 4863 1027 4915 Καὶ
1076 4861 1167 4914 ἐπὶ
1215 4862 1324 4915 τῶν
1371 4864 1679 4933 ὁμογενῶν,
1732 4867 1950 4920 ἐπειδάν
1999 4869 2135 4939 ήμῖν

464 4950 806 5020 ὑπόσχωνται
850 4967 907 5004 τι
965 4949 1076 5003 τῶν
1135 4950 1415 5021 ἐπικήρων
1474 4952 1680 5005 τούτων
1735 4954 1829 5006 καὶ
1880 4954 2135 5027 φθαρτῶν

459 5038 804 5110 πραγμάτων
830 5077 845 5103 ,
886 5036 953 5093 ἂν
980 5037 1054 5109 μὴ
1085 5038 1549 5110 ἀμφιϐάλλωμεν,
1592 5040 1727 5094 άλλά
1770 5041 2134 5115 θαρρήσωμεν

458 5125 542 5197 τῷ
563 5124 941 5197 ὑποσχομένῳ,
971 5126 1080 5188 πᾶς
1097 5142 1181 5188 τις
1201 5126 1383 5179 αὑτῶν
1410 5128 1676 5199 μεγίστην
1703 5129 1906 5201 ταύτην
1922 5132 2134 5202 ἡγεῖται

458 5216 784 5286 τετιμῆσθαι
812 5215 999 5287 τιμὴν,
1026 5216 1087 5268 τὸ
1118 5214 1193 5286 μὴ
1223 5215 1492 5271 ἐνδοιάσαι
1520 5216 1761 5287 δηλονότι
1791 5221 1960 5291 ήμᾶς,
1996 5224 2133 5280 ἀλλὰ

461 5301 737 5375 θαρρῆσαι
776 5302 942 5357 αὑτοῦ
987 5304 1111 5366 ταῖς
1153 5303 1531 5374 ὑποσχέσεσιν.
1582 5306 1645 5359 Εἰ
1686 5306 1865 5362 τοίνυν
1910 5312 2005 5365 καὶ
2046 5314 2132 5368 ἐπ’

460 5390 764 5463 ἀνθρώπων
785 5389 943 5444 τοῦτό
960 5391 1075 5444 ἐστι
1096 5390 1206 5445 τῶν
1227 5392 1321 5445 καὶ
1348 5393 2130 5467 μεταϐαλλομένωνπολλάκις,

460 5478 495 5550 ἢ
541 5479 610 5533 δι’
660 5478 946 5534 ἀσθένειαν
1000 5478 1076 5549 μὴ
1116 5478 1430 5551 δυναμένων
1472 5482 1553 5545 εἰς
1593 5481 1752 5555 ἔργον
1784 5486 2013 5556 ἀγαγεῖν
2062 5490 2133 5545 τά

460 5563 717 5629 δόξαντα,
767 5563 946 5635 πολλῷ
982 5564 1184 5634 μᾶλλον
1215 5564 1311 5617 ἐπὶ
1342 5564 1437 5618 τοῦ
1474 5566 1611 5620 Θεοῦ
1639 5570 1928 5643 ὀφείλομεν
1964 5576 2129 5630 αὐτοῦ

461 5650 686 5721 θαρρεῖν
712 5654 780 5723 τῇ
811 5653 1117 5724 ἐπαγγελίᾳ
1139 5693 1155 5720 ,
1185 5654 1287 5709 κάν
1317 5657 1375 5709 ἐν
1406 5656 1484 5727 τῷ
1516 5659 1666 5731 μέσῳ
1704 5662 1871 5727 πολὺς
1908 5663 2132 5735 γένηται

461 5736 669 5807 χρόνος.
703 5737 891 5793 Ταῦτα
927 5738 986 5794 δέ
1040 5756 1133 5810 μοι
1180 5739 1276 5795 νῦν
1312 5742 1409 5812 οὑχ
1447 5743 1634 5811 ἁπλῶς
1692 5745 1842 5821 [596]
1892 5750 2130 5820 εῖρηται,

462 5822 580 5909 ἀλλ’
606 5823 694 5878 ἴνα
728 5824 927 5879 εἰδέναι
964 5825 1211 5899 ἔχωμεν,
1254 5828 1384 5883 ὅταν
1428 5830 1672 5903 ἔλθωμεν
1700 5835 1794 5889 ἐπὶ
1824 5836 1924 5907 τὴν
1952 5838 2127 5909 ἀρχὴν

461 5906 570 5996 τῶν
606 5910 845 5996 σήμερον
885 5913 1018 5984 ήμῖν
1048 5915 1452 5984 προτεθέντων⁹
1495 5919 1643 5983 ὅπως
1679 5922 1709 5974 6
1751 5906 2129 5996 φιλάνθρωπος

463 5994 593 6056 Θεδς
619 5993 935 6065 βουλόμενος
956 5999 1157 6054 ἅπασιν
1185 6002 1455 6075 ἐπίσημον
1481 6007 1702 6077 ποιῆσαι
1738 6010 1827 6067 τὸν
1863 5993 2130 6088 πατριάρ-

1186 374 1249 431 S.
1282 372 1568 431 JOANNIS
1604 370 2090 431 CIIRYSOSTOMI
2124 369 2449 429 ARCHIEP.
2486 370 3035 430 CONSTANTINOP.

3810 370 3922 426 352

2252 505 2375 559 χην,
2399 490 2492 542 ἐπὶ
2522 488 2793 543 τοσούτων
2819 488 2955 543 ἐτῶν
2978 486 3209 559 ἀριθμὸν
3234 486 3334 558 τὴν
3372 484 3579 539 οἰκείαν
3610 484 3919 538 ἐπιδείκνυ-

2248 592 2337 628 ται
2392 576 2798 648 μακροθυμίαν,
2842 578 2937 630 κα)⁸
2977 579 3005 630 6
3053 577 3261 639 δίκαιος
3306 576 3367 628 οὑ
3424 574 3801 645 δυσχεραίνει,
3854 572 3921 627 οὐ

2249 665 2427 734 ναρκᾷ
2480 664 2617 735 πρὸς
2660 664 2722 717 τδ
2780 664 2978 735 μῆκος,
3033 665 3133 716 οὐκ
3184 662 3557 733 ἀπαγορεύει,
3617 660 3754 714 ἀλλά
3798 663 3921 723 ταῖς

2249 754 2514 822 χρησταῖς
2543 753 2724 806 ἐλπίσι
2756 754 3087 823 τρεφόμενος
3113 752 3212 822 τὴν
3242 751 3487 821 φιλόθεον
3504 750 3666 804 αὑτοῦ
3692 749 3922 820 γνώμην

2248 839 2335 893 διὰ
2372 840 2591 893 πάντων
2619 842 3005 896 ἐπιδείκνυται.
3058 839 3326 910 Εἰσόμεθα
3351 839 3408 892 δέ
3427 838 3668 910 ἀκριϐῶς
3697 838 3923 897 ἃπασαν

2247 926 2342 979 τοῦ
2368 928 2708 999 πατριάρχου
2738 928 2838 999 τὴν
2866 928 3085 998 ἀρετὴν,
3114 927 3208 981 ἐάν
3238 926 3495 998 μάθωμεν
3526 926 3690 989 πόσος
3713 927 3920 995 μεταξὺ

2246 1013 2525 1083 διαγέγονε
2555 1018 2764 1086 χρόνος.
2798 1018 2982 1070 Πάντα
3002 1016 3111 1086 γάρ
3132 1016 3278 1084 ἡμᾶς
3307 1013 3482 1068 ταῦτα
3515 1014 3700 1083 σαφῶς
3716 1013 3920 1077 διδάξει

2246 1103 2276 1155 6
2336 1105 2605 1175 μακάριος
2663 1104 2903 1173 Μωῦσῆς
2949 1103 3054 1157 ὑπὸ
3113 1103 3209 1156 τοῦ
3258 1096 3573 1173 Πνεύματος
3623 1101 3717 1154 τοῦ
3757 1102 3919 1168 ἁγίου

2248 1190 2625 1261 ἐνηχούμενος.
2666 1191 2731 1244 Τί
2760 1187 2853 1244 οὖν
2884 1185 3037 1253 οὑτός
3068 1206 3259 1261 φησιν;
3303 1188 3496 1243 Ἦνίκα
3517 1189 3793 1259 ὑπήκουσε
3838 1186 3921 1256 τῷ

2249 1279 2633 1348 προστάγματι
2662 1278 2756 1332 τοῦ
2790 1278 2926 1332 Θεοῦ
2947 1317 2962 1343 ,
3003 1278 3099 1332 καὶ
3135 1277 3377 1340 ἀναστὰς
3403 1276 3512 1329 ἀπὸ
3548 1277 3649 1346 τῆς
3692 1276 3921 1346 Χαρράν

2249 1365 2343 1418 ἐπὶ
2359 1365 2457 1436 τὴν
2474 1366 2788 1421 Χαναναίαν
2811 1365 3071 1436 ὥρμησεν
3084 1404 3098 1429 ,
3124 1363 3261 1417 ἐτῶν
3276 1359 3344 1433 ἦν
3359 1363 3918 1433 ἑϐδομηκονταπέντε.

2246 1451 2359 1506 Καὶ
2390 1450 2551 1516 εὐθὺς
2584 1451 2942 1506 καταλαϐόντι
2981 1450 3079 1521 τὴν
3125 1450 3433 1504 Χαναναίαν
3470 1450 3735 1520 ὑπέσχετο
3765 1448 3922 1517 αὑτῷ

2246 1543 2342 1597 καὶ
2372 1542 2450 1612 τῷ
2477 1543 2757 1613 σπέρματι
2789 1538 2953 1595 αὑτοῦ
2984 1540 3176 1594 δώσειν
3212 1542 3389 1594 πᾶσαν
3418 1540 3519 1611 τὴν
3554 1539 3681 1608 γῆν,
3718 1539 3813 1591 καὶ
3837 1541 3923 1601 είς

2246 1632 2497 1686 τοσοῦτον
2537 1631 2744 1701 πλῆθος
2795 1630 3022 1701 ποιῆσαι
3060 1628 3379 1693 ἐπιδώσειν,
3419 1628 3495 1691 ῶς
3545 1627 3923 1699 ἀναρίθμητον

2247 1716 2408 1783 εἶναι,
2439 1718 2695 1790 καθάπερ
2720 1717 2817 1789 τὴν
2840 1718 3023 1789 ἄμμον
3053 1718 3147 1770 καὶ
3172 1717 3295 1780 τοὺς
3324 1716 3582 1787 ἀστέραςέ
3633 1716 3742 1768 Καὶ
3778 1716 3923 1783 μετὰ

2246 1808 2345 1877 τὴν
2372 1806 2705 1875 ἐπαγγελίαν
2732 1804 2934 1875 ταύτην
2975 1805 3144 1858 πολλά
3182 1806 3240 1858 ἐν
3280 1804 3359 1873 τῷ
3399 1804 3548 1874 μέσῳ
3596 1802 3799 1872 συνέϐη
3836 1802 3921 1872 τῷ

2244 1898 2463 1969 δικαίῳ,
2516 1898 2549 1968 ή
2610 1896 2835 1960 κάθοδος
2885 1898 2919 1966 ή
2985 1897 3042 1948 ἐν
3090 1894 3349 1964 Αἰγύπτῳ
3396 1893 3484 1946 διά
3535 1892 3624 1944 τὸν
3662 1892 3839 1962 λιμὸν,
3880 1894 3917 1961 ή

2247 1984 2472 2057 ἁρπαγὴ
2494 1984 2592 2055 τῆς
2616 1984 2817 2053 Σάρας,
2838 1984 2931 2036 καὶ
2957 1983 3117 2046 εὐθὺς
3142 1984 3175 2053 ή
3204 1981 3353 2051 παρὰ
3382 1979 3477 2033 τοῦ
3502 1979 3635 2032 Θεοῦ
3666 1980 3914 2049 πρόνοια.

2248 2074 2357 2125 Καὶ
2390 2072 2553 2126 πάλιν
2592 2070 2731 2141 μετά
2760 2071 2859 2141 τὴν
2897 2070 3105 2123 ἐκεῖθεν
3139 2070 3396 2123 ἐπάνοδον
3434 2070 3466 2139 ή
3500 2068 3648 2137 παρά
3682 2067 3774 2120 τοῦ
3816 2068 3918 2137 βα-

2250 2156 2442 2219 σιλέως
2468 2156 2575 2209 τῶν
2602 2156 2859 2227 Γεράρων
2886 2157 3015 2224 περὶ
3046 2154 3145 2222 τὴν
3182 2154 3359 2223 Σάραν
3393 2153 3651 2221 ἐπήρεια,
3684 2150 3779 2202 καὶ
3817 2168 3922 2203 πα-

2248 2245 2506 2316 ραχρῆμα
2532 2244 2567 2314 ή
2599 2242 2749 2314 παρὰ
2774 2242 2867 2295 τοῦ
2886 2240 3026 2295 Θεοῦ
3052 2240 3353 2311 ἀντίληψις.
3379 2240 3486 2292 Καὶ
3508 2238 3678 2291 ταῦτα
3698 2237 3925 2292 ᾶπαντα·

2246 2330 2387 2401 ὀρῶν
2428 2333 2456 2383 6
2496 2330 2703 2393 δίκαιος
2736 2327 2872 2398 μετά
2904 2327 3001 2399 τὴν
3042 2327 3333 2397 ὑπόσχεσιν
3363 2325 3576 2394 ἐκείνην
3596 2324 3745 2394 αὑτῷ
3778 2342 3920 2393 συμ-

2247 2418 2496 2471 ϐαίνοντα
2517 2457 2532 2482 ,
2560 2419 2659 2469 οὑκ
2685 2416 2971 2469 ἐσαλεύετο
2998 2416 3090 2468 τὸν
3123 2414 3407 2483 λογισμὸν,
3442 2413 3561 2465 οὑδὲ
3592 2412 3915 2482 περιειργά-

2246 2502 2389 2569 ζετο,
2433 2505 2579 2569 τίνος
2620 2505 2805 2558 ἕνεκεν
2854 2505 2883 2557 6
2933 2504 3188 2574 τοιαύτην
3234 2500 3565 2569 ἐπαγγελίαν
3622 2500 3919 2569 δεξάμενος

2244 2592 2521 2657 τοσούτοις
2590 2592 2686 2646 καὶ
2755 2591 3019 2655 τοιούτοις
3098 2590 3424 2660 πειρασμοῖς
3492 2587 3612 2641 καθ’
3676 2587 3918 2657 ἑκάστην

2246 2682 2587 2753 περιπίπτει,
2619 2682 2714 2734 καὶ
2740 2682 2799 2734 ἐν
2825 2680 3061 2751 τοσούτῳ
3093 2679 3269 2753 χρόνῳ
3298 2680 3357 2730 ἐν
3384 2676 3607 2746 ἀπαιδίᾳ
3629 2675 3877 2745 διαμένει
3899 2694 3916 2707 ο

2245 2770 2379 2823 ἀλλά
2414 2769 2658 2838 φιλόθεος
2686 2768 2761 2822 ῶν
2800 2770 2895 2822 καὶ
2923 2770 3023 2822 οὑκ
3052 2768 3376 2838 ἀνεχόμενος
3413 2767 3481 2836 τῇ
3512 2764 3767 2835 ἀσθενείᾳ.
3804 2764 3920 2816 τῶν

2247 2857 2464 2910 οἰκείων
2485 2856 2762 2927 λογισμῶν
2780 2856 3071 2909 ὑποϐαλεῖν
3091 2856 3158 2909 τά
3180 2854 3332 2925 παρά
3357 2853 3452 2906 τοῦ
3476 2851 3611 2905 Θεοῦ
3633 2852 3917 2921 γινόμενα,

2246 2945 2340 2997 καὶ
2392 2944 2656 3016 ἔστεργε,
2711 2944 2806 2998 καὶ
2858 2944 2976 3015 μεθ’
3034 2943 3229 3015 ήδονῆς
3278 2942 3494 3013 ἐδέχετο
3543 2940 3610 2993 τά
3668 2939 3747 3011 τῷ
3796 2940 3922 3010 Θεῷ

2244 3029 2524 3084 δοκοῦντα.

2317 3116 2383 3187 β’.
2406 3118 2516 3170 Καὶ
2545 3117 2682 3188 μετά
2705 3117 2930 3171 δέκατον
2954 3116 3199 3171 ἐνιαυτὸν
3229 3115 3495 3186 λαμϐάνει
3525 3113 3616 3167 τὸν
3655 3111 3884 3183 Ἰσμαὴλ
3900 3150 3921 3176 ,

2244 3200 2337 3254 τὸν
2364 3201 2473 3254 ἀπὸ
2499 3201 2598 3272 τῆς
2630 3202 2922 3273 παιδίσκης
2946 3240 2961 3262 .
3012 3202 3109 3254 καὶ
3144 3201 3224 3263 εἰς
3263 3199 3452 3253 τοῦτον
3487 3196 3734 3268 ἐνόμιζεν
3767 3196 3921 3266 αὑτῷ

2245 3284 2427 3338 λοιπὸν
2470 3284 2541 3339 τὰ
2583 3286 2684 3356 τῆς
2732 3284 3065 3354 ἐπαγγελίας
3112 3283 3526 3354 πεπληρῶσθαι.
3566 3278 3676 3334 Ἠν
3728 3280 3843 3351 γὰρ
3890 3286 3921 3332 6

2246 3368 2610 3439 πατριάρχης,
2670 3368 2869 3437 φησιν,
2913 3368 3076 3439 ήνίκα
3131 3366 3323 3437 ἐτέχθη
3375 3366 3403 3418 6
3466 3364 3722 3436 Ἰσμαηλ,
3778 3361 3920 3416 ἐτῶν

2245 3451 2575 3521 ὀγδοήκοντα
2614 3451 2693 3515 ἓξ.
2758 3450 2916 3503 Ἀλλά
2964 3450 3123 3503 πάλιν
3175 3450 3375 3519 ἐτέρων
3425 3447 3725 3519 δεκατριῶν
3778 3449 3918 3503 ἐτῶν

2244 3533 2479 3605 ἀριθμόν
2505 3534 2791 3605 γυμνάσας
2814 3535 2841 3586 6
2869 3533 3244 3604 φιλάνθρωπος
3277 3530 3407 3593 Θεὸς
3448 3530 3543 3583 τοῦ
3574 3530 3783 3584 δικαίου
3816 3532 3921 3601 τὴν

2246 3617 2541 3688 ὑπομονὴν,
2582 3617 2702 3670 τότε
2742 3616 2839 3689 τὴν
2887 3617 3093 3670 οἰκείαν
3136 3616 3430 3685 ὑπόσχεσιν
3467 3618 3545 3677 εἰς
3577 3615 3737 3686 ἔργον
3767 3616 3915 3683 ἄγει.

2256 3701 2475 3771 Ἐπειδὴ
2500 3702 2608 3772 γάρ
2638 3698 2745 3753 εἶδε
2784 3700 2964 3763 καλῶς
2995 3712 3020 3739 ι
3054 3698 3304 3769 καθάπερ
3347 3700 3406 3751 ἐν
3448 3697 3798 3769 χωνευτηρίῳ
3829 3694 3919 3750 διᾶ

2242 3783 2337 3835 τοῦ
2376 3784 2585 3855 μήκους
2636 3782 2731 3835 τοῦ
2778 3783 2973 3853 χρόνου
3025 3780 3088 3833 τὸ
3135 3783 3357 3851 χρυσίον
3408 3780 3769 3851 ἐκκαθαρθέν,
3820 3780 3918 3833 καὶ

2243 3865 2630 3937 λαμπροτέραν
2669 3867 2764 3919 καὶ
2800 3864 3157 3935 φαιδροτέραν
3194 3864 3287 3917 τοῦ
3318 3864 3530 3916 δικαίου
3567 3863 3666 3933 τὴν
3711 3863 3919 3933 ἀρετὴν

2242 3948 2609 4017 ἀναφανεῖσαν
2634 3987 2650 4012 ,
2704 3948 2937 4010 Ἡνίκα,
2977 3948 3173 4017 φησὶν,
3231 3947 3468 4015 ἐγένετο
3501 3946 3717 4012 Ἀϐραμ
3761 3942 3917 3996 ἐτῶν

2240 4032 2843 4101 ἐννενηκονταεννέα,
2890 4032 3057 4100 ὤφθη
3100 4029 3262 4095 αὐτῷ
3295 4029 3480 4083 πάλιν
3516 4032 3549 4082 ό
3584 4029 3746 4092 Θεός.
3802 4027 3917 4080 Καὶ

2241 4118 2384 4182 τίνος
2411 4120 2597 4172 ἔνεκεν
2634 4118 2888 4172 τοσοῦτον
2916 4119 3106 4190 χρόνον
3148 4116 3608 4188 ἐμακροθύμησεν
3634 4132 3648 4177 ;
3678 4115 3794 4184 υὺχ
3825 4115 3916 4167 ἵνα

2236 4203 2335 4257 τοῦ
2360 4202 2568 4257 δικαίου
2598 4203 2759 4273 μόνον
2783 4204 2881 4274 τὴν
2908 4203 3209 4273 ὑπομονὴν,
3237 4202 3332 4255 καὶ
3365 4202 3464 4271 τὴν
3490 4198 3685 4268 πολλὴν
3709 4198 3917 4269 ἀρετὴν

2240 4287 2670 4358 καταμάθωμεν,
2721 4287 2836 4340 ἀλλ’
2876 4288 2964 4340 ἴνα
3018 4285 3111 4339 καὶ
3153 4285 3253 4356 τῆς
3288 4283 3463 4337 αὑτοῦ
3484 4282 3767 4353 δυνάμεως
3810 4285 3916 4354 τὴν

2242 4370 2545 4443 ὑπερϐολὴν
2581 4370 2797 4440 ἴδωμεν.
2843 4370 3035 4423 Ἥνίκα
3072 4368 3181 4440 γάρ
3214 4367 3590 4439 ἀπηγόρευσεν
3632 4366 3671 4435 ή
3707 4365 3871 4434 φύσις
3894 4405 3912 4428 ,

2240 4455 2337 4507 καὶ
2367 4454 2503 4526 πρὸς
2538 4454 2639 4525 τὴν
2677 4454 3023 4508 παιδοποιίαν
3045 4452 3231 4506 λοιπὸν
3254 4452 3526 4522 ἄχρηστος
3548 4446 3633 4521 ἦν,
3662 4467 3914 4519 καταμα⁶

2243 4537 2545 4609 ρανθέντων
2591 4535 2753 4589 αὑτοῦ
2800 4536 2908 4589 τῶν
2949 4535 3125 4606 μελῶν
3150 4574 3167 4598 ,
3208 4536 3302 4587 καλ¹
3336 4531 3766 4601 κατεψυγμένων
3804 4533 3913 4584 ὑπὸ

2236 4619 2333 4673 τοῦ
2365 4621 2571 4691 γήρως,
2596 4618 2715 4671 τότε
2732 4618 2826 4671 καὶ
2846 4617 2939 4670 τοῦ
2958 4617 3168 4670 δικαίου
3185 4617 3285 4685 τὴν
3303 4616 3505 4685 ἀρετὴν
3526 4612 3729 4666 ἐκκαλύ
3738 4630 3908 4674 πτων,

2240 4705 2335 4758 καὶ
2359 4703 2457 4775 τὴν
2480 4702 2686 4757 οἰκείαν
2716 4702 2930 4765 δεικνὺς
2955 4700 3204 4771 δύναμιν,
3239 4699 3310 4752 τὰ
3337 4698 3437 4767 τῆς
3465 4696 3794 4765 ἐπαγγελίας
3830 4698 3911 4761 εἰς

2240 4786 2400 4857 ἔργον
2430 4785 2571 4853 ἄγει.
2600 4784 2737 4837 Ἀλλ’
2755 4783 3049 4851 ἀναγκαῖον
3069 4781 3297 4835 ἀκοῦσαι
3320 4780 3416 4835 καὶ
3436 4778 3614 4834 αὑτῶν
3633 4779 3743 4830 τῶν
3756 4776 3909 4853 [3917}

2238 4869 2392 4942 παρά
2414 4869 2507 4923 τοῦ
2537 4868 2672 4923 Θεοῦ
2696 4868 2833 4939 πρὸς
2858 4867 3021 4922 αὑτὸν
3044 4865 3339 4937 ῥηθέντων.
3363 4862 3693 4931 Γενομένῳ,
3722 4861 3912 4931 φησὶν,

2238 4952 2400 5018 αὐτῷ
2437 4952 2588 5006 ἐτῶν
2629 4949 3232 5020 ἐννενηκονταεννέα,
3276 4948 3441 5017 ὤφθη
3484 4944 3643 5011 αὐτῷ
3668 4948 3702 4999 ό
3738 4945 3906 5011 Θεὸς.

2240 5038 2339 5091 καὶ
2384 5032 2554 5090 εἶπεν
2606 5035 2785 5101 αὐτῷ.
2842 5037 3011 5088 Ὅταν
3052 5034 3109 5087 δὲ
3158 5032 3433 5102 ἀκούσης,
3470 5030 3685 5098 Ὠρθη,
3738 5028 3909 5097 μηδὲν

2238 5119 2493 5174 ταπεινόν
2546 5120 2839 5184 ὑπόπτευε,
2893 5118 3028 5188 μηδέ
3074 5116 3301 5187 νομίσῃς
3349 5113 3646 5183 ὀφθαλμοῖς
3705 5111 3909 5181 σαρκκ

2237 5202 2465 5273 ὁρᾶσθαι
2498 5201 2595 5272 τὴν
2632 5200 2781 5254 θείαν
2812 5200 3028 5270 ἐκείνην
3064 5198 3157 5252 καὶ
3187 5196 3460 5267 ἄφθαρτον
3492 5194 3755 5263 δύναμιν,
3791 5193 3910 5245 ἀλλ’

2237 5287 2475 5350 εὐσεϐῶς
2520 5288 2733 5340 ἅπαντα
2779 5285 2909 5338 νόει.
2946 5285 3133 5352 Ὠφθη
3167 5276 3282 5335 οὖν
3311 5276 3471 5343 αὑτῷ
3498 5281 3531 5331 ό
3559 5280 3707 5342 Θεὸς
3732 5317 3749 5336 .
3785 5279 3911 5330 ἀντὶ

2236 5370 2354 5435 τοῦ,
2381 5371 2478 5442 τῆς
2504 5369 2631 5440 παρ’
2665 5368 2827 5422 αὑτοῦ
2865 5367 3107 5439 δηλονότι
3132 5364 3470 5434 ἐπισκέψεως
3490 5363 3653 5417 αὑτὸν
3678 5360 3905 5432 ἠξίωσε,

2237 5454 2330 5509 καὶ
2361 5454 2508 5521 ἄξιον
2534 5453 2695 5508 αὑτὸν
2717 5454 3065 5523 ἡγησάμενος
3098 5452 3199 5521 τῆς
3225 5451 3356 5521 παρ’
3390 5448 3582 5503 ἑαυτοῦ
3624 5449 3904 5520 προνοίας.

2238 5537 2406 5608 πολλῇ
2436 5534 2773 5607 κεχρημένος
2795 5538 2860 5606 τῇ
2890 5534 3312 5603 συγκαταϐάσει,
3337 5531 3432 5585 καὶ
3453 5530 3781 5597 διαλέγεται,
3813 5530 3908 5584 καί

2235 5637 2434 5691 φησιν·
2469 5618 2616 5689 Ἐγώ
2653 5621 2769 5689 εἰμι
2811 5622 2844 5673 ό
2889 5620 3035 5683 Θεός
3069 5633 3187 5672 σου
3227 5632 3242 5645 ·
3278 5614 3589 5684 σὺαρέστει
3625 5614 3909 5667 ἐναντίον

2228 5722 2368 5773 μου,
2396 5704 2495 5756 καὶ
2528 5703 2700 5770 γίνου
2725 5702 3047 5772 ἄμεμπτος,
3075 5700 3173 5755 καὶ
3200 5698 3458 5768 θήσομαι
3478 5698 3594 5766 τὴν
3612 5697 3909 5766 διαθήκην

2228 5806 2349 5857 μου
2378 5787 2496 5842 ἀνὰ
2518 5787 2714 5856 μέσον
2741 5786 2888 5856 ἐμοῦ
2916 5785 3015 5840 καί
3044 5786 3161 5840 ἀνὰ
3188 5784 3383 5854 μέσον
3414 5796 3532 5835 σου
3552 5821 3566 5845 ,
3606 5781 3708 5835 καὶ
3745 5784 3906 5846 ,πλη-

2234 5868 2394 5925 θυνῶ
2420 5884 2495 5923 σε
2515 5868 2767 5938 σφόδρα.
2802 5867 2911 5923 Καὶ
2937 5868 3161 5921 ἔπεσεν
3194 5867 3418 5935 ’Λϐραμ
3451 5864 3549 5918 ἐπὶ
3578 5865 3910 5933 πρόσωπον

2300 6026 2325 6054 ³
2350 6021 2520 6078 Καλῶς
2549 6024 2693 6073 deest
2718 6022 2766 6075 in
2792 6022 2987 6079 λίθεοι..
3012 6008 3119 6074 sed
3140 6021 3352 6074 habetur
3374 6019 3421 6070 in
3442 6018 3586 6068 Savil.
3616 6021 3665 6065 el
3694 6017 3743 6065 in
3784 6026 3900 6063 mss.
