4092 6408
324 426 421 483 361

324 543 561 600 domina:
580 541 881 613 aufugerat,
910 538 1004 596 sed
1030 546 1087 597 et
1107 538 1155 595 ei
1177 536 1456 594 Ismaelem
1507 537 1715 609 prolem
1757 535 1924 603 dedit,

328 637 455 692 inde
482 636 630 707 justo
678 648 932 705 magnum
983 633 1233 690 solatium
1280 631 1610 703 excogitatas,
1660 639 1929 703 tantaeque

326 730 597 801 patientia:
622 727 901 784 mercedes
924 727 973 783 ei
999 725 1322 782 retribueus.
1348 725 1414 779 Et
1440 720 1721 795 postquam
1772 733 1930 778 natus

327 831 410 877 est
445 820 659 885 Ismael,
685 820 874 875 volens
902 833 1004 873 nos
1026 817 1222 874 docere
1263 815 1538 887 Scriptura
1583 817 1795 885 tempus
1844 829 1932 886 pa-

328 912 599 980 triarchae,
621 912 782 967 etiam
830 924 1112 966 numerum
1139 923 1401 963 annorum
1446 906 1602 961 nobis
1631 905 1931 979 designavit

330 1006 520 1061 dicens
546 1022 561 1060 :
590 1003 678 1061 16.
709 1002 927 1071 Quando
948 1011 1099 1056 natus
1118 1010 1191 1055 est
1236 998 1447 1063 Ismael,
1497 1014 1748 1052 annorum
1792 1007 1933 1052 aeto-

326 1099 467 1169 ginta
492 1112 581 1153 rea:
601 1105 708 1151 erat
740 1094 931 1149 Abram
957 1092 1126 1167 (Cap.
1152 1092 1218 1147 16
1249 1093 1287 1162 ).
1318 1090 1609 1147 Videamus
1652 1096 1832 1145 autem
1875 1094 1933 1144 et

327 1191 431 1246 hoc
448 1190 587 1255 loco,
609 1189 662 1245 id
682 1188 821 1260 quod
844 1198 894 1244 et
912 1203 977 1243 ex
998 1185 1343 1256 sequentibus
1362 1183 1653 1248 discemus,
1669 1182 1931 1254 insignem

329 1283 640 1355 patientiam
658 1282 809 1352 justi,
836 1290 889 1336 et
905 1278 1227 1335 ineffabilem
1240 1286 1399 1347 atque
1413 1273 1663 1332 eximiam
1685 1273 1932 1345 benigni-

330 1384 494 1430 tatem
536 1373 768 1429 Domini.
809 1370 1055 1429 Sciemus
1076 1378 1255 1425 autem
1286 1376 1514 1437 utraque
1539 1365 1840 1431 evidenter,
1882 1366 1931 1422 si

330 1467 526 1522 iterum
567 1475 805 1535 tempora
848 1465 972 1519 vita
1019 1462 1151 1533 justi
1187 1460 1471 1517 addiscere
1512 1459 1846 1530 poterimus:
1879 1469 1933 1515 et

330 1558 606 1629 quomodo
632 1557 810 1613 bonus
844 1556 985 1611 Deus
1011 1570 1131 1625 qua:
1156 1553 1223 1609 ad
1251 1568 1311 1609 se
1344 1552 1574 1607 attinent
1609 1551 1757 1606 omni
1799 1560 1933 1604 tem-

328 1667 461 1718 pore
488 1651 785 1723 dispenset,
824 1647 1058 1720 probans
1083 1662 1237 1703 suum
1262 1644 1543 1709 famulum,
1572 1651 1627 1700 et
1648 1643 1791 1716 piam
1814 1641 1935 1712 ejus

328 1750 566 1798 mentem
590 1742 866 1813 detegens.
896 1739 1014 1811 Ipse
1034 1738 1178 1815 enim
1204 1737 1352 1794 clare
1382 1733 1701 1808 praesciebat
1741 1732 1928 1787 famuli

332 1836 415 1890 sui
460 1845 668 1906 gratum
732 1834 991 1898 animum,
1033 1829 1230 1885 animae
1270 1828 1385 1897 ejus
1454 1824 1930 1898 pulchritudinem,

333 1928 786 1999 margaritamque
811 1925 950 1979 hanc
970 1922 1243 1979 evidenter
1289 1919 1614 1992 agnoscebat
1642 1934 1658 1973 :
1686 1916 1780 1972 sed
1809 1916 1934 1986 quia

331 2021 501 2076 voluit
524 2018 776 2074 omnibus
808 2026 933 2071 tunc
960 2014 1320 2085 praesentibus
1345 2027 1470 2067 eum
1497 2019 1683 2066 notum
1733 2008 1931 2075 facere,

333 2122 389 2166 ut
412 2120 467 2167 et
494 2107 879 2181 posterioribus
905 2106 1117 2161 saeculis
1146 2106 1258 2175 ipsa
1284 2102 1415 2174 justi
1444 2102 1611 2158 virtus
1640 2100 1706 2154 ad
1756 2100 1932 2153 imita-

335 2203 534 2258 tionem
560 2215 623 2256 ac
648 2200 820 2254 zelum
841 2213 935 2254 eos
952 2196 1041 2268 qui
1069 2195 1309 2251 mmulari
1338 2193 1540 2250 vellent
1568 2200 1887 2263 provocaret
1916 2207 1931 2244 :

334 2294 534 2348 idcirco
569 2291 822 2362 paulatim
853 2298 1081 2344 mentem
1124 2288 1253 2358 justi
1298 2295 1404 2342 tam
1441 2287 1750 2356 opulentam
1781 2285 1934 2339 nobis

334 2384 565 2456 detegit:
589 2391 646 2438 ut
662 2382 930 2438 discamus
946 2390 1001 2436 et
1026 2395 1124 2435 nos
1142 2379 1337 2435 divinis
1357 2377 1801 2451 promissionibus
1826 2392 1933 2431 non

333 2476 600 2540 diffidere,
633 2489 807 2545 neque
828 2473 1138 2529 dilationem
1169 2472 1428 2543 gravatim
1455 2469 1618 2537 ferre,
1646 2469 1740 2524 sed
1767 2469 1937 2538 majo-

334 2584 451 2624 rem
479 2582 629 2637 spem
657 2568 708 2621 in
746 2565 1101 2621 invisibilihus
1130 2579 1289 2635 quam
1311 2564 1364 2619 in
1386 2562 1680 2619 visibilibus
1710 2576 1933 2631 ponere,

341 2675 465 2731 qtae
493 2658 752 2713 Dominus
777 2657 1015 2711 omnium
1043 2657 1349 2727 promiserit
1402 2671 1418 2709 :
1450 2662 1504 2709 et
1545 2653 1777 2708 sciamus
1826 2666 1933 2706 non

335 2766 457 2808 esse
481 2750 737 2822 possibile
758 2758 816 2805 ut
836 2765 1088 2819 umquam
1110 2747 1358 2803 excidant
1384 2747 1648 2819 promissa
1674 2745 1767 2800 Dei
1794 2762 1809 2811 ;
1838 2744 1934 2800 sed

335 2855 391 2901 et
416 2847 461 2899 si
484 2845 645 2914 longo
670 2852 795 2914 post
824 2855 1065 2913 tempore
1104 2841 1354 2897 eveniant
1372 2840 1545 2911 aliqua
1574 2838 1768 2895 divinis
1811 2853 1936 2910 pro-

336 2936 517 2993 missis
535 2934 770 3000 diversa,
801 2949 872 2990 ne
901 2942 1180 3004 propterea
1204 2947 1358 2988 mens
1385 2931 1648 2996 turbetur,
1700 2930 1795 2986 sed
1843 2945 1935 2987 co-

336 3041 660 3098 gnoscamus
685 3025 801 3097 ejus
825 3025 919 3096 qui
957 3024 1200 3095 promisit
1237 3023 1551 3095 sapientiam
1579 3030 1634 3078 et
1685 3023 1935 3077 invictam

337 3121 589 3176 virtutem
635 3127 738 3175 :et
788 3133 913 3174 eum
967 3116 1413 3187 quandocumque
1460 3115 1712 3179 voluerit,
1772 3129 1936 3185 opere

336 3230 458 3287 qua:
478 3214 578 3270 sibi
608 3212 798 3283 placita
829 3221 955 3266 sunt
1014 3210 1286 3281 complere
1325 3223 1508 3279 posse,
1560 3210 1846 3278 omniaque
1884 3206 1935 3263 ei

338 3321 560 3362 cessura
588 3313 643 3360 et
682 3305 1123 3373 obtemperatum
1148 3314 1287 3355 esse.
1318 3298 1452 3353 Nam
1502 3300 1626 3369 quia
1680 3299 1937 3354 Dominus

338 3408 640 3455 estnaturaz
670 3407 719 3451 et
760 3393 973 3465 Opifex,
1001 3401 1174 3465 potest
1194 3393 1353 3447 etiam
1380 3391 1510 3446 dare
1534 3406 1596 3445 ea
1618 3406 1737 3462 quae
1773 3404 1936 3459 supra

341 3499 587 3544 naturam
618 3495 760 3542 sunt.
792 3486 869 3541 Ne
901 3486 1058 3557 igitur
1086 3484 1154 3539 ad
1205 3484 1475 3554 pr0priam
1516 3482 1935 3537 imbecillitatem

308 3584 311 3587 λ
340 3581 712 3653 respicientes,
741 3579 1007 3635 curiosius
1044 3593 1166 3648 quae
1190 3593 1220 3632 a
1261 3576 1376 3632 Deo
1409 3575 1544 3630 fiunt
1581 3575 1934 3647 inquiramus,

344 3691 518 3747 neque
564 3675 633 3730 ad
687 3683 892 3729 naturae
958 3670 1205 3727 ordinem
1262 3668 1627 3736 intendentes,
1702 3676 1936 3723 mentem

343 3767 644 3823 dividamus
674 3764 808 3821 :sed
850 3765 990 3820 sicut
1032 3765 1168 3834 grati
1224 3759 1430 3827 famuli,
1481 3761 1797 3816 immensam
1834 3761 1939 3817 Do-

344 3861 476 3917 mini
512 3860 681 3917 nostri
735 3857 1033 3930 potentiam
1121 3871 1229 3912 non
1268 3855 1595 3928 ignorantes,
1658 3855 1940 3910 credamus

344 3952 463 4023 ejus
527 3950 993 4022 promissionibus,
1043 3957 1101 4004 ut
1162 3947 1410 4003 humanis
1459 3948 1660 4002 viribus
1698 3948 1943 4019 superio-

346 4058 435 4101 res
463 4044 607 4109 faeti,
634 4042 895 4114 promissa
922 4056 1273 4112 assequamur
1300 4040 1543 4106 omnino,
1571 4048 1626 4096 et
1654 4040 1771 4111 ejus
1795 4039 1943 4095 frua-

349 4154 471 4194 mur
517 4136 912 4204 benevolentia,
939 4150 1003 4191 ac
1027 4149 1126 4206 pro
1145 4142 1333 4189 nostro
1370 4133 1512 4188 virili
1535 4133 1701 4188 Deum
1726 4148 1941 4204 quoque

351 4232 656 4288 timeamus.
714 4229 976 4285 Maximus
1016 4228 1157 4284 enim
1214 4226 1300 4283 hic
1348 4236 1431 4282 est
1499 4234 1681 4281 noster
1745 4225 1939 4293 honos,

350 4341 509 4396 quem
553 4323 749 4380 offerre
789 4337 1091 4394 possumus,
1148 4330 1209 4377 ut
1248 4320 1429 4376 virtuti
1480 4319 1645 4390 ipsius
1693 4320 1939 4387 fidamus,

351 4417 560 4474 etiamsi
586 4416 796 4473 carneis
823 4416 989 4470 oculis
1015 4430 1133 4486 quae
1158 4422 1280 4469 sunt
1322 4412 1590 4467 contraria
1644 4412 1941 4468 videamus.

316 4496 317 4499 η
355 4512 421 4567 Et
464 4510 588 4583 quid
636 4507 939 4573 admiraris,
971 4507 1016 4563 si
1056 4506 1195 4578 apud
1247 4506 1413 4562 Deum
1460 4505 1633 4560 honor
1660 4505 1731 4560 sit
1777 4505 1947 4559 maxi-

355 4617 475 4657 mus
532 4618 639 4656 non
704 4598 991 4656 dubitare?
1040 4598 1213 4653 Etiam
1287 4595 1431 4668 apud
1492 4596 1761 4663 homines,
1819 4611 1943 4652 eum

310 4690 313 4693 ’
355 4692 482 4764 quid
509 4709 576 4748 ex
601 4691 683 4746 his
708 4690 863 4747 ﬂuxis
893 4701 944 4746 et
968 4689 1295 4759 corruptioni
1343 4688 1589 4743 obnoxiis
1638 4687 1799 4741 rebus
1851 4701 1949 4742 no-

356 4786 441 4841 bis
486 4785 833 4856 promittitur,
884 4783 931 4838 si
958 4796 1055 4838 nos
1076 4781 1145 4837 de
1163 4780 1444 4852 promissis
1485 4794 1589 4834 non
1619 4778 1944 4846 dubitemus,

359 4880 455 4936 sed
487 4876 818 4949 promittenti
848 4874 1006 4930 fidem
1056 4873 1371 4936 habeamus.
1413 4871 1465 4927 id
1491 4871 1723 4927 maximo
1758 4870 1949 4926 honori

360 4973 596 5040 ducitur,
646 4970 787 5041 quod
815 4984 1009 5039 nempe
1035 4982 1144 5022 non
1172 4965 1500 5032 dubitemus,
1526 4963 1621 5019 sed
1669 4964 1949 5033 promissis

363 5064 611 5121 fidamus.
642 5061 794 5131 Quod
822 5060 865 5116 si
894 5058 995 5115 hoe
1040 5059 1094 5114 in
1122 5056 1450 5123 hominibus,
1476 5055 1568 5127 qui
1601 5062 1707 5109 tam
1758 5053 1953 5109 crebro

362 5157 448 5214 vel
472 5164 763 5218 mutantur,
793 5153 878 5207 vel
921 5151 991 5207 ob
1020 5150 1382 5207 infirmitatem
1411 5158 1666 5219 praestare
1690 5145 1822 5201 nihil
1868 5161 1955 5201 va-

363 5250 475 5305 lent
491 5266 509 5303 :
526 5253 726 5318 quanto
742 5244 911 5315 magis
925 5242 1306 5312 omnipotentis
1328 5239 1420 5295 Dei
1437 5237 1715 5309 promissis
1733 5235 1955 5293 credere

365 5340 644 5403 debemus,
668 5337 876 5394 etiamsi
900 5335 1111 5390 interim
1125 5333 1349 5388 multum
1373 5330 1630 5400 temporis
1648 5327 1957 5384 interfluat?

367 5431 496 5488 Haec
512 5440 688 5486 autem
715 5444 744 5483 a
774 5442 861 5484 me
887 5441 1028 5482 nunc
1054 5439 1160 5480 non
1188 5424 1390 5494 absque
1415 5437 1576 5478 causa
1621 5420 1765 5477 dicta
1808 5427 1954 5487 sunt,

372 5525 469 5581 sed
493 5532 551 5578 ut
574 5524 713 5579 scire
741 5520 1027 5592 possimus,
1059 5532 1181 5573 cum
1209 5516 1513 5572 venerimus
1533 5514 1600 5570 ad
1639 5512 1957 5585 principium

373 5632 561 5673 eorum
591 5630 709 5686 quae
736 5611 896 5667 hodie
924 5609 1077 5664 nobis
1104 5616 1229 5661 sunt
1251 5605 1539 5676 proposita,
1568 5603 1839 5674 quomodo
1862 5603 1961 5658 be-

374 5712 568 5782 nignus
618 5708 757 5762 Deus
795 5703 985 5758 volens
1029 5698 1170 5771 apud
1216 5711 1406 5753 omnes
1457 5695 1693 5751 nobilem
1735 5694 1963 5751 reddere

376 5798 755 5872 patriarcham,
786 5804 867 5851 tot
890 5794 1046 5848 annis
1077 5788 1508 5863 procrastinavit.
1531 5796 1587 5842 et
1612 5787 1827 5843 interim
1870 5788 1963 5857 ju-

375 5908 488 5953 stus
512 5909 616 5952 nou
637 5905 779 5965 aegre
800 5888 1021 5956 ferebat,
1046 5899 1152 5944 non
1168 5884 1238 5942 ob
1263 5882 1664 5941 diuturnitatem
1682 5887 1960 5951 torpesce-

1424 417 1491 475 IN
1526 418 1681 477 CAP.
1714 416 1877 475 XVII.
1917 416 2163 477 GENES.
2201 418 2429 478 HOMIL.
2462 421 2703 480 XXXIX.

3525 432 3630 489 362

2047 535 2160 604 bat,
2183 552 2284 593 nec
2303 537 2640 611 desperabat,
2672 541 2765 595 sed
2791 540 2932 596 bona
2964 557 3060 613 spe
3090 553 3387 617 vegetatus,
3412 551 3629 621 religio-

2032 642 2152 683 sum
2180 630 2420 685 animum
2451 632 2503 685 in
2534 632 2785 688 omnibus
2809 649 2921 705 pra:
2943 651 3003 690 se
3027 634 3250 693 ferebat.
3274 639 3519 697 Sciemus
3536 660 3630 697 au-

2033 726 2140 776 tem
2169 720 2367 793 liquido
2395 738 2606 780 omnem
2652 726 2969 795 patriarchae
2991 729 3259 799 virtutem,
3279 733 3324 787 si
3376 734 3632 791 didiceri—

2034 826 2154 868 mus
2179 824 2434 885 quantum
2464 816 2665 872 interea
2698 827 2906 888 tempus
2935 821 3178 890 elapsum
3206 823 3386 881 fuerit.
3435 825 3627 884 Omnia

2034 902 2176 959 enim
2206 902 2396 961 beatus
2414 905 2590 963 Moses
2617 908 2817 978 Spiritu
2840 921 3027 965 sancto
3056 911 3269 968 afflatus
3291 915 3437 973 clare
3466 917 3629 973 doce-

2034 992 2130 1049 bit.
2159 996 2297 1065 Quid
2327 998 2487 1069 igitur
2526 999 2614 1054 ille
2640 1000 2816 1055 dicit?
2844 1001 3066 1070 Quando
3088 1007 3323 1061 obedivit
3372 1010 3629 1065 mandato

2037 1079 2154 1153 Dei,
2185 1094 2240 1141 et
2289 1089 2525 1158 migrans
2553 1105 2583 1144 a
2613 1091 2872 1159 Charran,
2906 1093 2960 1148 in
3000 1094 3362 1152 Chananaeam
3403 1110 3628 1155 conten-

2035 1177 2134 1246 dit,
2165 1195 2427 1235 annorum
2454 1193 2570 1236 erat
2597 1184 2932 1255 septuaginta
2958 1186 3215 1257 quinque.
3245 1188 3311 1243 Et
3345 1191 3525 1246 statim
3572 1203 3629 1248 ut

2036 1272 2181 1326 venit
2204 1273 2255 1327 in
2282 1272 2662 1337 Chauanaram,
2690 1276 2948 1333 Dominus
2998 1280 3244 1349 promisit
3272 1283 3323 1336 ei
3355 1292 3408 1337 et
3432 1286 3628 1341 semini

2035 1364 2152 1432 ejus
2171 1364 2417 1420 daturum
2439 1382 2500 1423 se
2523 1382 2736 1423 omnem
2762 1378 2978 1436 terram,
3002 1380 3058 1426 et
3076 1382 3224 1428 tanto
3246 1391 3470 1432 numero
3490 1380 3628 1432 mulo

2037 1453 2415 1524 tiplicaturum,
2452 1466 2505 1512 ut
2538 1460 2926 1516 innuunerabile
2955 1462 3045 1516 fiat
3072 1464 3212 1519 sicut
3232 1481 3394 1522 arena
3421 1477 3475 1524 et
3499 1458 3629 1524 5th.

2036 1545 2123 1601 1:12.
2156 1547 2222 1602 Et
2252 1554 2372 1619 post
2418 1551 2824 1621 promissionem
2857 1554 2994 1610 hanc
3020 1557 3186 1612 multa
3214 1558 3428 1616 interim
3481 1566 3627 1619 acci-

2037 1636 2418 1710 deruntjusto,
2445 1659 2638 1713 nempe
2658 1644 2950 1701 descensus
2975 1645 3028 1700 in
3058 1645 3347 1721 Egyptum
3404 1664 3628 1723 promer

2039 1728 2257 1799 famem,
2300 1744 2484 1804 raptus
2519 1734 2687 1806 Sarra,
2734 1747 2791 1793 et
2825 1738 3003 1794 statim
3032 1740 3208 1796 divina
3261 1746 3625 1813 providentia.

2040 1822 2237 1879 Iterum
2288 1836 2411 1898 post
2474 1826 2704 1882 reditum
2759 1830 2826 1885 ab
2884 1828 3140 1902 Egypto,
3191 1834 3294 1889 alia
3345 1838 3631 1892 occasione

2037 1913 2184 1969 Sara:
2218 1914 2528 1974 molestima
2574 1931 2700 1990 rege
2738 1918 3086 1989 Gerarorum,
3133 1935 3188 1980 et
3224 1927 3403 1983 statim
3443 1944 3471 1982 a
3516 1918 3629 1985 Deo

2038 2003 2359 2063 Subsidium.
2376 2010 2550 2081 Atque
2568 2010 2684 2066 haec
2711 2012 2812 2067 sibi
2831 2014 3127 2069 accidentia
3142 2018 3319 2073 omnia
3338 2020 3525 2076 videns
3544 2022 3633 2092 ju-

2038 2108 2153 2153 stus
2181 2109 2302 2169 post
2325 2103 2736 2172 promissionem
2766 2103 2933 2173 illam,
2960 2121 3069 2161 non
3098 2109 3409 2166 turbabatur
3427 2114 3629 2179 animo,

2040 2206 2215 2261 neque
2258 2193 2522 2249 curiosius
2569 2193 2899 2265 disquirebat
2949 2213 3114 2267 quare
3152 2213 3366 2272 accepta
3399 2205 3630 2273 promis-

2038 2285 2188 2340 sioue
2216 2284 2328 2353 tali,
2353 2286 2405 2341 in
2439 2295 2612 2341 tantas
2637 2288 2873 2358 talesque
2896 2291 3213 2347 tentationes
3241 2293 3477 2364 quotidie
3502 2296 3634 2350 inci—

2039 2377 2211 2446 deret,
2234 2389 2289 2434 et
2312 2388 2455 2434 tanto
2488 2389 2729 2450 tempore
2757 2392 3000 2438 maneret
3024 2383 3227 2454 absque
3250 2387 3417 2455 prole.
3447 2388 3631 2443 Noluit

2040 2469 2182 2524 enim
2211 2481 2394 2541 utpote
2418 2472 2557 2541 pius,
2581 2472 2829 2528 humanis
2868 2475 3163 2531 rationibus
3199 2492 3261 2532 ea
3302 2494 3421 2548 qua:
3448 2495 3478 2533 a
3521 2482 3633 2535 Deo

2040 2561 2240 2617 fiebant
2272 2563 2557 2633 subjicere,
2585 2572 2640 2620 et
2663 2564 2789 2619 boni
2816 2565 3150 2633 consulebat,
3183 2577 3435 2639 grateque
3458 2586 3631 2627 susci-

2039 2654 2219 2723 piebat
2242 2670 2592 2726 qurecumque
2615 2656 2724 2710 Deo
2747 2655 2960 2711 fuerant
2990 2656 3121 2713 visa.

2108 2745 2161 2800 2.
2191 2744 2294 2802 Cur
2320 2743 2457 2800 Deus
2500 2747 2574 2800 sic
2617 2747 2903 2802 cunctando
2946 2748 3226 2819 probaverit
3264 2752 3478 2819 Abram;
3502 2771 3634 2827 quo-

2040 2839 2190 2892 modo
2232 2839 2339 2893 lucc
2377 2856 2475 2893 vox
2507 2859 2525 2892 ι
2555 2842 2790 2911 apparuit
2818 2842 3160 2911 raceipienda
3197 2844 3281 2897 sit.
3312 2875 3385 2884 -
3409 2846 3475 2900 Et
3513 2858 3634 2917 post

2039 2930 2303 2986 decimum
2341 2948 2539 2987 annum
2568 2935 2804 3005 suscepit
2828 2934 3109 2991 Ismaelem
3136 2951 3204 2991 ex
3233 2939 3449 3005 ancilla,
3483 2949 3631 3010 post-

2039 3039 2209 3095 eaque
2261 3023 2314 3078 in
2369 3024 2461 3079 illo
2505 3026 2709 3095 putavit
2752 3026 3166 3097 promissionem
3213 3026 3628 3099 adimplendam.

2039 3113 2171 3169 Erat
2212 3115 2354 3170 enim
2394 3116 2715 3186 patriarcha,
2766 3119 2979 3187 quando
3021 3127 3177 3174 natus
3222 3130 3305 3175 est
3333 3122 3381 3176 ei
3413 3122 3627 3189 lsmael,

2040 3222 2301 3264 annorum
2328 3209 2597 3280 octoginta
2627 3225 2741 3265 sex.
2798 3209 2906 3266 Sed
2950 3212 3142 3267 iterum
3186 3212 3441 3269 tredecim
3475 3218 3633 3272 annis

2040 3309 2321 3355 exercetur
2343 3315 2373 3355 a
2400 3301 2629 3372 benigno
2661 3303 2768 3357 Deo
2805 3303 2921 3373 ejus
2968 3305 3239 3374 patientia,
3269 3307 3440 3362 donec
3466 3308 3634 3379 ipsius

2042 3392 2325 3461 promissio
2346 3392 2649 3463 impleatur.
2680 3392 2812 3448 Nam
2839 3395 2962 3465 quia
2988 3396 3153 3465 probe
3178 3408 3416 3465 noverat,
3439 3414 3631 3471 quem—

2041 3484 2326 3538 admodum
2370 3500 2555 3539 aurum
2613 3487 2664 3540 iu
2720 3486 2935 3542 fornace
2966 3490 3220 3559 temporis
3261 3489 3631 3557 diuturnitate,

2042 3574 2113 3629 ita
2136 3575 2335 3644 justum
2362 3578 2595 3647 purgari,
2628 3578 2847 3647 ejusque
2868 3578 3116 3633 virtutem
3142 3581 3422 3637 clariorem
3439 3593 3492 3638 et
3514 3584 3635 3638 illu-

2042 3667 2287 3721 striorem
2309 3667 2421 3722 ﬁeri
2445 3686 2458 3722 :
2488 3671 2507 3723 1
2528 3667 2677 3742 (Cap.
2697 3668 2808 3741 17).
2831 3671 3046 3736 Quando
3066 3676 3231 3744 factus
3248 3684 3317 3727 est
3335 3675 3523 3729 Abram
3542 3693 3622 3729 an-

2044 3776 2223 3813 norum
2241 3763 2517 3832 nonaginta
2538 3778 2733 3829 novem,
2754 3763 2943 3834 inquit,
2964 3766 3202 3835 apparuit
3219 3767 3263 3820 ei
3274 3764 3414 3822 Deus
3428 3768 3629 3823 iterum.

2046 3852 2114 3907 Et
2150 3869 2440 3924 quarenam
2491 3863 2640 3909 tanto
2692 3864 2931 3926 tempore
2981 3857 3223 3913 distulit?
3268 3858 3336 3915 Ut
3384 3876 3489 3915 non
3539 3876 3633 3916 so-

2046 3943 2154 3998 lum
2197 3944 2325 4015 justi
2373 3946 2683 4017 patientiam
2730 3956 2784 4003 et
2825 3948 3074 4004 virtutem
3122 3950 3413 4017 discamus,
3456 3952 3551 4008 sed
3579 3964 3634 4008 et

2046 4034 2360 4091 immensam
2414 4037 2579 4107 ipsius
2631 4041 2920 4107 potentiam
2966 4039 3262 4096 videamus.
3310 4042 3443 4097 Cum
3492 4045 3634 4100 enim

2046 4126 2177 4180 nihil
2222 4126 2338 4196 spei
2381 4136 2435 4182 et
2474 4129 2888 4197 exspectationis
2928 4139 3071 4184 esset
3098 4130 3151 4185 in
3184 4142 3371 4187 natura
3421 4149 3540 4204 qua:
3567 4136 3635 4191 ad

2048 4218 2433 4289 procreandam
2457 4220 2658 4291 prolem
2689 4221 2888 4275 inutilis
2917 4230 3035 4277 erat
3059 4231 3113 4278 et
3140 4224 3377 4280 membra
3408 4242 3517 4297 pra:
3546 4246 3635 4283 se-

2047 4318 2263 4365 nectute
2289 4310 2534 4381 languida
2559 4322 2613 4367 et
2640 4311 2825 4383 frigida
2853 4323 3055 4378 essent,
3087 4323 3214 4370 tunc
3257 4316 3468 4372 tandem
3507 4318 3636 4389 justi

2008 4402 2011 4405 ’
2050 4401 2297 4457 virtutem
2327 4402 2552 4472 detexit,
2582 4413 2638 4459 et
2680 4419 2828 4459 suam
2876 4406 3167 4474 potentiam
3217 4407 3487 4475 indicavit,
3518 4428 3641 4482 pro-

2050 4495 2672 4567 missionemimplendo.
2701 4497 2810 4553 Sed
2837 4513 3015 4569 operae
3058 4501 3285 4569 pretium
3327 4513 3429 4565 est,
3460 4514 3519 4560 ut
3543 4507 3642 4562 ite-

2051 4601 2169 4639 rum
2190 4585 2467 4641 audiamus
2482 4602 2544 4642 ca
2566 4587 2680 4657 ipsa
2703 4604 2823 4659 qua:
2846 4604 2968 4644 cum
2998 4590 3089 4645 illo
3118 4592 3259 4647 Deus
3284 4593 3531 4664 loquutus
3560 4609 3644 4651 cst

2054 4678 2238 4734 verba.
2263 4679 2392 4734 Cum
2421 4684 2588 4751 factus
2612 4681 2747 4735 enim
2776 4692 2919 4749 esset,
2947 4682 3136 4754 inquit,
3164 4687 3440 4757 nonaginta
3467 4704 3645 4743 novem

2054 4786 2323 4838 annorum,
2368 4775 2605 4843 apparuit
2646 4780 2694 4828 et
2735 4773 2900 4842 Deus,
2947 4785 2993 4829 et
3032 4775 3160 4830 dixit
3188 4778 3254 4830 ei.
3295 4778 3427 4833 Cum
3466 4791 3645 4836 autem

2056 4863 2328 4927 audieris,
2375 4865 2646 4935 Apparuit,
2698 4865 2829 4920 nihil
2875 4866 3076 4922 humile
3116 4868 3428 4938 suspiceris,
3475 4886 3649 4942 neque

2058 4965 2213 5027 putes
2238 4957 2409 5011 oculis
2434 4956 2737 5012 carnalibus
2766 4956 2934 5012 videri
2964 4956 3196 5013 divinam
3219 4960 3364 5015 illam
3390 4970 3443 5016 et
3470 4961 3648 5017 incor-

2061 5047 2365 5118 ruptibilem
2394 5048 2709 5117 potentiam,
2730 5048 2825 5103 sed
2857 5050 2942 5118 pie
2970 5050 3149 5104 omnia
3173 5050 3429 5123 intellige.
3469 5055 3652 5125 Appa-

2059 5140 2161 5193 ruit
2188 5139 2366 5210 igitur,
2392 5138 2439 5192 ei
2467 5138 2601 5191 Deus
2626 5154 2646 5193 :
2674 5137 2775 5194 hoc
2807 5148 2911 5208 est,
2938 5138 3241 5195 visitatione
3276 5157 3373 5197 sua
3400 5142 3548 5197 illum
3574 5144 3657 5198 di—

2061 5240 2253 5304 gnatus
2272 5241 2375 5298 est,
2402 5240 2461 5287 et
2485 5230 2701 5301 dignum
2743 5230 2896 5286 duxit
2923 5247 3044 5287 eum
3066 5233 3218 5304 cujus
3236 5248 3419 5290 curam
3449 5246 3652 5306 ageret,

2066 5341 2196 5382 usus
2218 5338 2407 5394 magna
2446 5323 2710 5378 sermonis
2733 5325 3192 5394 attemperatione.
3224 5324 3369 5380 Dixit
3393 5326 3548 5395 enim,
3578 5327 3659 5380 in-

2067 5416 2202 5487 quit,
2229 5416 2298 5469 ad
2324 5431 2460 5470 eum.
2511 5412 2623 5484 Ego
2668 5430 2779 5467 sum
2811 5412 2947 5468 Deus
2995 5423 3144 5480 tuus;
3172 5415 3316 5486 place
3355 5431 3528 5470 coram
3558 5432 3658 5482 me,

2068 5519 2116 5564 et
2140 5518 2244 5563 esto
2267 5506 2739 5579 irreprehensibilis,
2756 5507 2811 5560 2.
2830 5515 2876 5561 et
2904 5523 3089 5575 ponam
3118 5517 3466 5562 testamentum
3497 5524 3660 5562 meum

2065 5601 2196 5655 inter
2215 5616 2296 5653 me
2319 5609 2365 5653 et
2388 5599 2519 5652 inter
2547 5607 2613 5665 te,
2647 5607 2694 5653 et
2722 5597 3071 5668 multiplicabo
3093 5608 3140 5652 te
3166 5598 3328 5653 valde.
3359 5600 3413 5655 5.
3442 5597 3510 5653 Et
3531 5616 3656 5669 pro-

2068 5693 2191 5748 cidit
2210 5691 2400 5747 Abram
2427 5706 2579 5761 super
2606 5690 2784 5761 faciem
2800 5706 2968 5745 suam.
2998 5689 3185 5761 Magna
3219 5690 3351 5760 justi
3398 5690 3660 5761 probitas,

2070 5783 2349 5841 excellens
2379 5783 2507 5838 item
2536 5781 2935 5838 clementissimi
2970 5781 3061 5837 Dei
3091 5782 3142 5837 in
3165 5782 3314 5838 illum
3340 5781 3665 5854 benignitas.

2074 5873 2188 5950 Ego
2218 5892 2349 5945 sum,
2378 5875 2570 5949 inquit,
2596 5872 2735 5932 Deus
2765 5882 2881 5930 tuus
2909 5891 2927 5931 :
2955 5874 3105 5948 quasi
3139 5873 3360 5946 diceret,
3385 5872 3501 5950 Ego
3547 5892 3667 5934 sum
