4092 6408
484 360 595 419 565

488 474 581 544 qui
608 484 775 543 usque
800 468 854 525 in
882 480 1119 540 prmsens
1141 480 1229 523 res
1254 475 1374 521 tuas
1399 464 1563 519 variis
1601 459 1773 516 modis
1791 457 2077 527 dispenso;

489 581 591 636 ego
612 580 751 627 sum,
777 562 866 633 qui
894 569 948 616 te
975 575 1006 614 e
1034 560 1196 615 domo
1220 567 1309 613 tua
1334 555 1569 621 evocavi,
1594 563 1650 609 et
1676 550 1780 607 huc
1803 548 1969 613 duxi;
1995 545 2085 617 qui

493 657 639 712 ωηιιί
685 665 927 724 tempore
969 658 1329 722 propugnator
1371 657 1493 702 tuus
1534 659 1676 709 sum,
1721 652 1777 698 et
1815 640 1905 713 qui
1938 648 1992 694 te
2017 637 2088 693 de

494 746 722 801 inimicis
748 744 1006 799 victorem
1036 740 1215 809 efl‘eci,
1244 755 1345 811 ego
1378 753 1531 803 sum;
1558 747 1614 792 et
1638 749 1742 789 non
1788 732 1922 813 dixit
1960 730 2088 785 sim-

498 837 726 905 pliciter,
759 834 873 905 Ego
900 848 1022 889 sum
1072 832 1212 887 Deus
1244 850 1257 885 :
1289 829 1407 895 sed,
1454 827 1568 899 Ego
1609 842 1721 882 sum
1768 823 1908 879 Deus
1949 831 2085 875 tuus.

500 926 634 981 Vide
661 925 849 979 miram
878 923 1190 989 bonitatem,
1225 918 1493 991 quomodo
1535 918 1638 972 hoc
1680 916 1840 970 etiam
1884 911 2089 968 addita-

497 1029 681 1075 nteuto
721 1031 959 1072 amorem
1004 1029 1161 1071 suum
1208 1029 1331 1085 erga
1374 1011 1575 1082 justum
1616 1007 1930 1063 declaravit.
1957 1004 2090 1059 Nam

497 1112 590 1183 qui
618 1112 778 1166 totius
804 1107 985 1164 mundi
1008 1116 1090 1163 est
1118 1107 1278 1172 Deus,
1301 1113 1355 1159 et
1376 1101 1609 1158 universi
1636 1097 1847 1170 Opifex,
1869 1096 2091 1151 Creator

498 1205 613 1259 (ιωιὶ
644 1212 699 1261 et
724 1212 901 1267 terrm,
928 1199 1057 1255 dicit
1087 1217 1100 1254 :
1130 1195 1244 1269 Ego
1282 1212 1392 1250 sum
1416 1194 1555 1248 Deus
1581 1204 1716 1246 tuus.
1750 1190 1939 1260 lugens
1970 1201 2092 1257 pro-

500 1298 640 1351 fecto
686 1294 880 1360 honor,
908 1291 997 1362 qui
1039 1291 1187 1361 justo
1213 1287 1483 1344 tribuitur.
1511 1284 1599 1341 Sic
1625 1293 1679 1339 et
1708 1280 1981 1353 prophetis
2010 1277 2091 1331 lo-

500 1388 591 1459 qui
613 1400 732 1442 mos
756 1393 859 1441 est.
880 1383 1013 1440 Nam
1043 1383 1183 1439 sicut
1223 1382 1337 1451 ipse
1372 1393 1531 1444 nunc,
1559 1392 1680 1431 cum
1725 1375 1795 1429 sit
1839 1374 2093 1428 Dominus

500 1476 802 1533 communis
848 1473 1111 1539 omnium,
1140 1486 1171 1525 a
1198 1485 1355 1526 servo
1390 1478 1447 1523 ut
1484 1466 1764 1539 peculiaris
1789 1462 1968 1518 vocari
1996 1476 2092 1516 vo-

499 1571 620 1636 luit,
648 1568 978 1625 inveniemus
1004 1565 1164 1621 etiam
1190 1578 1312 1618 cum
1343 1569 1465 1634 post
1508 1560 1625 1614 haec
1665 1557 1952 1617 dicentem,
1983 1552 2095 1624 Ego

502 1682 614 1719 sum
644 1662 779 1716 Deus
809 1658 1085 1723 Abraham,
1124 1656 1260 1711 Deus
1290 1654 1524 1719 Isaac,et
1545 1651 1680 1705 Deus
1704 1647 1867 1703 Jacob
1898 1646 2092 1719 (Exod.

502 1756 559 1811 5.
604 1754 662 1825 6)
692 1753 803 1807 :ita
832 1760 888 1807 et
928 1749 1202 1821 prophetae
1248 1747 1429 1801 dicere
1477 1749 1906 1805 consueverunt,
1957 1736 2098 1792 Deus

507 1846 644 1901 Deus
683 1860 821 1899 meus
848 1857 867 1897 :
898 1856 1002 1896 non
1048 1838 1433 1894 concludentes
1477 1834 1593 1907 ejus
1636 1831 1931 1888 dominium
1955 1869 1972 1894 ,
2002 1826 2098 1884 sed

503 1954 741 1995 amorem
774 1936 1093 1990 immensqu
1142 1929 1496 1985 declaranm.
1539 1925 1658 1980 Non
1699 1924 1857 1994 igitur
1902 1920 2098 1976 mirum

505 2034 550 2086 si
584 2030 824 2085 homines
854 2027 956 2082 hoc
979 2024 1203 2090 faciant;
1236 2021 1331 2078 sed
1369 2019 1513 2091 quod
1543 2020 1657 2089 ipse
1684 2031 1810 2087 erga
1854 2013 2100 2070 homines

507 2124 559 2179 id
590 2123 764 2189 faciat,
788 2121 840 2176 id
867 2135 995 2176 vero
1038 2133 1234 2174 novum
1261 2125 1415 2172 estet
1442 2112 1704 2168 mirabile.
1734 2109 1998 2165 Caeterum
2029 2120 2097 2161 ne

510 2215 786 2276 miremur,
808 2211 1011 2277 dilecti,
1029 2208 1124 2265 sed
1149 2207 1427 2263 audiamus
1448 2202 1759 2274 prophetam
1790 2199 2059 2255 dicentem
2079 2213 2098 2250 :

507 2307 696 2363 Melior
721 2314 794 2360 est
833 2320 966 2359 unus
1010 2303 1205 2376 faciens
1247 2300 1555 2355 uoluntatem
1586 2294 1815 2358 Domini,
1843 2308 1996 2363 quam
2020 2290 2102 2344 in-

507 2396 703 2452 numeri
748 2404 1033 2468 peccatores
1055 2391 1239 2466 (Eccli.
1269 2389 1356 2445 i6.
1384 2390 1440 2460 5)
1464 2406 1479 2456 ;
1502 2396 1557 2443 et
1586 2386 1777 2441 iterum
1822 2382 2103 2437 audiamus

512 2493 730 2549 l‘aulum
770 2490 1034 2546 dicentem
1063 2506 1077 2543 :
1110 2484 1565 2542 Obambulauerunt
1595 2481 1649 2534 in
1669 2478 1882 2542 melotis,
1904 2477 1958 2530 in
1988 2474 2102 2545 pel-

513 2585 645 2639 libus
672 2582 923 2654 caprinis,
938 2588 1159 2653 egentes,
1192 2576 1482 2649 angustiati,
1503 2572 1699 2645 afﬂicti,
1722 2570 1901 2642 quibus
1919 2568 2103 2639 dignus

509 2692 611 2729 non
637 2685 744 2729 erat
772 2672 992 2728 mundus
1012 2668 1196 2743 (Hebr.
1224 2669 1312 2725 11.
1337 2667 1426 2723 57.
1447 2664 1561 2737 38).
1591 2664 1681 2719 Sic
1707 2660 1963 2733 propheta
1987 2659 2106 2730 qui-

509 2769 633 2823 dem
661 2766 993 2840 pronuntiat,
1023 2777 1186 2818 unum
1214 2761 1303 2832 qui
1333 2758 1461 2814 facit
1507 2755 1837 2810 voluntatem
1867 2748 2099 2816 Domini,

515 2861 694 2931 impiis
723 2857 1019 2914 innumeris
1058 2854 1358 2911 meliorem.
1381 2850 1575 2906 Beatus
1604 2862 1732 2902 vero
1760 2845 1974 2909 Paulus,
2001 2841 2103 2897 do-

511 2961 629 3007 ctor
674 2951 842 3016 orbis,
888 2962 1194 3004 memorans
1234 2945 1406 3001 honos
1434 2955 1621 2995 omnes
1649 2938 1703 2993 in
1730 2933 2105 2991 afflictionibus

514 3042 599 3097 hic
625 3047 866 3112 agentes,
895 3038 1065 3109 inquit
1094 3057 1107 3093 :
1141 3036 1330 3105 Quibus
1351 3034 1535 3105 dignus
1572 3046 1674 3084 non
1721 3038 1827 3083 erat
1864 3027 2103 3079 mundus.

514 3134 589 3189 Ita
637 3147 760 3189 cum
806 3131 1037 3186 dixisset
1080 3138 1250 3185 totum
1296 3125 1584 3192 mundum,
1625 3121 1827 3178 mundo
1862 3118 2108 3191 opposuit

514 3240 610 3280 eos
644 3224 733 3295 qui
763 3223 851 3278 hic
878 3230 1140 3277 vexantur
1165 3231 1219 3276 et
1247 3218 1574 3289 afﬂiguntur,
1605 3223 1661 3269 ut
1689 3213 1867 3270 discas
1909 3221 2107 3284 quanta

514 3317 584 3370 sit
624 3314 834 3370 virtutis
878 3312 1204 3383 magnitudo.
1250 3311 1423 3380 Atque
1444 3323 1504 3364 ea
1534 3308 1603 3363 de
1650 3320 1808 3360 causa
1850 3303 2109 3359 Dominus

517 3407 662 3465 Deus
708 3406 879 3479 inquit
923 3404 991 3461 ad
1039 3402 1392 3475 patriarcham
1425 3418 1439 3455 :
1472 3400 1582 3471 Ego
1621 3415 1732 3453 sum
1769 3396 1908 3452 Deus
1950 3405 2064 3450 tuus
2092 3436 2108 3462 ,

518 3502 661 3571 place
698 3515 870 3554 coram
894 3513 994 3563 me,
1024 3504 1070 3551 et
1095 3504 1198 3549 esto
1242 3490 1711 3563 irreprehensibilis.
1738 3487 1924 3557 Neque
1966 3486 2108 3541 enim

516 3602 859 3650 contemnam
886 3599 990 3645 tua:
1036 3588 1248 3644 virtutis
1293 3584 1536 3649 sudores,
1566 3582 1664 3639 sed
1706 3580 1909 3635 Ponam
1956 3588 2110 3633 testa-

517 3694 742 3739 mentum
778 3699 946 3737 meum
987 3681 1116 3735 inter
1154 3695 1234 3733 me
1272 3685 1319 3731 et
1358 3677 1489 3731 inter
1534 3685 1600 3741 te,
1623 3684 1669 3728 et
1700 3672 2045 3742 multiplicabo
2067 3680 2113 3724 te

517 3776 685 3830 valde.
714 3772 830 3829 Non
861 3779 1063 3828 tantum
1086 3768 1273 3824 faciam
1296 3774 1350 3822 te
1370 3767 1422 3820 in
1446 3763 1838 3819 multitudinem
1867 3774 2112 3831 magnam

519 3879 783 3929 crescere,
812 3862 909 3920 sed
958 3860 1142 3928 Valde,
1186 3858 1465 3914 declarans
1503 3856 1892 3910 incrementum
1944 3852 2113 3923 pluri-

523 3971 690 4010 mum.
738 3952 892 4021 Quod
935 3964 1095 4022 supra
1134 3946 1487 4012 memorabat,
1534 3961 1655 4000 cum
1698 3943 1921 4009 diceret,
1965 3941 2116 3998 Sicut

523 4059 740 4101 arenam
760 4052 813 4099 et
834 4041 1014 4098 stellas
1044 4058 1057 4097 :
1082 4040 1134 4095 id
1158 4038 1244 4094 hic
1270 4052 1365 4109 per
1388 4035 1717 4101 adverbium,
1745 4033 1926 4101 Valde,
1948 4032 2115 4103 signi-

528 4138 723 4194 ticavit.
750 4136 820 4191 At
861 4143 1046 4205 gratus
1068 4140 1124 4189 et
1151 4130 1433 4203 religiosus
1479 4130 1728 4196 famulus,
1773 4126 1960 4184 videns
1999 4135 2118 4183 tan-

528 4239 634 4285 tam
667 4228 760 4285 Dei
789 4225 1173 4298 indulgentiam
1198 4231 1253 4280 et
1277 4237 1403 4294 erga
1445 4219 1703 4275 famulum
1730 4234 1883 4275 suum
1908 4233 2115 4287 curam,

528 4324 931 4392 obstupeseens,
972 4319 1256 4387 animoque
1300 4328 1522 4371 versans
1557 4322 1612 4369 et
1656 4322 1900 4369 naturam
1943 4327 2116 4379 suam,

526 4426 584 4470 et
625 4412 916 4469 bonitatem
967 4409 1389 4477 immensamque
1430 4407 1679 4461 virtutem
1728 4404 1844 4471 Dei,
1893 4401 2115 4466 Cecidit,

532 4505 723 4576 inquit,
749 4505 804 4556 in
836 4501 1018 4573 faciem
1059 4515 1203 4554 suam
1234 4506 1482 4568 :gratum
1526 4496 1761 4550 animum
1814 4498 1915 4549 hoc
1958 4493 2121 4548 modo

531 4597 831 4651 declarans.
865 4593 978 4649 Non
1010 4590 1184 4646 solum
1210 4590 1353 4645 enim
1396 4604 1504 4643 non
1552 4598 1678 4642 tunc
1724 4586 1823 4641 fuit
1864 4602 2120 4658 arrogan-

536 4690 660 4753 tior,
701 4699 875 4756 neque
921 4680 1263 4753 superbiebat
1298 4689 1517 4750 propter
1560 4678 1798 4733 favorem
1830 4678 1923 4733 Dei
1963 4694 2121 4749 quem

533 4777 924 4850 experiebatur,
972 4773 1066 4829 sed
1094 4781 1147 4827 et
1182 4771 1347 4827 multo
1390 4770 1559 4841 magis
1601 4769 1975 4823 humiliabatur
2008 4786 2021 4822 :
2055 4768 2124 4822 Et

531 4871 730 4937 cecidit,
772 4868 959 4939 inquit,
1014 4866 1068 4919 in
1112 4863 1313 4937 faciem.
1358 4860 1435 4917 Ita
1476 4862 1620 4917 enim
1668 4871 1849 4931 gratus
1891 4860 2123 4926 animus,

528 4973 734 5038 quanto
755 4962 941 5033 majori
965 4960 1153 5015 fruitur
1171 4956 1382 5023 fiducia,
1402 4962 1550 5010 tanto
1566 4954 1821 5024 majorem
1845 4954 1953 5007 Deo
1970 4969 2126 5008 reve-

533 5057 762 5113 rentiam
783 5053 1000 5110 exhibet
1028 5069 1042 5107 :
1074 5049 1263 5106 Cecidit
1286 5048 1448 5115 enim,
1473 5047 1663 5117 inquit,
1686 5047 1737 5099 in
1755 5046 1933 5118 faciem
1958 5062 2125 5099 suam.

537 5152 604 5206 Et
632 5150 754 5221 quia
791 5155 913 5219 post
941 5154 1141 5199 tantam
1170 5141 1413 5196 fiduciam
1436 5140 1612 5210 justus
1641 5140 1875 5208 seipsum
1901 5147 1956 5192 et
1977 5147 2130 5193 natu-

537 5259 611 5299 ra:
634 5256 744 5296 sua:
766 5236 1181 5294 imbecillitatem
1201 5232 1567 5297 considerans,
1583 5244 1756 5302 neque
1774 5228 1955 5284 oculos
1975 5228 2131 5282 attol-

538 5335 651 5390 lere
679 5329 926 5397 audebat,
945 5327 1042 5384 sed
1063 5327 1114 5381 in
1139 5325 1327 5382 faciem
1357 5338 1555 5395 pronus
1582 5324 1801 5379 multam
1827 5321 2134 5377 declarabat

540 5425 893 5483 reverentiam
927 5440 941 5478 :
969 5421 1096 5477 vide
1122 5420 1314 5476 iterum
1341 5418 1466 5474 boni
1497 5417 1591 5473 Dei
1621 5416 1941 5472 ineﬂ'abilem
1981 5416 2131 5472 beni-

542 5522 819 5592 gnitatem.
868 5516 1130 5587 Loquutus
1171 5524 1244 5567 est
1290 5512 1442 5578 enim,
1466 5512 1655 5582 inquit,
1681 5513 1726 5565 ei
1747 5510 1885 5565 Deus
1924 5510 2134 5563 dicens:

546 5614 599 5667 4.
638 5611 767 5666 Ecce
807 5626 897 5682 ego
922 5619 966 5663 et
993 5614 1341 5662 testamentum
1369 5621 1534 5659 meum
1572 5614 1755 5672 tecum,
1778 5614 1825 5658 et
1851 5604 1951 5659 eris
1993 5612 2137 5673 pater

534 5702 881 5758 multitudinis
909 5704 1157 5773 gentium,
1188 5698 1242 5755 5.
1264 5708 1311 5752 et
1340 5714 1439 5752 non
1484 5698 1742 5751 vocabitur
1777 5697 1911 5750 ultra
1957 5711 2137 5749 nomen

539 5808 686 5849 tuum
718 5795 927 5863 Abram,
948 5792 1035 5851 sed
1060 5794 1150 5851 erit
1177 5808 1356 5849 nomen
1401 5802 1543 5848 tuum
1588 5790 1840 5846 Abraham
1870 5790 2023 5862 :quia
2044 5806 2136 5861 pa-

1276 350 1337 409 S.
1374 343 1655 407 JOANNIS
1691 333 2170 401 CHRYSOSTOMI
2206 333 2525 392 ARCHIEP.
2563 334 3099 393 CONSTANTINOP.

3674 340 3778 397 56-5

2194 456 2320 502 trem
2356 450 2628 504 multarum
2669 452 2892 521 gentium
2929 452 3167 505 constitui
3199 460 3267 518 te,
3309 452 3362 508 6.
3407 453 3690 523 faciamque
3733 468 3781 509 te

2191 557 2411 597 crescere
2449 542 2597 597 valde
2622 559 2642 601 :
2666 552 2713 597 et
2753 560 2942 614 ponam
2987 554 3034 598 te
3068 545 3123 599 in
3163 554 3383 617 gentem,
3410 557 3457 601 et
3480 564 3618 617 reges
3649 566 3711 602 ea
3736 562 3783 602 te

2194 634 2531 705 egredientur.

2264 727 2320 784 5.
2336 726 2675 801 Etymologite
2712 730 2971 785 nominum
3009 730 3197 785 Abram
3255 741 3304 786 et
3350 731 3486 786 Noe.
3538 731 3782 801 [nﬁdeles

2193 823 2343 878 etiam
2395 824 2718 893 prophetam.
2748 854 2821 864 —
2855 824 3148 880 Considera
3170 866 3187 894 ,
3238 826 3429 881 dilecte
3450 868 3467 892 ,
3513 828 3782 897 quomodo

2195 916 2372 971 omnia
2392 915 2536 986 justo
2556 915 2838 972 manifeste
2865 916 3149 986 praedicat,
3178 926 3233 972 et
3262 927 3319 972 ut
3340 919 3632 988 majoribus
3658 935 3783 973 cum

2195 1008 2526 1078 argumentis
2572 1016 2776 1062 certum
2819 1007 3041 1080 reddat,
3067 1010 3230 1063 etiam
3259 1009 3467 1063 literam
3506 1010 3653 1064 addit
3682 1026 3781 1065 no-

2197 1099 2326 1153 mini
2350 1099 2467 1169 ejus
2488 1141 2503 1163 ,
2529 1108 2585 1154 et
2608 1099 2779 1169 inquit
2815 1117 2829 1153 :
2860 1098 2981 1153 Eris
3008 1110 3151 1170 pater
3177 1100 3515 1154 multitudinis
3538 1102 3781 1172 gentium.

2200 1188 2323 1244 Non
2348 1190 2605 1243 vocabitur
2630 1192 2763 1244 enim
2792 1207 2973 1245 nomen
3003 1200 3144 1244 tuum
3161 1190 3366 1255 Abram,
3391 1192 3480 1245 sed
3504 1192 3783 1258 Abraham,

2197 1283 2315 1352 quia
2342 1292 2535 1352 patrem
2562 1280 2838 1334 multarum
2873 1282 3095 1352 gentium
3124 1282 3360 1335 constitui
3396 1291 3461 1335 te.
3490 1282 3622 1336 Nam
3648 1282 3786 1336 sicut

2200 1375 2347 1445 prius
2390 1389 2585 1429 nomen
2614 1373 2731 1444 ejus
2756 1373 3033 1428 transitum
3077 1372 3599 1445 indicabat(Abram
3641 1375 3783 1429 enim

2202 1467 2544 1521 transitorem
2562 1474 2738 1533 sonat,
2756 1465 3048 1520 secundum
3068 1465 3416 1520 llehrmorum
3436 1466 3664 1536 linguam
3685 1468 3785 1538 (a);

2201 1568 2256 1613 ct
2308 1558 2408 1613 hoc
2454 1558 2630 1613 sciunt
2658 1558 2747 1629 qui
2780 1558 2972 1628 linguae
3018 1557 3161 1612 illius
3188 1566 3314 1612 sunt
3356 1556 3568 1631 periti),
3612 1561 3788 1630 itaque

2203 1658 2453 1720 parentes
2472 1649 2591 1718 ejus
2615 1665 2808 1705 nomen
2837 1650 2938 1704 hoc
2964 1648 3287 1716 indiderant,
3308 1665 3373 1704 eo
3400 1650 3540 1720 quod
3567 1666 3595 1703 a
3617 1652 3787 1720 patria

2203 1758 2300 1798 sua
2347 1743 2400 1797 in
2450 1742 2808 1798 Chananaeam
2855 1742 3178 1797 transiturus
3221 1752 3358 1800 erat.
3402 1743 3518 1798 Jam
3566 1744 3791 1799 fortasse

2203 1835 2398 1891 dixerit
2424 1834 2685 1905 quispiam
2716 1834 2887 1889 :Cum
2928 1842 3181 1904 parentes
3217 1834 3333 1903 ejus
3384 1834 3625 1889 infideles
3675 1835 3793 1889 fue-

2204 1929 2332 1995 rint,
2364 1928 2505 1983 unde
2529 1928 2630 1982 illis
2661 1927 2995 1996 przescientia
3017 1926 3133 1981 haec
3156 1968 3171 1994 ,
3204 1937 3263 1982 ut
3288 1927 3430 1997 quod
3461 1927 3629 1981 multo
3657 1937 3794 1981 tem-

2206 2036 2336 2091 pore
2363 2029 2546 2089 postea
2576 2020 2807 2073 futurum
2854 2029 3001 2083 erat,
3034 2018 3251 2074 nomine
3285 2019 3793 2088 complecterentur?

2206 2112 2313 2168 Sed
2344 2121 2429 2168 est
2447 2112 2608 2167 etiam
2651 2111 2754 2166 hoc
2790 2110 3171 2182 omnipotentis
3202 2112 3475 2181 sapientiae
3514 2112 3603 2165 Dei
3634 2126 3794 2181 argu-

2207 2216 2470 2269 mentum,
2500 2218 2619 2273 qute
2647 2216 3016 2274 saepenumero
3039 2218 3135 2273 per
3164 2202 3403 2257 infideles
3423 2202 3681 2272 ejusmodi
3710 2216 3797 2256 rus

2207 2297 2480 2369 dispensat
2518 2314 2533 2351 :
2565 2304 2619 2352 et
2648 2298 2811 2351 multa
2838 2294 3032 2352 similia
3078 2296 3373 2350 invenimus
3408 2296 3567 2349 etiam
3598 2294 3654 2349 in
3678 2294 3798 2350 aliis

2208 2391 2366 2445 facta.
2388 2390 2580 2446 Statim
2605 2390 2748 2446 enim
2778 2389 3012 2445 occurrit
3041 2388 3195 2443 nobis
3216 2396 3270 2443 et
3299 2386 3410 2442 Noe
3438 2386 3755 2441 vocabulum
3779 2402 3794 2439 :

2210 2499 2385 2554 neque
2414 2482 2557 2539 enim
2582 2482 2785 2555 absque
2809 2497 2968 2539 causa
2996 2481 3123 2536 etin
3153 2495 3345 2535 vanum
3376 2480 3534 2534 etiam
3558 2479 3680 2534 huic
3700 2495 3800 2533 uo-

2211 2592 2335 2631 men
2378 2575 2685 2631 indiderunt
2725 2583 3010 2645 parentes,
3049 2572 3146 2629 sed
3186 2571 3573 2643 praesignarunt
3612 2570 3800 2625 subse—

2210 2678 2498 2741 quuturum
2543 2668 2823 2723 diluvium.
2858 2666 3152 2721 Enimvero
3176 2674 3229 2719 et
3275 2673 3478 2734 patrem
3509 2662 3664 2732 lmjus
3691 2677 3798 2717 non

2212 2765 2335 2821 ideo
2360 2777 2553 2818 nomen
2585 2775 2754 2832 puero
2793 2758 3049 2814 indidisse
3067 2800 3080 2822 ,
3110 2756 3251 2828 quod
3280 2758 3393 2826 ipse
3418 2756 3591 2827 justus
3620 2764 3797 2823 esset,

2212 2856 2335 2912 audi
2361 2855 2689 2925 Scripturam
2715 2852 3004 2917 dicentem,
3038 2850 3149 2905 Noe
3170 2849 3341 2905 solum
3374 2851 3646 2904 inventum
3680 2863 3803 2904 esse

2207 2950 2447 3021 justum,
2491 2946 2786 3018 perfectum
2841 2943 2892 2999 in
2931 2942 3278 3014 generatione
3316 2957 3412 2997 sua
3454 2940 3606 3013 (Gen.
3635 2941 3687 2996 6.
3719 2942 3799 3013 9).

2213 3041 2330 3098 Non
2379 3048 2557 3095 autem
2607 3036 2923 3093 obticuisset
2966 3035 3277 3106 Scriptura,
3325 3049 3497 3104 neque
3542 3033 3799 3102 dixisset,

2214 3136 2328 3193 Noe
2357 3136 2502 3191 solus
2525 3132 2702 3203 justus
2724 3140 2872 3195 erat,
2901 3131 2945 3184 si
2974 3138 3029 3185 et
3058 3128 3289 3184 Lamech
3312 3138 3461 3199 pater
3495 3126 3613 3197 ejus
3633 3127 3803 3183 virtu-

2216 3240 2322 3284 tem
2358 3225 2487 3298 justi
2532 3224 2721 3280 fuisset
2747 3223 3004 3278 imitatus.
3051 3220 3399 3289 lmpositurus
3438 3220 3612 3288 itaque
3640 3233 3805 3287 puero

2218 3334 2437 3385 nomen,
2460 3316 2627 3387 inquit
2659 3333 2671 3369 :
2700 3313 2769 3369 Et
2797 3314 3055 3367 vocabitur
3075 3328 3256 3365 nomen
3281 3312 3393 3380 ejus
3424 3309 3538 3363 Noe
3562 3325 3582 3374 ;
3611 3309 3693 3361 hic
3721 3313 3806 3380 fa-

2215 3414 2312 3465 ciet
2355 3426 2449 3464 nos
2490 3408 2745 3479 quiescere
2790 3405 2852 3459 ab
2881 3404 3115 3475 cperibus
3149 3403 3369 3468 nostris,
3412 3411 3455 3455 et
3494 3418 3527 3453 a
3566 3399 3807 3454 molestiis

2217 3520 2458 3560 manuum
2480 3511 2766 3557 nostrarum
2784 3540 2799 3564 ,
2826 3508 2871 3553 et
2896 3516 2928 3553 a
2970 3507 3104 3553 terra
3125 3539 3141 3562 ,
3162 3513 3312 3568 quan:
3341 3495 3603 3549 maledixit
3632 3493 3807 3548 Demi-

2220 3614 2317 3652 nus
2346 3596 2481 3650 Deus
2513 3592 2665 3666 (Gen.
2699 3593 2753 3649 5.
2781 3590 2893 3661 29).
2925 3588 3075 3645 Unde
3102 3588 3212 3653 illi,
3244 3601 3455 3657 quaeso,
3495 3593 3638 3641 esset
3666 3600 3805 3655 pne-

2219 3690 2443 3746 scientia
2486 3702 2671 3743 eorum
2701 3700 2820 3756 quae
2847 3691 2967 3753 post
3006 3691 3085 3737 tot
3110 3680 3305 3736 saecula
3340 3688 3491 3734 erant
3516 3678 3807 3735 eventura?

2221 3783 2360 3838 Dicit
2404 3779 2593 3837 enim:
2634 3776 2937 3838 Vocabitur,
2985 3770 3190 3843 inquit,
3240 3769 3390 3836 Noe;
3419 3770 3499 3824 hic
3540 3769 3669 3824 enim
3713 3785 3809 3822 nos

2219 3877 2470 3947 quiescere
2487 3872 2657 3943 faciet.
2688 3870 2891 3925 Nomen
2922 3876 3099 3923 autem
3123 3866 3237 3920 Noe
3266 3865 3440 3934 lingua
3466 3863 3807 3919 Hebraeorum

2220 3970 2373 4040 quies
2403 3967 2618 4023 dicitur.
2652 3963 2834 4034 Itaque
2860 3961 2983 4032 quia
3003 4000 3018 4025 ,
3047 3959 3324 4028 ingruente
3352 3955 3550 4011 diluvio
3568 3996 3584 4021 ,
3615 3954 3700 4009 hic
3720 3968 3809 4007 so~

2223 4062 2308 4117 lus
2356 4058 2614 4115 mundum
2647 4064 2986 4118 servaturus,
3014 4059 3068 4106 et
3103 4048 3414 4119 posterioris
3450 4044 3811 4118 generationis

2223 4153 2433 4210 futurus
2456 4160 2642 4206 auctor
2669 4158 2816 4214 erat,
2846 4146 3044 4201 ideirco
3069 4142 3242 4213 inquit
3267 4183 3281 4207 ,
3309 4140 3410 4194 Hic
3436 4141 3585 4209 faciet
3612 4155 3703 4193 nos
3730 4151 3813 4191 re-

2222 4248 2475 4319 quiescere
2499 4259 2519 4298 :
2538 4240 2777 4313 requiem
2798 4237 3053 4295 diluvium
3079 4250 3296 4291 vocans.
3322 4232 3455 4288 Nam
3481 4244 3689 4286 omnem
3713 4238 3812 4284 tero

2226 4352 2341 4395 ram
2371 4335 2523 4406 quasi
2553 4332 2827 4403 fatigatam
2870 4339 2927 4386 et
2973 4327 3379 4385 inhabitantium
3426 4322 3622 4379 malitia
3652 4320 3812 4377 valde

2227 4431 2549 4487 deteriorem
2616 4428 2806 4482 factam
2866 4423 3253 4494 superveniens
3300 4419 3483 4473 diluvii
3552 4430 3812 4488 aquarum

2229 4523 2558 4590 inundantia,
2586 4536 2705 4591 qua:
2728 4520 2886 4575 finem
2932 4516 3149 4571 malitiae
3176 4514 3434 4569 malorum
3465 4514 3684 4566 istorum
3712 4508 3811 4563 ho-

2228 4618 2432 4673 minum
2465 4613 2717 4676 faciebat,
2746 4621 2801 4667 et
2828 4620 3025 4665 terram
3063 4606 3400 4676 rcpurgavit,
3423 4618 3580 4673 quam
3609 4600 3814 4656 inhabi-

2230 4711 2453 4766 tantium
2481 4707 2680 4762 malitia
2703 4703 3029 4760 immundam
3058 4701 3291 4765 fecerat,
3323 4708 3379 4753 et
3399 4698 3520 4751 illos
3550 4694 3815 4765 puniendo

2233 4803 2286 4858 in
2316 4802 2546 4872 quietem
2587 4796 2814 4853 induxit.
2845 4793 2989 4849 Mors
3008 4792 3149 4847 enim
3169 4832 3184 4856 ,
3215 4799 3273 4844 ut
3292 4789 3462 4860 inquit
3490 4787 3599 4853 ille,
3625 4787 3816 4855 requies

2232 4895 2339 4948 viro
2364 4889 2483 4964 (Job
2514 4890 2568 4945 3.
2594 4888 2686 4944 25.
2714 4886 2852 4958 apud
2873 4883 3020 4954 ιιι).
3042 4880 3513 4950 Vidistiquomodo
3532 4878 3689 4932 etiam
3721 4878 3819 4945 per

2234 4985 2535 5044 incredulos
2565 4983 2734 5040 multa
2757 4993 2899 5051 smpe
2943 4976 3340 5049 prccsignilicari
3385 4972 3578 5028 curat?
3617 4969 3816 5026 Eodem

2298 5142 2371 5204 (τι)
2403 5141 2656 5204 ltebraice_
2677 5138 2848 5204 doctus
2879 5149 2977 5186 non
3017 5139 3124 5204 erat
3159 5132 3518 5204 (‘hrysostguus
3541 5126 3644 5204 qui
3663 5122 3821 5204 talem

2237 5196 2574 5269 etymologiam
2598 5201 2805 5251 ediderit
2838 5214 2850 5248 :
2878 5214 2974 5247 non
2999 5199 3131 5245 enim
3155 5208 3183 5269 a
3206 5208 3344 5250 voce,
3366 5198 3491 5250 Ἦν,
3531 5196 3699 5269 trans,
3732 5201 3823 5233 no-

2239 5258 2373 5335 mett,
2396 5258 2573 5334 Dim,
2595 5273 2704 5322 duci
2746 5276 2932 5333 potest;
2958 5267 3321 5331 cognominatus
3344 5273 3505 5313 tamen
3530 5262 3616 5310 fuit
3652 5258 3824 5306 Abram

2206 5390 2211 5395 ο
2237 5356 2380 5419 mu,
2404 5369 2548 5420 quam
2571 5366 2740 5404 vocem
2763 5351 2843 5420 alii
2880 5350 3155 5420 ltebrteum,
3179 5348 3258 5420 alii
3281 5343 3584 5420 transitorem
3606 5347 3822 5420 vertunt,

2239 5402 2623 5482 cafc'ei;;;.,.i
2642 5402 2758 5482 item
2787 5413 3017 5482 pluribus
3040 5402 3347 5460 tractavimus
3377 5408 3425 5478 in
3450 5402 3692 5482 tte-xaplis.
3712 5414 3817 5482 ιςεψἑ

2246 5467 2608 5539 Ῑᾷῗνὶέῐίεείἓςῦ.
2637 5480 2714 5538 15,
2750 5467 2833 5525 ubi
2859 5475 3175 5539 plurimorum
3192 5471 3462 5539 sententias
3483 5467 3746 5539 attulimus,
3771 5467 3823 5508 et

2244 5532 2592 5617 ὲέριὲοδνίηιῖιδ
2614 5532 2827 5617 inﬁmi-‘3
2848 5532 2997 5617 9994.
3012 5532 3821 5617 (ἓίῨίΡ..ίυῗιὲςΕὲῗῖὲἳὲΡὲἐέξῗηδὲῗς

2244 5588 2900 5672 5&lé'iéﬁi,‘_‘$6hé£e;’{eruti}
2927 5605 3003 5647 est
3028 5611 3041 5645 :
3071 5609 3164 5644 non
3211 5588 3435 5667 perinde'
3461 5588 3706 5657 probabile

2245 5648 2799 5734 iIlBBJ'iiiiiciLZiaézém
2821 5662 2958 5734 illam
2974 5668 3070 5730 Noe
3094 5648 3291 5734 nomine
3317 5648 3615 5734 enin-ossam

2244 5717 2357 5783 dare
2381 5717 2629 5784 animum,
2650 5728 2699 5776 in
2722 5738 2819 5788 quo
2841 5722 3026 5788 mortui
3039 5729 3152 5788 sunt
3174 5730 3343 5788 crimes
3361 5717 3596 5775 inmunes,
3618 5717 3727 5775 quia
3748 5720 3823 5759 Yt-

2247 5780 2427 5846 d'elicct
2450 5803 2581 5841 mors
2604 5780 2679 5840 est
2697 5780 2838 5853 quies
2854 5786 3073 5837 hominis.
3093 5783 3163 5833 Sic
3186 5780 3290 5832 ille.
