4092 6408
215 581 430 640 αὐτοῦ.
479 575 658 650 Πολλὴ
703 573 799 629 τοῦ
845 568 1056 626 δικαίου
1102 568 1138 638 ἠ
1179 557 1589 650 εὐγνωμοσύνη,
1619 549 1893 650 ὑπερϐάλ-

215 671 390 727 λουσα
441 669 534 722 τοῦ
583 643 794 734 ἀγαθοῦ
841 657 978 715 Θεοῦ
1020 658 1055 728 ἠ
1109 654 1240 726 περί
1293 651 1456 706 αὐτὸν
1496 643 1898 734 φιλανθρωπία.

230 757 385 828 Ἐγὼ
427 759 538 829 γάρ
562 733 700 824 εἰμι,
737 749 926 821 φησὶν,
961 749 994 801 ό
1022 746 1168 810 Θεός
1210 756 1360 795 σου·
1391 735 1670 829 μονονουχὶ
1699 733 1894 829 λέγων·

231 823 632 918 ⁹Ο’μέχρι”τοῦ
671 839 941 911 παρόντος
987 833 1058 888 τά
1107 829 1252 886 κατά
1387 823 1899 918 διαφόρως-οἰκονο-

223 907 546 1006 μήσαςηέγώ
577 930 726 1000 είμι⁹
755 907 802 980 ‘6
837 919 1146 994 ἀναστήσας
1188 935 1247 972 σε
1282 915 1494 970 οἴκοθεν
1531 913 1624 966 καί¹
1663 907 1898 1006 ἐνταῦθα

220 996 451 1090 ἀγαγὼν
472 996 585 1088 ἐγώ
611 996 745 1085 εἰμι,
781 1014 809 1066 6
835 1010 956 1064 καθ’
980 1009 1210 1061 ἕκαστον
1241 1001 1432 1090 καιρύν
1459 996 1776 1090 ὐπέρμαχός
1815 1011 1897 1047 σοι

218 1089 530 1178 γινόμενος,
557 1105 652 1158 καὶ
671 1101 782 1156 τῶν
804 1096 1260 1153 ἐπιϐουλευόντων
1282 1103 1340 1144 σε
1375 1089 1646 1159 ἀνώτερον
1671 1097 1898 1178 πεποιη-

217 1169 645 1262 κὼςέγώείμιο
693 1189 788 1243 καὶ
835 1187 935 1239 οὐκ
974 1179 1145 1245 εἶπεν,
1198 1177 1338 1249 Ἐγώ
1381 1178 1496 1247 εἰμι
1521 1176 1550 1228 6
1577 1172 1728 1262 Θεδς,
1757 1169 1894 1236 ἀλλ’,

219 1273 368 1351 Ἐγώ
393 1259 513 1348 εἰμι
606 1277 750 1342 Θεός
775 1292 912 1328 σου.
965 1272 1108 1342 Ὅρα
1153 1269 1252 1338 τὴν
1300 1264 1499 1351 πολλὴν
1547 1259 1892 1351 ἀγαθότητα,

218 1345 343 1431 ταῦς
373 1345 468 1420 καί
493 1365 581 1419 διά
608 1366 710 1435 τῆς
737 1361 1056 1434 προσθήκης
1090 1357 1293 1426 ταύτης
1325 1353 1387 1407 τὸ
1420 1349 1642 1422 φίλτρον
1673 1347 1735 1401 16
1767 1345 1896 1435 περὶ

218 1456 313 1510 τὸν
386 1453 594 1508 δίκαιον
664 1431 1052 1504 ἐπιδείκνυται.
1107 1445 1168 1499 '0
1223 1442 1331 1514 7&9
1395 1441 1496 1509 τῆς
1571 1431 1897 1506 οἰκουμένης

221 1542 445 1614 ἁπάσης
483 1537 650 1605 Θεὸς,
683 1539 712 1594 6
754 1537 863 1592 τῶν
898 1535 1035 1591 ὅλων
1075 1531 1404 1606 δημιουργὸς
1426 1571 1442 1596 ,
1471 1531 1499 1583 6
1531 1523 1764 1600 οὐρανοῦ
1803 1525 1896 1578 καὶ

219 1632 326 1702 γῆς
357 1632 592 1704 ποιητής
625 1647 811 1703 φησιν,
863 1626 1009 1698 Ἐγώ
1037 1629 1155 1695 ειμι
1199 1626 1233 1679 ό
1273 1623 1414 1688 Θεός
1449 1637 1588 1676 σου.
1642 1619 1833 1687 Μέγας
1867 1619 1897 1670 ό

221 1721 388 1788 δγκος
420 1715 522 1790 τῆς
549 1716 715 1790 τιμῆς
761 1716 863 1787 τῆς
910 1717 990 1779 είς
1027 1711 1120 1767 τὸν
1167 1712 1392 1766 δίκαιον.
1442 1707 1601 1763 Οῦτω
1645 1706 1742 1760 καὶ
1785 1706 1898 1769 τοῖς

220 1807 534 1878 προφήταις
590 1805 710 1870 ἔθος
763 1801 966 1858 λαλεῖν.
1000 1799 1212 1872 Ὥσπερ
1251 1799 1361 1871 7&9
1403 1796 1566 1861 αὐτὸς
1596 1795 1691 1850 νῦν
1719 1794 1897 1857 κοινὸς

218 1898 300 1952 ὣν
324 1886 581 1953 ἀπάντων
607 1894 908 1966 Δεσπότης,
939 1891 1050 1949 ἀπὺ
1078 1892 1174 1948 τοῦ
1197 1890 1386 1945 δούλου
1417 1886 1699 1943 καλεῖσθαι
1726 1903 1896 1940 κατα-

216 1985 459 2056 δέχεται,
509 1979 605 2039 καὶ
653 1985 960 2054 εὑρήσομεν
1007 1978 1170 2034 αὐτὸν
1222 1976 1361 2050 μετά
1407 1973 1581 2029 ταῦτα
1627 1974 1853 2056 λέγοντα
1877 2011 1894 2036 ,

232 2051 377 2141 ’ἐγώ
413 2073 530 2140 εἰμι
567 2073 601 2125 ό
646 2051 792 2136 Θεθς
833 2051 1080 2138 Ἀϐραὰμ
1125 2067 1224 2120 καὶ
1271 2064 1475 2121 Ἰσαὰκ
1499 2061 1597 2116 καί
1637 2051 1848 2114 Ἰακώϐ
1876 2073 1892 2089 ⁸

217 2157 364 2212 οὕτω
390 2160 486 2212 καὶ
515 2159 563 2212 οἰ
599 2157 876 2230 προφῆται
913 2151 1136 2210 εἰώθασι
1167 2153 1346 2223 λέγειν
1373 2190 1390 2217 ,
1427 2147 1488 2204 '0
1522 2148 1663 2214 Θεὸς
1692 2151 1724 2202 ό
1753 2147 1895 2212 Θεός

210 2263 359 2316 μου,
388 2247 449 2298 οὐ
476 2245 879 2316 περικλείοντες
905 2241 1071 2298 αὐτοῦ
1099 2244 1178 2306 εἰς
1204 2241 1426 2302 ἐαυτούς
1441 2238 1538 2310 τὴν
1559 2235 1894 2300 δεσποτείαν,

215 2330 357 2387 ἀλλὰ
383 2333 476 2386 καὶ
496 2331 649 2386 αὐτοί
663 2325 755 2386 τὸν
785 2331 950 2385 πόθον
973 2330 1272 2384 ἀκάθεκτον
1293 2325 1708 2396 ἐνδεικνύμενοι.
1737 2321 1896 2376 Ἀλλά

215 2425 280 2472 16
311 2419 412 2490 μὲν
437 2417 761 2491 ἀνθρώπους
790 2417 948 2472 τοῦτο
977 2420 1152 2470 ποιεῖν
1192 2410 1344 2469 οὐδὲν
1381 2411 1692 2484 θαυμαστόν
1719 2428 1734 2443 ο
1765 2411 1894 2463 ὅταν

214 2507 276 2561 δὲ
306 2507 474 2571 αὐτὸς
504 2507 592 2561 ἐπ’
624 2506 926 2579 ἀνθρώπων
947 2505 1104 2559 τοῦτο
1127 2506 1276 2577 ποιῇ,
1307 2501 1463 2555 τοῦτό
1493 2501 1609 2554 ἐστι
1636 2499 1695 2552 τὸ
1711 2497 1894 2553 καινὸν

215 2596 315 2648 καί
338 2595 666 2665 παράδοξον.
703 2591 862 2648 Ἀλλά
893 2593 969 2665 μὴ
1005 2592 1404 2663 θαυμάζωμεν,
1437 2585 1744 2660 ἀγαπητοὶ,
1780 2586 1893 2641 ἀλλ’

215 2681 513 2753 ἀκούωμεν
537 2682 632 2736 τοῦ
667 2687 944 2754 προφήτου
967 2681 1236 2750 λέγοντος,
1264 2678 1564 2749 Κρεῖσσον
1593 2672 1680 2742 εἷς
1709 2674 1895 2730 ποιῶν

215 2769 288 2822 τὸ
318 2769 551 2839 θέλημα
583 2771 822 2837 Κυρίου,
853 2769 891 2838 ἢ
913 2769 1114 2838 μυρίοι
1141 2767 1472 2837 παράνομοι
1525 2781 1542 2798 ο
1589 2767 1682 2819 καὶ
1733 2764 1894 2817 πάλιν

214 2855 315 2910 τοῦ
329 2857 606 2928 μακαρίου
624 2851 835 2910 Παύλου
858 2856 1130 2925 λέγοντος,
1145 2855 1476 2924 Περιῆλθον
1490 2853 1559 2907 ἐν
1565 2851 1893 2922 μηλωταῖς,

213 2943 289 2998 ἐν
309 2935 553 3014 αἰγείοις
575 2943 888 3014 δέρμασιν,
911 2945 1359 3013 ὑστερούμενοι,
1391 2943 1723 3009 θλιϐόμενοι
1742 2981 1757 3004 ,
1792 2956 1895 2993 κα-

215 3033 643 3101 κουχούμενοι,
689 3026 777 3086 ὧν
814 3034 926 3086 οὐκ
961 3025 1041 3102 ἦν
1075 3031 1245 3095 ἄξιος
1285 3032 1319 3084 ὁ
1357 3030 1603 3098 κόσμος.
1651 3027 1838 3091 Οὕτως
1866 3029 1895 3081 6

219 3115 322 3186 μὲν
351 3117 642 3187 προφήτης
667 3115 877 3187 μυρίων
909 3116 1240 3186 παρανόμων
1263 3107 1352 3166 τὸν
1377 3107 1475 3165 ἕνα
1511 3112 1602 3165 τὸν
1638 3109 1895 3164 ποιοῦντα

215 3202 280 3256 16
304 3197 522 3274 θέλημα
555 3201 758 3274 Κυρίου
800 3194 1082 3273 κρείττονα
1117 3203 1394 3272 ἀπέφηνεν
1421 3216 1435 3230 ·
1471 3192 1509 3264 $6
1537 3199 1595 3254 δὲ
1622 3198 1893 3271 μακάριος

215 3289 461 3354 Παῦλος,
489 3292 518 3344 6
543 3292 642 3363 τῆς
670 3290 994 3361 οἰκουμένης
1012 3289 1352 3353 διδάσκαλος,
1388 3287 1767 3358 μνημονεύσας
1784 3289 1893 3340 τῶν

213 3377 446 3430 δικαίων
485 3380 743 3434 ἁπάντων
787 3368 895 3432 τῶν
941 3379 1000 3431 ἐν
1047 3375 1281 3446 θλίψεσι,
1311 3375 1418 3428 τῶν
1459 3377 1518 3428 ἐν
1563 3373 1896 3446 στενοχωρίᾳ

213 3465 542 3534 διαγόντων,
579 3467 767 3538 φησὶν,
797 3461 908 3519 Ὦν
935 3467 1048 3519 οὐκ
1070 3459 1150 3534 ἦν
1179 3462 1350 3529 ι’ίξιος
1373 3464 1406 3516 ὁ
1427 3462 1673 3530 κόσμος.
1709 3460 1894 3515 Πάντα

212 3553 311 3608 τὸν
363 3553 570 3624 κόσμον
611 3551 803 3616 εἰπὼν,
858 3551 1080 3616 τούτους
1118 3551 1244 3615 τοὺς
1291 3551 1680 3621 ἐλαυνομένους
1705 3589 1720 3615 ,
1767 3550 1895 3614 τούς

215 3637 574 3710 θλιϐομένους
618 3642 946 3711 ἀντέστησεν
971 3674 1004 3718 ,⁸
1047 3639 1136 3693 ἵνα
1182 3638 1391 3710 μάθῃς,
1442 3638 1568 3692 ὅσον
1613 3637 1715 3710 τῆς
1765 3639 1894 3709 ἀρε-

213 3728 318 3800 τῆς
365 3728 426 3781 τὸ
478 3728 727 3799 μέγεθος.
784 3727 884 3781 Διά
931 3726 1089 3780 τοῦτο
1143 3727 1237 3780 καὶ
1281 3729 1311 3780 6
1350 3726 1458 3780 τῶν
1501 3727 1757 3781 ἀπάντων
1807 3727 1896 3798 61;-

217 3817 488 3888 μιουργός
534 3833 668 3888 φησι
718 3815 855 3887 πρὸς
903 3813 995 3868 τὸν
1028 3815 1374 3886 πατριάρχην
1405 3831 1420 3846 ·
1474 3815 1621 3886 Ἐγώ
1681 3818 1798 3884 εἰμι
1861 3817 1894 3869 ὀ

216 3897 369 3974 Θεός
387 3923 528 3970 σου,
551 3906 860 3976 εὐαρέστει
895 3905 1172 3959 ἐναντίον
1195 3905 1362 3976 ἐμοῦ,
1400 3905 1497 3959 καὶ
1524 3906 1694 3976 γίνου
1722 3905 1897 3974 ἄμεμ-

213 4011 389 4061 πτος.
447 3996 582 4049 Οὐδὲ
624 3996 732 4065 γάρ
761 3993 1092 4065 περιόψομαι
1134 3992 1236 4064 τῆς
1271 3993 1539 4065 τοσαύτης
1569 4009 1662 4046 σου
1694 3993 1894 4064 ἀρετῆς

213 4075 346 4144 τούς
377 4069 631 4151 ἱδρῶτας,
683 4069 819 4134 ἀλλά
849 4077 1118 4148 Θήσομαι
1157 4078 1274 4145 τὴν
1300 4078 1598 4147 διαθήκην
1620 4095 1740 4148 μου
1775 4078 1896 4132 ἀνὰ

207 4168 414 4239 μέσον
447 4167 595 4236 ἐμοῦ
621 4167 720 4221 καί
758 4167 894 4231 σοῦ,
930 4166 1028 4220 καί
1057 4164 1348 4233 πληθυνῶ
1379 4181 1454 4218 σε
1488 4165 1738 4233 σφόδρα.
1783 4166 1895 4236 Οὐχ

212 4253 411 4327 ἁπλῶς
456 4257 538 4318 εἰς
583 4253 787 4326 πλῆθος
832 4253 1123 4308 ἐπιδιδόναι
1154 4253 1582 4323 παρασκευάσω,
1627 4251 1763 4304 ἀλλά
1800 4255 1896 4306 καί

217 4334 375 4408 [598]
391 4331 438 4390 Σ
437 4335 652 4404 φόδρα,
669 4336 770 4407 τὴν
785 4335 984 4407 πολλὴν
1001 4335 1252 4390 ἐπίτασιν
1270 4333 1444 4405 δηλῶν
1461 4351 1474 4364 ·
1496 4335 1590 4388 καὶ
1609 4335 1746 4406 ὅπερ
1765 4337 1897 4389 ἀνωο

214 4426 368 4498 τέρω
398 4424 586 4493 ἔλεγεν
612 4421 803 4488 εἰπών,
858 4417 948 4488 Ὧς
992 4424 1090 4495 τὴν
1132 4423 1316 4495 ἄμμον
1360 4423 1604 4486 καὶτοὺς
1633 4419 1891 4495 ἀστέρας,

214 4511 382 4569 τοῦτο
415 4502 653 4567 ἐνταῦθα
679 4508 766 4566 διὰ
796 4511 892 4566 τοῦ
938 4510 1177 4582 Σφόδρα
1219 4511 1507 4584 ἐδήλωσεν.
1553 4510 1692 4564 Ἀλλ’
1725 4511 1754 4565 ό
1803 4512 1894 4564 εὐ-

215 4601 460 4674 γνώμων
494 4600 590 4656 καί
639 4593 884 4670 φιλόθεος
909 4601 1129 4672 οἰκέτης
1170 4599 1312 4672 ὁρῶν
1342 4599 1438 4652 τοῦ
1481 4599 1618 4654 Θεοῦ
1651 4599 1750 4671 τὴν
1778 4616 1897 4653 100-

216 4691 398 4762 αὐτην
444 4689 858 4758 συγκατάϐασιν
905 4689 1002 4742 καὶ⁵
1053 4689 1153 4758 τὴν
1201 4688 1332 4758 περί
1373 4687 1464 4740 τὸν
1527 4686 1693 4741 αὐτοῦ
1733 4686 1894 4758 θερά-

215 4795 397 4833 ποντα
448 4777 779 4849 κηδεμονίαν
803 4816 822 4842 ,
896 4775 1268 4846 καταπλαγεὶς
1297 4814 1314 4838 ,
1388 4775 1483 4828 καὶ
1552 4777 1632 4838 εἰς
1687 4775 1895 4830 ἔννοιαν

215 4857 394 4920 ἐλθὼν
437 4865 541 4936 τῆς
580 4881 642 4917 τε
699 4863 904 4926 οἰκείας
941 4863 1175 4932 φύσεως,
1208 4864 1309 4934 τῆς
1351 4880 1411 4916 τε
1458 4861 1554 4917 τοῦ
1597 4862 1734 4917 Θεοῦ
1765 4859 1895 4934 ἀγαο

218 4956 450 5025 θότητος
477 4992 494 5016 ,
523 4952 620 5006 καὶ
647 4953 745 5022 τῆς
778 4942 1006 5022 ἀπείρου
1044 4951 1343 5021 δυνάμεως,
1386 4952 1612 5006 Ἐπεσε
1630 4993 1643 5012 .
1686 4952 1852 5022 φησὶν
1877 4991 1892 5017 ,

215 5043 321 5097 ἐπὶ
356 5041 687 5109 πρόσωπον
719 5037 909 5092 αὑτοῦ
929 5078 944 5102 ,
982 5037 1193 5102 δεικνὺς
1237 5038 1324 5092 διὰ
1361 5038 1456 5092 τοῦ
1491 5041 1769 5110 σχήματος
1795 5039 1896 5111 τὴν

215 5131 433 5185 οἰκείαν
466 5126 905 5196 εὐγνωμοσύνην.
953 5126 1027 5179 Οὐ
1076 5126 1236 5196 μόνον
1263 5125 1370 5198 7&9
1405 5126 1507 5181 οὐκ
1541 5128 1816 5199 ἀπενοήθη
1842 5141 1892 5193 ιι⁹

215 5219 342 5274 οὐδὲ
375 5209 523 5289 μέγα
547 5215 848 5286 ἐφρόνησεν
874 5213 965 5265 ἐπὶ
987 5215 1054 5283 τῇ
1085 5212 1265 5278 εὐνοίᾳ
1281 5217 1347 5285 τῇ
1379 5215 1459 5279 εἰς
1483 5215 1647 5270 αὐτὸν
1673 5233 1897 5288 γεγενη-

216 5307 383 5378 μένῃ,
416 5303 555 5358 ἀλλὰ
591 5303 686 5356 καὶ
724 5300 902 5371 πολλῷ
934 5300 1133 5370 μᾶλλον
1168 5302 1484 5374 συνεστάλη.
1539 5302 1652 5358 Καὶ
1687 5305 1892 5370 ἔπεσε,

213 5400 408 5468 φησὶν,
437 5387 537 5449 ἐπὶ
565 5394 910 5462 πρόσωπον.
938 5391 1190 5445 Τοιοῦτον
1210 5393 1316 5464 γὰρ
1339 5395 1373 5464 ἡ
1397 5394 1696 5465 εὐγνώμων
1722 5396 1891 5468 ψυχή’

213 5474 444 5542 ἐπειδᾶν
479 5483 720 5546 πλείονος
756 5479 1039 5551 ἀπολαύσῃ
1062 5481 1161 5551 τῆς
1187 5482 1518 5553 παρρησίας,
1546 5484 1664 5537 τότε
1693 5485 1894 5555 μᾶλλον

214 5573 424 5646 πολλὴν
482 5570 850 5625 ἐπιδείκνυται
910 5569 1009 5640 τὴν
1064 5569 1193 5640 περί
1249 5570 1339 5622 τὸν
1390 5570 1520 5623 Θεὸν
1584 5572 1888 5627 εὐλάϐειαν

279 5809 306 5836 ο
331 5803 711 5862 οὐκάπτνσήθη,
729 5815 828 5866 ποθι
846 5799 1154 5866 αττοραηιὶοι·

218 5875 518 5936 τηκηεαιυιιι
556 5876 667 5936 εεσεΔ
699 5877 719 5936 ξ
752 5863 858 5936 νοιίρ
879 5862 996 5936 usu}.
1013 5862 1610 5936 supgfbire,_tgfogmlgm
1635 5880 1756 5918 esse.
1783 5862 1890 5932 ρυό

215 5944 372 5980 sensu
394 5929 598 5976 ἀπόνοια
619 5924 904 5980 sexcenties
933 5924 1148 5976 octufﬂt
1167 5926 1296 5988 apud
1319 5924 1732 5986 Chrisouomum.

635 6017 907 6077 Ριτιιοι..
953 6017 1069 6076 Gn.
1115 6015 1268 6076 LIII.

1229 5797 1281 5853 ῖι.
1296 5800 1539 5853 Ἀπονοεῖν
1557 5809 1636 5854 es].
1659 5803 1886 5868 iammire,

1338 435 1404 504 IN
1445 445 1596 504 CAP.
1635 439 1756 497 xv:
1794 419 2036 495 CENES.
2073 433 2306 493 IIOMIL.
2346 429 2589 489 XXXIX.

3569 409 3674 470 56$

2008 554 2227 607 Ἔπεσε
2253 545 2382 622 7&9,
2405 545 2590 617 φησὶν,
2619 539 2718 596 ἐπὶ
2755 539 3079 608 πρόσωπον
3109 531 3316 588 αὐτοῦ.
3345 531 3457 586 Καὶ
3478 533 3673 622 ἐπειδὴ

2004 641 2144 712 μετά
2181 637 2278 709 τὴν
2314 621 2582 705 τοσαύτην
2606 627 2919 703 παρρησίαν
2939 622 3018 687 εἰς
3043 623 3234 677 ἑαυτὸν
3259 621 3402 696 ὀρῶν
3423 624 3451 676 6
3470 621 3674 685 δίκαιος

2001 710 2096 782 καὶ
2122 727 2222 796 τῆς
2253 721 2597 794 ἀνθρωπίνης
2623 717 2835 787 φύσεως
2863 713 2960 785 τὴν
2983 712 3288 773 ἀσθένειαν,
3311 711 3430 763 οὐδὲ
3450 710 3674 763 ἀνανεῦο

2003 833 2092 868 σαι
2123 814 2344 883 ἐτόλμα,
2383 809 2518 864 ἀλλὰ
2547 806 2696 860 κάτω
2729 802 2951 858 κύπτων
2979 799 3181 869 πολλὴν
3206 797 3552 852 ἐπεδείκνυτο
3575 797 3676 868 τὴν

2000 898 2304 955 εὐλάϐειανο
2359 897 2462 968 δρα
2514 894 2676 948 πάλιν
2723 889 2816 944 τοῦ
2867 886 3074 956 ἀγαθοῦ
3116 885 3252 938 Θεοῦ
3311 885 3412 957 τὴν
3469 885 3675 954 ἄφατον

1999 985 2334 1057 φιλοτιμίαν.
2385 981 2681 1049 Ἑλιίλησε
2719 977 2831 1048 γὰρ
2867 973 3044 1040 αὐτῷ,
3093 973 3279 1044 φησὶν,
3319 975 3352 1026 ό
3401 971 3547 1038 Θεὸς
3576 972 3673 1026 λέ-

1997 1092 2138 1145 των·
2174 1071 2319 1128 Ἰδοὺ
2341 1071 2456 1142 ἐγὼ
2483 1067 2579 1123 καί
2602 1068 2640 1135 ἡ
2669 1064 2920 1132 διαθήκη
2945 1075 3064 1132 μου
3089 1060 3240 1131 μετὰ
3263 1059 3402 1124 σοῦ,
3434 1060 3534 1113 καί
3556 1060 3672 1128 ἔστι

1998 1163 2196 1230 πατὴρ
2235 1160 2506 1228 πλήθους
2537 1156 2748 1218 ἐθνῶν,
2798 1153 2900 1207 καὶ
2942 1153 3014 1206 οὐ
3067 1149 3437 1218 κληθήσεται
3475 1148 3562 1204 ἔτι
3603 1149 3674 1202 τὸ

1999 1248 2191 1320 ὄνομά
2245 1263 2363 1303 σου
2435 1248 2672 1314 Ἅϐραμ,
2734 1240 2870 1296 ἀλλ’
2923 1239 3096 1293 ἔσται
3169 1238 3234 1292 τὸ
3302 1235 3487 1306 ὄνομὰ
3553 1252 3674 1290 σου

2012 1334 2280 1406 Ἀϐραάμ·
2319 1335 2411 1389 ὅτι
2438 1331 2663 1401 πατέρα
2694 1325 2942 1383 πολλῶν
2960 1325 3152 1380 ἐθνῶν
3179 1324 3415 1379 τέθεικά
3443 1340 3539 1389 σε,
3573 1322 3674 1378 καί

1997 1424 2241 1492 αὐξανῶ
2269 1439 2364 1478 σε·
2389 1423 2487 1476 καὶ
2527 1420 2695 1489 θήσω
2728 1434 2801 1473 σε
2823 1419 2910 1484 εἰς
2934 1416 3128 1482 ἔθνος,
3162 1414 3259 1467 καὶ
3291 1413 3577 1482 βασιλεῖς
3601 1414 3672 1469 ἐκ

1999 1513 2116 1570 σοῦ
2143 1512 2585 1578 ἐξελεύσονται.

2068 1641 2135 1707 γ’.
2155 1630 2738 1705 Σκόπησον,ἀγαπητὲ,
2754 1629 2870 1693 πῶς
2887 1627 3142 1700 προλέγει
3155 1627 3230 1697 τῷ
3251 1625 3446 1697 δικαίῳ
3465 1625 3558 1680 καὶ
3575 1623 3672 1680 νῦν

1997 1725 2213 1780 ἅπαντα
2243 1722 2451 1792 σαφῶς,
2481 1719 2576 1774 καὶ
2604 1721 2692 1773 ἵνα
2721 1717 2940 1772 πλείονα
2971 1715 3122 1786 αὐτῷ
3161 1715 3261 1786 τὴν
3300 1712 3674 1784 πληροφορίαν

1997 1813 2222 1884 ποιήσῃ,
2246 1811 2342 1864 καί
2367 1807 2462 1861 τοῦ
2488 1807 2752 1876 στοιχείου
2781 1805 2882 1876 τὴν
2907 1803 3223 1874 προσθήκην
3243 1802 3307 1872 τῇ
3331 1799 3674 1872 προσηγορίᾳ

1997 1899 2164 1954 αὐτοῦ
2195 1895 2590 1957 ἐναποτίθεται,
2623 1892 2716 1946 καί
2764 1907 2951 1964 φησιν’
2981 1892 3130 1959 Ἕσῃ
3161 1889 3357 1957 πατὴρ
3398 1888 3674 1956 πλήθους

1996 1986 2207 2045 ἐθνῶν.
2245 1987 2328 2039 Οὐ
2377 1981 2746 2051 κληθήσεται
2783 1981 2894 2051 τὰρ
2933 1979 2998 2034 τὸ
3050 1977 3238 2047 δνομὰ
3282 1994 3398 2032 σου
3431 1977 3671 2046 Ἀϐραμ,

1997 2072 2159 2131 ἀλλὰ
2198 2070 2465 2140 Ἀϐραὰμ,
2486 2067 2695 2137 ἐπειδὴ
2735 2065 2960 2136 πατέρα
2984 2063 3233 2119 πολλῶν
3262 2063 3454 2118 ἐθνῶν
3488 2062 3673 2119 τέθει-

1998 2163 2078 2216 κα
2109 2177 2202 2216 σε.
2241 2160 2450 2229 Ὥσπερ
2477 2157 2586 2227 γάρ
2609 2155 2669 2210 16
2695 2155 2962 2226 πρότερον
2983 2153 3154 2223 δνομα
3181 2151 3280 2224 τὴν
3308 2151 3416 2205 ἀπὸ
3441 2150 3538 2204 τοῦ
3568 2151 3676 2205 πέ-

2001 2265 2102 2320 ραν
2132 2244 2368 2301 ἐνταῦθα
2397 2243 2655 2299 ἐπάνοδον
2683 2244 2978 2312 ἐσήμαινεν
3005 2241 3254 2312 (Ἃόραμ
3275 2238 3384 2309 γὰρ
3412 2239 3675 2308 περάτης

1999 2331 2362 2406 ἑρμηνεύεται
2422 2331 2567 2386 κατὰ
2611 2331 2710 2401 τὴν
2755 2328 3024 2400 Ἐϐραίων
3064 2328 3310 2396 γλῶτταν
3333 2344 3347 2358 ο
3383 2327 3479 2380 καὶ
3512 2326 3676 2380 τοῦτο

2000 2405 2198 2484 ἴσασιν,
2226 2414 2341 2474 ὅσοι
2377 2419 2476 2491 τῆς
2516 2417 2762 2489 γλώττης
2789 2405 3006 2486 ἐκείνης
3042 2415 3180 2468 εἰσὶν
3216 2408 3519 2486 ἔμπειροι),
3550 2414 3675 2468 ἐπεὶ⁹

1998 2507 2091 2565 οὖν
2116 2507 2339 2580 ἔμελλεν
2366 2506 2476 2561 ἀπὸ
2503 2505 2598 2559 τοῦ
2622 2505 2798 2576 πέραν
2823 2505 2903 2568 εἰς
2929 2504 3028 2576 τὴν
3060 2497 3372 2558 Χαναναίαν
3394 2502 3671 2575 ἔρχεσθαι,

1996 2595 2086 2653 διὰ
2122 2587 2282 2651 τοῦτο
2332 2595 2383 2650 οί
2420 2597 2596 2663 γονεῖς
2643 2592 2791 2663 αὐτῷ
2829 2592 2892 2645 16
2914 2592 3085 2662 ὄνομα
3123 2591 3478 2645 ἐπιτιθέασιν.
3531 2590 3672 2643 Ἀλλ’

1999 2689 2131 2752 ἴσως
2163 2687 2307 2740 εἴποι
2330 2701 2416 2747 τις
2439 2684 2524 2738 ἀν’
2548 2682 2658 2737 Καὶ
2678 2683 2726 2735 εί
2750 2681 2966 2736 ἄπιστοι
2993 2680 3287 2750 ἐτύγχανον
3306 2681 3354 2733 οί
3381 2678 3568 2732 τοῦτον
3589 2696 3676 2748 γε⁸

1997 2774 2343 2844 γεννηκότες,
2370 2771 2534 2824 πόθεν
2576 2770 2757 2834 αὐτοῖς
2800 2771 2834 2838 ἡ
2876 2767 3185 2839 πρόγνωσις
3215 2766 3378 2836 αῦτη,
3411 2766 3552 2820 ὥστε
3601 2769 3671 2838 τῇ

1946 2880 1957 2891 ·
1996 2861 2340 2933 προσηγορίᾳ
2369 2849 2730 2939 ἐναποθέσθαι
2759 2856 2819 2910 16
2846 2856 3035 2926 μέλλον
3068 2854 3209 2926 μετά
3247 2853 3412 2909 πολὺν
3451 2854 3672 2909 ἔσεσθαι

1996 2945 2222 3026 χρόνον;
2259 2950 2371 3003 Καὶ
2395 2943 2554 3001 τοῦτο
2586 2946 2684 3017 τῆς
2711 2943 2805 2998 τοῦ
2833 2943 2968 2997 Θεοῦ
3007 2944 3318 3014 εὐμηχάνου
3355 2942 3567 3012 σοφίας,
3609 2941 3672 2996 τὸ

1997 3038 2090 3092 καὶ
2129 3027 2219 3090 διὰ
2257 3027 2366 3088 τῶν
2395 3033 2640 3088 ἀπίστων
2669 3031 2929 3094 πολλάκις
2957 3029 3186 3084 τοιαῦτα
3218 3031 3542 3100 οἰκονομεῖν·
3575 3030 3672 3082 καὶ

1996 3121 2167 3179 πολλὰ
2203 3123 2426 3178 τοιαῦτα
2463 3121 2766 3193 εὑρήσομεν
2811 3118 2905 3174 καὶ
2951 3119 3037 3187 ἐφ’
3063 3117 3264 3189 ἐτέρων
3305 3117 3670 3189 γεγενημένα.

1997 3209 2214 3276 Εὐθέως
2248 3214 2356 3284 γὰρ
2381 3204 2761 3283 ἐπεισέρχεται
2789 3210 2920 3280 ἡμῖν
2953 3209 3047 3262 καί
3067 3209 3101 3277 ὴ
3123 3207 3219 3260 τοῦ
3244 3207 3368 3260 Νῶε
3394 3221 3672 3278 προσηγο-

1998 3301 2110 3372 ρία.
2140 3292 2275 3354 Οὐδὲ
2319 3298 2429 3370 γὰρ
2459 3298 2666 3362 ἁπλῶς,
2706 3295 2828 3350 οὐδέ
2881 3285 2956 3360 ώς
3007 3295 3164 3366 ἐτυχε
3215 3294 3309 3347 καὶ
3356 3293 3534 3364 τούτῳ
3569 3291 3674 3363 τὴν

1997 3387 2369 3460 προσηγορίαν
2396 3385 2675 3453 ἐπέθηκαν
2697 3386 2745 3437 οἰ
2767 3387 2966 3452 γονεῖς,
2991 3382 3126 3436 ἀλλά
3150 3380 3555 3453 προμηνύοντες
3579 3381 3674 3435 τὸν

2000 3469 2139 3547 μετὰ
2177 3466 2508 3528 πεντακόσια
2565 3473 2660 3543 ἐτη
2721 3471 2982 3542 μέλλοντα
3024 3471 3347 3542 γενήσεσθαι
3394 3468 3672 3522 κατακλυο

1999 3560 2155 3632 σμόν.
2193 3557 2313 3614 ’Ότι
2347 3560 2455 3630 γὰρ
2492 3553 2586 3612 καὶ
2615 3554 2643 3612 6
2675 3558 2869 3612 τούτου
2906 3559 3089 3628 πατὴρ
3120 3551 3180 3610 οὐ
3213 3557 3300 3610 διὰ
3330 3556 3391 3609 16
3416 3557 3673 3627 ἐνάρετος

1997 3645 2138 3704 εἶναι
2162 3644 2366 3718 ταύτην
2403 3648 2504 3718 τὴν
2535 3645 2905 3718 προσηγορίαν
2939 3642 3174 3714 ἐπέθηκε
3199 3643 3276 3713 τῷ
3302 3642 3454 3714 [599]
3493 3642 3668 3705 παιδὶ.

1997 3737 2160 3791 ἄκουε
2189 3727 2287 3806 τῆς
2319 3728 2540 3806 Γραφῆς
2574 3733 2760 3802 σαφῶς
2789 3730 3076 3802 λεγούσης,
3107 3732 3188 3784 ὅτι
3226 3731 3350 3784 Νῶε
3380 3731 3539 3800 μόνος
3581 3731 3674 3782 εὐ-

1999 3825 2128 3898 ρέθη
2153 3824 2380 3886 δίκαιος,
2413 3821 2620 3884 τέλειος
2662 3823 2721 3874 ἐν
2759 3821 2825 3890 τῇ
2867 3821 3030 3890 γενεᾷ
3057 3817 3241 3872 αὐτοῦ.
3281 3817 3394 3871 Οὐκ
3424 3817 3491 3871 ἂν
3523 3833 3671 3890 παρ-

1997 3911 2302 3981 εσιώπησεν
2326 3912 2360 3982 ἠ
2388 3902 2599 3981 Γραφὴ,
2630 3901 2750 3962 οὐδέ
2793 3899 2940 3968 εἰπε,
2984 3898 3108 3959 Νῶε
3152 3906 3357 3968 δίκαιος
3390 3905 3550 3974 μόνος
3577 3899 3668 3976 ἦν,

1997 4001 2047 4052 εἰ
2076 3993 2170 4054 καὶ
2199 3995 2393 4068 Λάμεχ
2429 3988 2459 4050 6
2502 3995 2694 4049 τούτου
2735 3991 2919 4066 πατὴρ
2954 3987 3200 4064 ζηλωτὴς
3234 3987 3303 4063 ἦν
3335 3993 3434 4062 τῆς
3457 3989 3552 4044 τοῦ
3583 3990 3668 4043 δι-

1997 4083 2156 4142 καίου
2181 4083 2397 4157 ἀρετῆς.
2435 4077 2662 4138 Μέλλων
2687 4083 2867 4136 τοίνυν
2897 4074 2997 4152 τὴν
3030 4079 3400 4151 προσηγορίαν
3427 4077 3668 4132 ἐπιτιθέ-

1997 4191 2085 4229 ναι
2111 4165 2189 4244 τῷ
2218 4163 2392 4238 παιδὶ,
2429 4168 2583 4242 φησί’
2612 4165 2723 4224 Καὶ
2755 4167 3123 4236 κληθήσεται
3159 4167 3224 4220 τὸ
3265 4167 3451 4235 ὄνομα
3481 4161 3668 4220 αὐτοῦ

1997 4261 2124 4317 Νῶε
2139 4278 2151 4291 ·
2181 4251 2359 4326 οὗτος
2381 4259 2780 4313 διαναπαύσει
2802 4255 2962 4326 ἡμᾶς
2981 4255 3101 4310 ἀπὸ
3123 4253 3241 4308 τῶν
3263 4255 3452 4324 ἔργων
3479 4251 3668 4323 ἡμῶν,

1999 4338 2099 4404 καὶ
2146 4347 2270 4402 τῶν
2309 4339 2598 4414 λυπηρῶν
2639 4337 2759 4399 τῶν
2802 4337 3019 4414 χειρῶν
3055 4342 3244 4413 ἡμῶν,
3283 4342 3384 4396 καὶ
3407 4340 3527 4397 ἀπὸ
3557 4339 3670 4409 τῆς

1998 4433 2134 4506 γῆς,
2159 4430 2236 4506 ἧς
2260 4432 2646 4502 κατηράσατο
2675 4432 2892 4500 Κύριος
2914 4426 2947 4486 δ
2984 4427 3149 4497 Θεός.
3176 4423 3368 4496 Πόθεν,
3401 4423 3523 4482 εἰπέ
3553 4445 3666 4499 μοι,

1999 4523 2192 4593 ἐκείνῳ
2220 4523 2255 4593 ἡ
2277 4519 2481 4590 γνῶσις
2504 4518 2615 4573 τῶν
2640 4515 2937 4590 μελλόντων
2966 4517 3211 4588 γίνεσθαι
3242 4517 3378 4588 μετά
3400 4515 3668 4578 τοσαύτας

1999 4609 2224 4680 γενεάς;
2247 4607 2631 4678 Κληθήσεται
2672 4607 2804 4680 γὰρ,
2837 4606 2990 4678 φησί,
3030 4600 3179 4661 Νῶε·
3214 4602 3393 4671 οὗτος
3437 4605 3547 4676 γὰρ
3581 4603 3670 4657 δι-

1997 4695 2336 4750 οναπαύσει
2368 4693 2548 4764 ἡμᾶς.
2583 4692 2678 4756 Τδ,
2699 4691 2847 4758 Νῶε,
2866 4693 2931 4764 τῇ
2965 4688 3227 4764 Ἐϐραίων
3241 4689 3506 4761 διαλέκτῳ
3524 4688 3670 4745 ἀνάο

1998 4785 2226 4851 παυσις
2249 4783 2488 4852 λέγεται.
2532 4780 2686 4836 Ἐπεὶ
2723 4775 2817 4837 οὖν
2843 4771 2999 4844 οὗτος
3029 4777 3242 4850 ἔμελλε,
3281 4770 3377 4831 τοῦ
3405 4776 3668 4846 ναυαγίου

1998 4871 2210 4926 ἐκείνου
2236 4862 2748 4940 καταλαμϐάνοντος
2777 4864 2877 4940 τὴν
2911 4867 3257 4939 οἰκουμένην,
3285 4865 3447 4936 μόνος
3466 4863 3669 4920 διασώ-

1999 4959 2212 5024 ζεσθαι,
2240 4954 2334 5012 καὶ
2363 4961 2429 5030 τῇ
2462 4956 2600 5030 μετά
2635 4957 2808 5010 ταῦτα
2830 4957 2994 5027 γενεᾷ
3025 4955 3200 5026 ἀρχήν
3224 4971 3347 5007 τινα
3368 4953 3669 5022 παρασχεῖν

1997 5049 2096 5117 τῆς
2132 5047 2462 5110 συστάσεως,
2514 5044 2602 5098 διὰ
2641 5043 2801 5098 τοῦτό
2829 5061 3014 5115 φησιν,
3047 5037 3235 5108 Οὗτος
3271 5041 3669 5096 διαναπαύσει

1997 5133 2177 5205 ἡμᾶς,
2217 5135 2524 5188 ἀνάπαυσιν
2580 5134 2672 5186 τὸν
2717 5133 3101 5204 κατακλυσμὸν
3155 5131 3354 5189 καλῶν.
3399 5128 3668 5198 Καθάπερ

1997 5224 2108 5294 7&9
2147 5224 2486 5294 κεκμηκυῖαν
2518 5221 2616 5292 τὴν
2655 5220 2760 5291 γῆν
2800 5217 2980 5274 πᾶσαν
3021 5221 3085 5274 ἐκ
3121 5220 3224 5291 τῆς
3249 5213 3359 5273 τῶν
3395 5219 3667 5272 ἐνοικούν-

1997 5327 2105 5363 των
2141 5310 2424 5379 πονηρίας,
2453 5306 2545 5360 καὶ
2570 5306 2768 5378 πολλὴν
2794 5307 2891 5378 τὴν
2913 5307 3090 5379 λύμην
3112 5307 3408 5378 δεχομένην
3445 5305 3613 5359 ἐλθὼν
3637 5306 3668 5357 6

1997 5393 2384 5466 κατακλυσμὸς
2429 5393 2518 5446 διὰ
2557 5394 2656 5464 τῆς
2702 5393 2812 5446 τῶν
2859 5395 3066 5449 ὐδάτων
3106 5396 3298 5468 φορᾶς,
3339 5393 3434 5447 καὶ
3463 5392 3668 5464 στήσας

1995 5485 2106 5538 τῶν
2141 5483 2428 5555 μοχθηρῶν
2447 5482 2661 5555 ’ἀνδρῶν
2679 5481 2900 5536 ἐκείνων
2922 5481 3020 5555 τὴν
3049 5483 3334 5554 πονηρίαν,
3363 5481 3462 5552 τήν
3481 5498 3541 5534 τε
3563 5480 3670 5550 γῆν

1997 5571 2328 5641 ἐξεκάθηρεν
2365 5571 2674 5642 ἀκάθαρτον
2719 5570 3095 5642 γεγενημένην
3136 5563 3224 5624 διὰ
3277 5569 3377 5639 τὴν
3414 5569 3523 5622 τῶν
3579 5571 3668 5620 ἐν·

1996 5659 2287 5714 οικούντων
2335 5659 2653 5732 μοχθηρίαν,
2685 5659 2969 5723 κάκείνους
3001 5658 3090 5713 διὰ
3129 5657 3228 5729 τῆς
3258 5657 3526 5728 τιμωρίας
3567 5657 3667 5709 ἀν-

1995 5749 2224 5802 έπαυσε.
2244 5748 2522 5824 ,Θάνατος
2545 5747 2676 5820 γὰρ,
2717 5749 2872 5820 φησὶ,
2905 5744 3078 5816 ἀνδρὶ
3106 5745 3472 5811 ἀνάπαυσις.
3513 5739 3670 5809 Εἶδες

1995 5835 2144 5898 ὅπως
2169 5833 2264 5888 καὶ
2287 5827 2376 5888 δὶἀ
2403 5834 2646 5889 ἀπίστων
2676 5834 2937 5898 πολλάκις
2966 5834 3037 5888 τὰ
3063 5832 3325 5906 μέλλοντα
3357 5834 3670 5904 προμηνύε-

2001 5923 2124 5978 σθαι
2151 5921 2557 5989 παρασκευάζει
2581 5942 2596 5984 ;
2619 5923 2724 5978 Τὸν
2753 5923 2914 5979 αὐτὸν
2935 5923 3000 5988 δὴ
3028 5923 3227 5986 τρόπον
3248 5920 3342 5976 καὶ
3369 5919 3446 5991 τῷ
3473 5935 3666 5990 πατρι-

3167 6017 3248 6078 23
