4092 6408
348 376 455 433 365

343 493 487 565 άρχῃ
514 489 572 543 τὸ
609 488 780 560 ὄνομα
811 490 859 541 οἱ
888 490 1063 557 γονεῖς
1091 490 1360 557 ἐτίθεσαν,
1391 492 1450 558 ἐξ
1478 493 1654 564 ἀρχῆς
1675 494 1770 547 καὶ
1797 496 1862 548 ἐκ
1890 512 2022 565 προ-

342 583 457 648 οιμί
481 596 537 630 νιν
559 576 869 648 δηλοῦντες,
903 577 986 630 ὅτι
1026 580 1370 648 μετανάστης
1390 579 1567 643 ἐσται,
1594 583 1687 635 καὶ
1720 584 1963 654 περάσας
1993 596 2019 623 ι

344 667 433 717 τὸν
461 667 704 737 ποταμὸν
727 667 819 718 ἐπὶ
842 666 941 736 τὴν
964 666 1249 737 ἀλλοτρίαν
1271 667 1411 737 ἥξει.
1452 668 1604 721 Ἐπεὶ
1638 670 1839 735 τοίνυν,
1864 672 2019 743 φησὶ,

343 755 402 805 τὸ
458 756 555 823 μὲν
612 754 762 826 παρὰ
816 754 926 805 τῶν
969 754 1173 822 γονέων
1216 755 1466 809 ἐπιτεθὲν
1507 756 1680 826 ὄνομα.
1721 759 1898 812 ἐκεῖνό
1940 777 2023 813 σοι

345 843 660 913 προεμήνυε
697 842 760 894 τὸ
792 844 857 896 ἐκ
888 842 996 895 τῶν
1024 844 1204 895 ἐκεῖσε
1233 842 1468 896 ἐνταῦθα
1490 843 1842 916 διαπερᾶσαι,
1867 845 2021 915 δέχου

345 930 437 982 καὶ
479 932 576 1000 τὴν
612 929 707 983 τοῦ
743 930 1004 1000 στοιχείου
1033 929 1374 1001 προσθήκην,
1419 931 1507 984 ἵνα
1548 932 1725 1003 μάθῃς
1758 934 1839 985 ὃτι
1865 934 2023 986 τοῦτό

344 1032 426 1069 σοι
465 1018 680 1087 μηνύει,
709 1017 792 1069 ὃτι
826 1016 1034 1069 πολλῶν
1078 1016 1247 1070 ἐθνῶν
1282 1017 1381 1088 ἔσῃ
1408 1020 1611 1090 πατήρ.
1647 1022 1757 1073 Καὶ
1784 1021 1886 1089 ὅρα
1924 1022 2023 1092 τήν

343 1104 628 1175 ἀκρίϐειαν
656 1103 762 1155 τῶν
794 1104 1074 1174 ῥημάτων.
1108 1105 1223 1156 Οὑκ
1257 1100 1398 1170 εἷπε,
1431 1107 1653 1161 Πάντων
1682 1107 1789 1161 τῶν
1826 1108 2021 1174 ἐθνῶν,

341 1191 500 1256 ἀλλὰ,
534 1192 786 1245 Πολλῶν
809 1191 1018 1245 ἐθνῶν.
1064 1192 1280 1262 Ἐπειδὴ
1308 1194 1416 1264 γάρ
1446 1189 1514 1264 ἦν
1544 1195 1670 1265 ἔθνη
1706 1196 1801 1248 καὶ
1835 1197 2017 1266 ἕτερα,

343 1282 486 1351 ἅπερ
521 1280 743 1351 ἔμελλεν
776 1280 984 1333 ἐκεῖθεν
1007 1281 1289 1349 ἐξεῶσθαι,
1316 1284 1401 1334 ἵνα
1420 1283 1513 1336 τοῦ
1539 1284 1745 1337 δικαίου
1765 1286 1825 1336 τὸ
1848 1286 2020 1357 σπέρ-

345 1386 420 1439 μα
459 1368 676 1438 δέξηται
720 1369 817 1439 τὴν
863 1368 1247 1440 κληρονομίαν,
1280 1370 1368 1422 διὰ
1410 1371 1566 1424 τοῦτό
1604 1388 1757 1442 φησι’
1789 1372 2023 1441 Πατέρα

343 1457 589 1510 πολλῶν
623 1455 816 1510 ἐθνῶν
856 1458 1094 1511 τέθεικά
1134 1473 1228 1512 σε.
1264 1458 1433 1522 Εἱδώς
1467 1477 1560 1511 σου
1601 1460 1697 1530 τῆς
1735 1462 1935 1531 ἀρετῆς
1962 1461 2022 1513 τὸ

346 1543 594 1612 μέγεθος,
625 1543 835 1596 πολλῶν
859 1544 1029 1597 ἐθνῶν
1052 1545 1373 1599 διδάσκαλόν
1404 1563 1463 1599 σε
1486 1549 1891 1616 ἀπεργάσομαι,
1921 1549 2018 1600 καὶ

342 1631 587 1694 αὐξανὼ
616 1648 691 1685 σε
732 1632 829 1686 καὶ
884 1632 1173 1701 πληθυνῶ
1221 1649 1297 1686 σε
1338 1634 1594 1703 σφόδρα,
1631 1636 1887 1703 σφόδρίυ
1918 1635 2019 1689 καὶ

342 1718 511 1787 θήσω
544 1735 618 1773 σε
644 1722 731 1784 είς
756 1721 920 1787 ἔθνη,
964 1720 1061 1773 καὶ
1090 1721 1369 1787 ,ϐασιλεῖς
1411 1722 1479 1775 ἐκ
1507 1723 1626 1775 σοῦ
1662 1722 2021 1787 ἐξελεύσον-

342 1824 455 1860 ται.
488 1807 573 1879 Μὴ
598 1807 784 1870 άπλῶς
814 1807 1283 1879 παραδράμωμεν,
1314 1811 1606 1879 ἀγαπητοὶ,
1637 1810 1704 1862 τὰ
1728 1810 2016 1882 εἰρημένα.

346 1896 443 1949 “Av
471 1896 579 1967 γὰρ
621 1898 961 1967 ἐννοήσωμεν
996 1896 1090 1949 τοῦ
1131 1899 1469 1969 πατριάρχου
1514 1900 1613 1969 τὴν
1655 1899 1890 1970 ἠλικίαν,
1925 1901 2020 1954 καὶ

340 1986 423 2036 ὅτι
451 1987 506 2037 ὲν
530 1986 742 2056 ἐσχάτῳ
767 1987 912 2056 γήρα
942 1986 1115 2039 ταῦτα
1151 1986 1403 2056 ἣκουσεν,
1434 1988 1890 2058 ἐκπλαγησόμεθα
1920 1990 2019 2059 τήν

341 2091 399 2125 τε
426 2075 520 2127 τοῦ
548 2076 758 2128 δικαίου
795 2076 999 2141 πίστιν,
1040 2077 1132 2128 καὶ
1164 2076 1545 2147 φιλανθρώπου
1576 2077 1708 2130 Θεοῦ
1731 2077 1829 2149 τὴν
1853 2078 2021 2148 ὑπερ-

343 2160 643 2214 ϐάλλουσαν
680 2162 930 2233 δύναμιν,
967 2163 1048 2216 ὅτι
1081 2163 1141 2227 ἐξ
1178 2164 1467 2235 ἀνθρώπου
1502 2164 1686 2217 λοιπὸν
1715 2163 2017 2235 νεκρωθέν-

340 2265 453 2313 τος,
503 2248 579 2311 ὼς
621 2251 813 2311 εἰπεῖν,
854 2251 948 2302 καὶ
991 2250 1059 2303 τὰ
1113 2252 1250 2322 μέλη
1291 2251 1704 2321 διαλελυμένον,
1755 2254 1849 2305 καὶ
1897 2250 2017 2305 καθ’

341 2336 622 2408 ἐκάστηνή
632 2338 803 2407 μέραν
823 2339 922 2408 τὴν
939 2338 1193 2409 τελευτὴν
1210 2340 1635 2410 φανταζομένου,
1661 2341 1753 2393 ἐπὶ
1767 2339 2017 2392 τοσοῦτον

341 2424 666 2489 αὐξάνεσθαι
691 2426 752 2477 τὸ
792 2427 1011 2497 σπέρμα
1040 2428 1331 2496 ἐσήμανεν,
1354 2428 1431 2491 ὡς
1464 2429 1557 2480 καὶ
1596 2430 1675 2492 είς
1702 2428 1829 2499 ἔθνη
1849 2426 2018 2479 πολλὰ

342 2511 687 2580 γενήσεσθαι·
734 2513 825 2564 καὶ
862 2512 922 2564 οὑ
970 2512 1130 2565 τοῦτο
1165 2514 1344 2583 μόνον,
1384 2513 1520 2566 ἀλλά
1562 2516 1666 2568 Καὶ
1697 2514 2015 2579 βασιλεῖς,

341 2600 527 2669 φησὶν,
575 2600 641 2651 ἐκ
678 2598 795 2652 σοῦ
840 2600 1287 2665 ἐξελεύσονται.
1324 2597 1475 2664 Εἶδες
1506 2602 1754 2657 ἐπίτασιν
1788 2605 2019 2676 ἐπαγγε-

340 2687 458 2747 λίας
474 2703 487 2750 ;
502 2692 546 2741 Α
557 2687 754 2751 ῠξανῶ
767 2704 859 2750 σε,
877 2690 1031 2758 φησὶ,
1049 2688 1305 2756 σφόδρα,
1320 2690 1573 2758 σφόδρα.
1596 2691 1705 2759 Οὑχ
1723 2692 1909 2756 ἁπλῶς
1924 2696 2017 2749 τὸν

339 2774 737 2844 διπλασιασμὸν
764 2775 1213 2847 ἐπέθηκενήάθθι
1233 2776 1346 2829 ἀλλ’
1367 2779 1452 2829 ἵνα
1485 2778 1705 2849 σημάνῃ
1731 2780 1808 2851 τῷ
1825 2780 2018 2853 δικαίῳ

338 2861 433 2913 τοῦ
472 2862 711 2931 πλήθους
749 2862 845 2932 τὴν
897 2862 1220 2934 ὑπερϐολήν.
1264 2865 1481 2935 Ἐπειδὴ
1515 2865 1623 2936 γὰρ
1667 2867 1755 2921 διά
1792 2869 1891 2938 τῆς
1922 2870 2015 2924 τοῦ

342 2950 608 3019 στοιχείου
637 2951 974 3021 προσθήκης,
1009 2951 1260 3024 καθάπερ
1286 2955 1343 3005 ἐν
1372 2954 1542 3025 στήλῃ
1571 2956 1706 3019 τινὶ,
1738 2956 2017 3022 ἀνεξάλει-

340 3047 474 3088 πτον
504 3037 651 3107 αὑτῴ
690 3038 787 3108 τῆς
827 3038 1171 3108 ὑποσχέσεως
1202 3040 1301 3109 τὴν
1342 3040 1674 3108 ἐπαγγελίαν
1712 3044 2013 3114 ἐπέγραψε,

341 3124 505 3176 πάλιν
538 3126 691 3193 φησί·
729 3125 839 3178 Καὶ
862 3125 1074 3192 στήσω
1095 3126 1211 3195 τὴν
1237 3126 1532 3196 διαθήκην
1544 3146 1663 3198 μου
1685 3130 1802 3184 ἀνὰ
1822 3132 2018 3200 μέσον

336 3211 476 3275 σοῦ,
509 3213 606 3264 καὶ
636 3213 757 3265 ἀνὰ
779 3212 974 3281 μέσον
995 3213 1101 3267 τοῦ
1131 3214 1474 3283 σπέρματός
1498 3231 1614 3270 σου
1634 3218 1787 3286 μετὰ
1826 3221 1901 3272 σὲ
1929 3224 2017 3287 εὶς

339 3302 439 3365 τὰς
474 3301 681 3369 γενεὰς
717 3299 937 3367 αὐτῶν,
970 3304 1061 3367 εἰς
1088 3301 1381 3369 διαθήκην
1411 3302 1674 3370 αἰώνιον,
1707 3301 1863 3363 εἷναί
1899 3326 2016 3363 σου

340 3389 505 3452 Θεός.
544 3390 618 3441 υὺ
655 3389 812 3458 μόνον
844 3390 973 3461 περὶ
1006 3390 1085 3451 σὲ,
1120 3389 1274 3459 φησι,
1307 3390 1508 3460 πολλὴν
1542 3392 1882 3465 ἐπιδείξομαι
1918 3396 2016 3468 τὴν

339 3476 686 3548 κηδεμονίαν,
727 3477 863 3531 ἀλλά
901 3478 995 3533 καὶ
1034 3481 1113 3542 είς
1154 3478 1215 3531 τὸ
1250 3480 1469 3551 σπέρμα
1502 3482 1563 3534 τὸ
1597 3481 1708 3547 σὺν,
1754 3484 1847 3537 καὶ
1877 3486 2017 3556 μετά

338 3566 437 3635 τὴν
481 3566 579 3636 σὴν
612 3566 806 3630 ἔξοδον.
839 3567 979 3638 Ὅρα
1030 3566 1147 3631 πῶς
1201 3568 1501 3623 άνακτᾶται
1541 3569 1635 3623 τοῦ
1675 3570 1884 3626 δικαίου
1918 3573 2016 3644 τὴν

337 3653 514 3722 ψυχὴν
542 3652 965 3723 ὑπισχνούμενος
1004 3653 1171 3723 αὑτῷ,
1205 3656 1287 3707 ὅτι
1324 3656 1418 3708 καὶ
1440 3654 1516 3727 τῷ
1552 3657 1823 3731 σπέρματι
1849 3659 2015 3713 αὑτοῦ

339 3739 538 3809 πολλὴν
582 3740 808 3809 παρέξει
846 3739 944 3810 τὴν
982 3739 1257 3808 πρόνοιαν.
1294 3742 1405 3795 Καὶ
1446 3742 1530 3806 τίς
1578 3744 1611 3814 ή
1645 3742 1877 3816 δύναμις
1915 3746 2016 3816 τῆς

338 3827 631 3899 διαθήκηςς
687 3828 869 3881 ’Ὥστε
925 3825 1081 3882 εἶναι
1132 3845 1250 3884 σου
1316 3831 1479 3898 Θεὸς,
1538 3833 1690 3903 φησι,
1750 3835 1852 3888 καί
1906 3836 2015 3890 τοῦ

338 3915 681 3985 σπρματός
711 3930 828 3969 σου
866 3916 1017 3986 μετὰ
1048 3918 1145 3972 σέ.
1176 3918 1345 3974 Τοῦτο
1380 3920 1490 3991 γάρ
1528 3938 1609 3974 σοι
1642 3922 1794 3975 ἔσται
1837 3922 1899 3977 τὸ
1925 3941 2016 3977 κε-

340 4003 568 4070 φάλαιον
592 4003 700 4057 τῶν
720 4005 961 4073 ἀγαθῶν,
997 4007 1078 4059 σοί
1110 4024 1170 4060 τε
1203 4008 1296 4060 καὶ
1329 4008 1408 4079 τῷ
1440 4009 1717 4081 σπέρματί
1748 4028 1862 4066 σου.
1903 4012 2013 4067 Καὶ

339 4091 513 4144 δώσω
550 4093 647 4145 σοὶ
684 4094 781 4146 καὶ
823 4092 905 4157 τῷ
950 4094 1247 4163 σπέρματί
1292 4109 1410 4150 σου
1443 4096 1593 4166 μετὰ
1625 4097 1702 4150 σὲ
1733 4098 1847 4167 τὴν
1875 4096 2013 4169 γῆν,

340 4178 419 4247 ἣν
442 4180 763 4247 παροικεῖς,
798 4180 1007 4235 πᾶσαν
1032 4182 1147 4250 τὴν
1178 4182 1296 4254 γῆν
1319 4184 1585 4253 Χαναὰν,
1613 4189 1699 4251 εὶς
1726 4186 2018 4257 κατάσχε-

338 4282 445 4320 σιν
491 4267 749 4321 αἱώνιον’
796 4270 895 4321 καὶ
940 4269 1083 4336 Θεὸς
1133 4270 1348 4340 ἔσομαι
1385 4273 1603 4328 αὐτῶν.
1644 4274 1743 4328 Διά
1778 4276 1878 4348 τὴν
1915 4276 2015 4348 σὴν

339 4356 541 4426 ἀρετὴν
573 4357 665 4408 καὶ
701 4356 751 4407 οί
776 4354 982 4424 ἔκγονοι
1005 4358 1054 4410 οἱ
1077 4359 1159 4411 σοὶ
1189 4359 1553 4414 ἀπολαύσουσι
1580 4362 1679 4433 τῆς
1712 4364 1850 4434 ἐμῆς
1878 4381 2014 4435 προ-

340 4443 508 4506 νοίας,
539 4442 633 4495 καὶ
669 4441 823 4494 δώσω
852 4444 1034 4507 αὑτοῖς
1061 4444 1141 4507 είς
1169 4447 1493 4517 κατάσχεσιν
1534 4447 1751 4501 αἰώνιον
1780 4448 1878 4521 τὴν
1909 4450 2014 4522 γῆν

338 4531 582 4594 Χαναὰν,
608 4532 717 4584 Καὶ
754 4533 966 4600 ἔσομαι
994 4531 1193 4587 αὐτῶν
1225 4537 1367 4600 Θεός
1392 4537 1439 4589 b.
1472 4536 1537 4589 Τί
1570 4539 1705 4601 ἐστι,
1740 4539 1845 4593 Καὶ
1874 4538 2013 4593 ἐσο-

334 4634 442 4687 μαι
490 4617 689 4671 αὐτῶν
721 4619 895 4683 Θεός;
936 4619 1080 4671 Ἀντὶ
1129 4620 1245 4685 τοῦ,
1284 4622 1489 4695 Πολλὴν
1533 4625 1871 4695 ἐπιδείξομαι
1915 4626 2012 4696 τὴν

339 4703 686 4776 κηδεμονίαν,
712 4706 910 4777 πολλὴν
941 4707 1040 4777 τὴν
1076 4708 1353 4777 πρόνοιαν,
1384 4712 1441 4762 ἐν
1468 4712 1670 4764 ἅπασιν
1700 4712 1884 4775 αὑτοῖς
1913 4714 2012 4782 τὴν

339 4793 470 4862 παρ’
501 4793 633 4863 ἐμοῦ
660 4795 977 4864 συμμαχίαν
999 4795 1323 4866 παρέξομαι·
1363 4798 1523 4867 μόνον
1554 4799 1637 4852 Σὺ
1661 4799 1776 4867 τὴν
1807 4799 2012 4869 διαθή-

335 4897 454 4933 κην
487 4899 607 4950 μου
644 4880 1032 4950 διατήρησον,
1072 4884 1152 4936 σὺ
1186 4884 1285 4937 καὶ
1326 4883 1393 4937 τὸ
1433 4886 1670 4956 σπέρμα
1712 4904 1829 4941 σου
1862 4888 2011 4956 μετὰ

336 4966 413 5021 σὲ
442 4971 529 5034 εὶς
564 4970 671 5035 τὰς
713 4972 923 5038 γενεὰς
965 4970 1181 5026 αὐτῶν.
1232 4973 1397 5026 Οὑδὲν
1450 4974 1635 5046 ἕτερον
1696 4975 1823 5049 παρ’
1856 4976 2010 5047 ὑμῶν

336 5057 598 5126 ἐπιζητῶ,
642 5057 674 5127 ἢ
712 5056 809 5128 τὴν
839 5059 1085 5130 ὑπακοὴν
1129 5060 1224 5112 καὶ
1259 5061 1356 5131 τὴν
1384 5061 1822 5134 εὐγνωμοσύνην,
1856 5064 2011 5134 κάγὼ

335 5146 515 5199 πάντα
541 5147 683 5215 ἆπερ
724 5145 1039 5217 ὑπεσχόμην
1072 5147 1151 5210 είς
1184 5148 1344 5218 ἔργον
1380 5150 1511 5214 ἄξω.

404 5236 466 5288 δ’.
488 5229 619 5286 Εἶτα
643 5232 825 5286 λοιπὸν
845 5233 1164 5303 βουλόμενος
1188 5236 1748 5308 ὶδιοποιήσασθαιτοὺς
1768 5238 1827 5304 ἐξ
1845 5239 2007 5296 αὑτοῦ

332 5321 705 5395 τικτομένους,
740 5320 831 5373 καὶ
866 5321 1060 5374 οἰκεῖον
1088 5322 1279 5376 ἐαυτοῦ
1310 5324 1401 5377 τὸν
1424 5324 1548 5378 λαὸν
1570 5327 2005 5398 ἀπεργάσασθαι,

332 5411 426 5462 καὶ
483 5411 570 5462 ἴνα
625 5408 811 5461 λοιπὸν
859 5410 919 5462 τὸ
963 5410 1165 5481 πλῆθος
1218 5413 1588 5484 ἐκτεινόμενον
1639 5416 1714 5487 μὴ
1780 5432 2009 5471 συνανα-

337 5497 632 5565 μιγνύηται
676 5499 789 5559 τοῖς
847 5495 1055 5551 ἔθνεσιν
1115 5498 1365 5563 ἐκείνοις,
1412 5494 1486 5556 ὧν
1516 5503 1614 5573 τὴν
1652 5505 1752 5574 γῆν
1786 5504 2007 5575 ἔμελλον

332 5582 712 5653 κληρονομεῖν,
757 5584 928 5648 ἄλλως
971 5584 1027 5637 δὲ
1072 5586 1165 5639 καὶ
1197 5586 1381 5658 ἐπειδὴ
1412 5589 1549 5659 μετὰ
1578 5590 1752 5645 ταῦτα
1786 5592 2007 5663 ἔμελλον

334 5671 473 5722 κατὰ
501 5672 598 5740 τὴν
628 5671 794 5723 αὑτοῦ
841 5673 1145 5744 πρόρρησιν
1190 5675 1478 5745 ὑπομένειν
1510 5677 1607 5744 τὴν
1650 5681 1706 5732 ἐν
1748 5680 2008 5753 Αίγύπτῳ

334 5756 601 5820 δουλείαν,
619 5758 704 5809 ἵνα
734 5758 805 5828 μὴ
823 5760 915 5811 καὶ
941 5762 998 5812 ὲν
1015 5762 1151 5831 αὑτῇ
1169 5763 1448 5833 γενόμενοι
1467 5767 1883 5839 συναναφυρῶσι
1897 5771 2005 5834 τοῖς

400 5870 593 5947 ςεξιχξι.
623 5878 907 5947 .(‘llquzilnnr
950 5888 1063 5947 quis.
1092 5878 1163 5923 δτι
1204 5882 1609 5947 μεταν-αστῄσεται
1660 5885 1740 5932 καὶ
1775 5885 2001 5947 περάσας.

340 5933 370 5972 ι»
406 5936 457 5980 ιη
488 5932 662 5979 Bibhis
686 5934 868 5992 legitur
909 5937 988 5983 καὶ
1014 5939 1184 5998 ἔσομαι
1207 5932 1382 5998 ἀὑτοῖς
1422 5932 1484 5998 si;
1508 5944 1645 5991 Θεὸν.

1135 374 1193 431 S.
1236 372 1524 430 JOANNIS
1554 374 2043 434 CHRYSOSTOMI
2084 374 2405 432 ABCHIEP.
2445 374 2995 433 CONSTANTINOP.

3707 379 3811 433 566

2128 492 2307 546 ἔθνεσι
2350 496 2464 557 τοῖς
2494 493 2553 546 ἐν
2587 492 2873 563 Αἰγύπτῳ,
2913 489 3147 561 σημείου
3181 489 3339 561 χάριν
3374 490 3473 561 τὴν
3509 494 3811 564 περιτομὴν

2128 581 2206 651 τῷ
2235 582 2429 651 δικαίῳ
2485 581 2853 643 διατάττεται,
2911 581 3006 633 καί
3044 597 3228 649 φησιν’
3267 580 3428 647 Αὕτη
3460 583 3497 649 ἠ
3530 580 3809 650 διαθήκη,

2129 668 2210 736 ἣν
2233 669 2617 737 διατηρήσεις
2645 669 2763 723 ἀνὰ
2784 669 2979 738 μέσον
3011 667 3159 738 ἐμοῦ
3208 666 3306 720 καὶ
3350 667 3538 737 ὑμῶν,
3571 668 3668 721 καί
3693 669 3813 723 ἀνὰ

2121 756 2319 826 μέσον
2356 756 2462 810 τοῦ
2502 755 2847 825 σπέρματός
2880 770 2997 809 σου
3036 754 3188 821 μετὰ
3225 755 3300 807 σὲ
3338 758 3425 821 είς
3452 757 3559 821 τὰς
3601 757 3811 826 γενεὰς

2126 842 2347 898 αὐτῶν.
2378 844 2891 913 Περιτμηθήσεται
2920 842 3087 913 ὑμῶν
3119 842 3242 896 πᾶν
3264 842 3609 910 ἀρσενικόν.
3640 850 3810 914 Περι-

2128 930 2512 999 τμηθιήσεσθε
2536 931 2652 999 τὴν
2673 931 2871 1001 σάρκα
2896 930 3003 999 τῆς
3037 931 3439 997 ἀκροϐυστίας
3468 926 3653 999 ὑμῶν.
3673 930 3809 985 Εἶτα

2129 1017 2217 1071 ἵνα
2256 1019 2440 1089 διδάξῃ
2495 1018 2782 1081 κάκείνους
2836 1018 2930 1071 καὶ
2977 1019 3184 1080 πάντας
3230 1019 3396 1087 ἡμᾶς,
3437 1016 3580 1082 τίνος
3623 1020 3811 1072 ἕνεκεν

2127 1105 2286 1159 τοῦτο
2322 1107 2570 1172 ἐπέταξε,
2602 1106 2697 1159 καὶ
2728 1108 2808 1159 ὅτι
2841 1105 3050 1169 οὑδενὸς
3085 1106 3270 1176 ἐτέρου
3300 1106 3460 1176 χάριν
3490 1106 3650 1159 τοῦτο
3685 1107 3809 1177 βού-

2128 1193 2275 1246 λεται
2300 1194 2571 1261 γίνεσθαι,
2592 1193 2706 1247 ἀλλ’
2737 1193 2770 1264 ἢ
2805 1193 2943 1245 ὥστε
2973 1192 3241 1263 ἐπίσημον
3269 1188 3405 1245 εἶναι
3432 1193 3523 1245 τὸν
3555 1191 3684 1246 λαὸν
3714 1194 3809 1247 τὸν

2127 1282 2277 1351 αὑτῷ
2308 1282 2685 1351 ἀνακείμενον,
2718 1280 2868 1350 φησὶ,
2902 1280 3011 1333 Καὶ
3040 1279 3209 1332 ἔσται
3236 1280 3305 1333 ἐν
3334 1282 3563 1348 σημείῳ
3599 1280 3805 1348 διαθή-

2128 1386 2239 1437 κης
2279 1369 2397 1423 ἀνὰ
2442 1369 2639 1438 μέσον
2679 1367 2825 1436 ἐμοῦ
2866 1368 2964 1420 καὶ
3006 1365 3191 1435 ὑμῶν.
3225 1367 3333 1418 Καὶ
3375 1366 3561 1419 λοιπὸν
3593 1368 3686 1421 καὶ
3713 1370 3808 1422 τὸν

2128 1456 2320 1526 καιρὸν
2352 1456 2713 1518 διατάττεται,
2743 1467 2766 1493 ι·
2799 1455 2921 1508 καθ’
2952 1455 3010 1507 ὃν
3039 1455 3307 1525 προσήκει
3347 1454 3508 1508 τοῦτο
3536 1456 3803 1524 γίνεσθαι.

2126 1544 2376 1596 Παιδίον
2422 1543 2554 1612 γὰρ,
2601 1543 2787 1613 φησὶν,
2834 1542 2985 1595 ὀκτὼ
3028 1540 3264 1610 ἡμερῶν
3305 1543 3807 1611 περιτμηθήσεται

2126 1630 2289 1699 ὑμῖν,
2308 1632 2405 1684 καί
2427 1635 2458 1685 ό
2484 1630 2817 1700 οἰκογενὴς,
2847 1632 2943 1683 καί
2965 1633 2997 1683 ό
3012 1629 3449 1699 ἀργυρώνητος,
3469 1630 3566 1683 καί
3584 1630 3807 1697 πάντες

2129 1720 2524 1785 ἁπαξαπλῶς,
2551 1721 2629 1786 ὡς
2651 1720 2860 1783 εἰπεῖν,
2889 1723 2942 1772 οί
2968 1720 3257 1784 συνόντες
3288 1718 3432 1787 ὑμῖν
3452 1719 3519 1771 τὸ
3553 1720 3809 1787 σημεῖον

2130 1806 2309 1863 τοῦτο
2339 1807 2631 1873 δέξονται.
2651 1811 2757 1866 Καὶ
2777 1812 2946 1876 ὅστις
2961 1810 3034 1864 οὐ
3051 1808 3559 1879 περιτμηθήσεται
3574 1808 3648 1877 τῇ
3662 1809 3811 1878 ὴμέ-

2124 1907 2205 1958 ρᾳ
2216 1891 2286 1959 τῇ
2299 1894 2723 1964 διατεταγμὲνῃ
2735 1937 2746 1956 ,
2762 1894 3363 1963 ὲξολοθρευθήσεται,
3379 1893 3465 1946 ὅτι
3480 1892 3812 1960 τὴνδιαθή-

2129 1989 2247 2041 κην
2252 1995 2372 2046 μου
2395 1979 2806 2034 διεσκέδασεν·
2829 1981 2912 2034 ὅτι
2931 1980 3175 2051 παρέϐη,
3192 1980 3423 2050 φησὶ,τδ
3444 1979 3808 2051 προσταχθέν.

2198 2069 2343 2140 Ὅρα
2386 2070 2577 2137 σοφίαν
2626 2070 2932 2132 Δεσπότου,
2983 2069 3100 2133 πῶς
3146 2068 3301 2129 εἰδὼς
3342 2068 3452 2120 τῶν
3505 2068 3809 2137 μελλόντων

2126 2155 2344 2208 ἔσεσθαι
2378 2156 2438 2208 τὸ
2476 2156 2662 2219 ἀτελὲς
2702 2156 2804 2225 τῆς
2844 2155 3104 2227 γνώμης,
3147 2154 3398 2224 καθάπερ
3438 2156 3651 2224 χαλινόν
3684 2173 3810 2210 τινα

2126 2243 2421 2307 ἐπιτιθεὶς,
2465 2242 2607 2296 οὕτω
2656 2242 2808 2314 [4οη
2852 2244 2911 2296 τὸ
2948 2244 3173 2314 σημεῖον
3227 2242 3385 2295 τοῦτο
3440 2243 3540 2312 τῆς
3593 2259 3814 2314 περιτο-

2130 2331 2238 2401 μῆς
2269 2331 2458 2395 ἔδωκε,
2488 2333 2589 2402 τὴν
2618 2330 2795 2403 ὁρμήν
2831 2330 3010 2386 αὑτῶν
3042 2332 3141 2402 τῆν
3170 2330 3472 2385 ἀκάθεκτον
3499 2332 3809 2397 ἐκκόπτων,

2126 2416 2268 2470 ὥστε
2306 2419 2381 2489 μὴ
2401 2420 2513 2482 τοῖς
2534 2418 2710 2472 ἔθνεσι
2750 2418 3275 2489 συναναμίγνυσθαι.
3313 2417 3531 2488 Ἐπειδὴ
3550 2417 3660 2488 γὰρ
3688 2418 3808 2487 ᾔδει

2124 2504 2304 2557 αὑτῶν
2328 2506 2387 2558 τὸ
2422 2506 2637 2574 λάγνον,
2664 2508 2759 2559 καὶ
2785 2506 2866 2559 ὅτι
2890 2507 2989 2559 οὑκ
3011 2504 3314 2569 ἀνέξονται,
3339 2504 3442 2559 κᾶν
3467 2498 3570 2557 ὦσι
3603 2506 3807 2575 μυριά-

2126 2609 2210 2655 κις
2237 2593 2609 2663 ἐνηχούμενοι,
2633 2594 2966 2664 ἀποσχέσθαι
2990 2596 3089 2663 τῆς
3105 2593 3300 2661 ἀλόγου
3323 2592 3517 2664 ὁρμῆς,
3541 2592 3629 2645 διὰ
3646 2592 3811 2646 τοῦτο

2123 2676 2343 2748 διηνεκῆ
2386 2679 2693 2750 ὑπόμνησιν
2731 2683 2915 2745 αὑτοῖς
2956 2681 3155 2744 διδοὺς,
3187 2680 3438 2750 καθάπερ
3470 2679 3653 2749 δεσμῴ
3697 2697 3809 2732 τινι

2125 2766 2414 2835 περιέϐαλε
2443 2767 2521 2837 τῷ
2562 2768 2771 2838 σημείῳ
2802 2768 2902 2838 τῆς
2940 2768 3264 2839 περιτομῆς,
3307 2768 3464 2837 ὅρους
3494 2768 3676 2830 αὑτοῖς
3709 2767 3810 2820 καὶ

2096 2918 2103 2921 ,
2124 2853 2352 2916 κανόνας
2376 2853 2550 2918 διδοὺς
2580 2855 2654 2925 μὴ
2676 2856 2984 2926 περαιτέρω
3007 2855 3341 2925 προϐαίνειν,
3365 2853 3499 2906 ἀλλά
3523 2854 3683 2924 μέχρι
3705 2854 3805 2907 τοῦ

2124 2939 2322 2991 οἰκείου
2356 2940 2541 3005 ἔθνους
2570 2941 2845 3005 ἵστασθαι,
2877 2942 2971 2994 καὶ
3012 2942 3285 3012 μηδεμίαν
3317 2941 3598 3011 ἐπιμιξίαν
3629 2944 3805 2994 ποιεῖ-

2126 3023 2249 3078 σθαι
2283 3028 2420 3098 πρὸς
2464 3028 2707 3094 τούτους,
2759 3028 2895 3083 ἀλλά
2944 3029 3040 3081 τοῦ
3087 3028 3429 3101 πατριάρχου
3475 3028 3537 3082 τὸ
3580 3028 3805 3099 σπέρμα

2122 3111 2406 3179 διασώζειν
2440 3114 2659 3185 ἀμιγὲς,
2691 3115 2759 3169 ἵν’
2797 3114 2940 3168 οὕτω
2982 3116 3076 3169 καὶ
3108 3116 3177 3169 τά
3208 3115 3309 3186 τῆς
3350 3115 3683 3183 ἐπαγγελίας
3722 3117 3807 3179 είς

2123 3200 2319 3264 αὑτοὺς
2352 3201 2576 3271 ἐκϐῆναι
2598 3201 2819 3272 δυνηθῇ.
2859 3202 2970 3256 Καὶ
3008 3202 3260 3273 καθάπερ
3291 3219 3374 3266 τις
3400 3203 3539 3273 ἀνὴρ
3569 3201 3804 3271 σώφρων

2123 3286 2217 3339 καὶ
2256 3288 2506 3358 ἐπιεικὴς
2537 3288 2824 3358 παιδίσκην
2846 3288 2984 3359 ἔχων
3017 3288 3335 3353 ἀκόλαστον,
3362 3289 3522 3359 ὅρους
3542 3290 3681 3359 αὑτῇ
3705 3289 3803 3342 καὶ

2123 3372 2354 3436 κανόνας
2381 3374 2580 3443 τίθησι,
2612 3375 2881 3445 μηδέποτε
2915 3372 3020 3440 ἔξω
3051 3376 3336 3444 φαίνεσθαι
3368 3377 3476 3429 τῶν
3511 3375 3803 3446 προθύρων

2122 3459 2219 3529 τῆς
2242 3459 2437 3526 οἰκίας,
2466 3462 2599 3531 μηδὲ
2622 3464 2734 3525 τοῖς
2759 3462 3017 3533 παριοῦσι
3048 3462 3352 3532 φαίνεσθαι,
3381 3462 3515 3515 ἀλλὰ
3539 3462 3804 3527 πολλάκις

2122 3547 2218 3599 καὶ
2249 3549 2361 3611 τοῖς
2392 3548 2518 3600 ποσὶ
2543 3548 2718 3618 δεσμὰ
2750 3550 3113 3621 περιτίθησιν,
3145 3550 3213 3604 ἵν’
3237 3549 3381 3603 οὕτω
3411 3550 3802 3620 περιγενέσθαι

2122 3632 2323 3705 δυνηθῇ
2356 3634 2456 3705 τῆς
2484 3635 2686 3706 πολλῆς
2717 3637 3032 3701 ἀκολασίας·
3063 3638 3156 3691 τὸν
3191 3638 3353 3690 αὑτὸν
3383 3637 3447 3708 δὴ
3470 3639 3674 3708 τρόπον
3701 3639 3801 3691 καὶ

2121 3722 2149 3773 ό
2190 3721 2568 3792 φιλάνθρωπος
2608 3725 2906 3796 Δεσπότης,
2940 3725 3191 3797 καθάπερ
3221 3726 3397 3797 δεσμά
3433 3726 3615 3787 ποσὶν,
3654 3725 3803 3779 οὑτω

2120 3806 2181 3860 τὸ
2215 3812 2441 3879 σημεῖον
2470 3810 2573 3880 τῆς
2606 3814 2909 3884 περιτομῆς
2945 3815 3010 3885 τῇ
3054 3816 3217 3884 σαρκὶ
3247 3814 3561 3878 ἐναπέθετο,
3592 3815 3678 3868 ἴνα
3714 3816 3801 3867 0!-

2122 3894 2279 3948 κοθεν
2309 3895 2522 3966 ἔχοντες
2558 3898 2885 3970 ὑπόμνησιν,
2923 3902 3119 3971 μηκέτι
3152 3902 3286 3972 μηδὲ
3304 3903 3403 3974 τῆς
3428 3904 3560 3973 παρ’
3595 3904 3801 3973 ἐτέρων

2121 3980 2347 4035 δέωνται
2368 3983 2738 4049 διδασκαλίας.
2778 3986 2917 4039 Ἀλλ’
2939 3988 2989 4040 οἱ
3010 3988 3324 4058 ἀγνώμονες
3360 3990 3454 4043 καὶ
3478 3989 3801 4059 ἀναίσθητοι

2134 4070 2376 4125 Ἰουδαῖοι
2412 4073 2509 4127 καὶ
2538 4073 2689 4145 παρά
2715 4075 2906 4146 καιρὸν
2928 4076 3022 4131 νῦν
3052 4078 3149 4148 τὴν
3172 4078 3474 4149 περιτομὴν
3501 4079 3800 4148 φυλάσσειν

2123 4154 2422 4226 βούλονται,
2469 4160 2562 4213 καὶ
2604 4161 2857 4232 παιδικὴν
2901 4162 3297 4216 ἐπιδείκνυνται
3344 4163 3587 4235 γνώμην.
3639 4163 3801 4229 Τίνος

2122 4243 2231 4315 γάρ
2275 4245 2481 4310 ἕνεκεν,
2527 4247 2647 4299 είπέ
2700 4265 2811 4318 μοι,
2862 4248 2955 4303 νῦν
3004 4251 3427 4321 περιτέμνεσθαι
3480 4252 3798 4322 βούλονται;

2122 4331 2256 4384 Τότε
2287 4333 2385 4403 μέν
2425 4334 2552 4404 γὰρ,
2600 4335 2688 4388 ἵνα
2735 4336 2811 4406 μὴ
2848 4338 2959 4398 τοῖς
2991 4338 3331 4408 παρανόμοις
3364 4339 3591 4403 ἐκείνοις
3616 4340 3799 4394 ἔθνεσι

2126 4425 2566 4494 συναναφυρῶσι,
2607 4425 2766 4479 τοῦτο
2815 4426 3185 4499 ἐπετάγησανο
3224 4428 3340 4483 νυνὶ
3363 4428 3419 4481 δὲ
3456 4428 3544 4482 διά
3572 4427 3670 4501 τὴν
3697 4430 3799 4485 τοῦ

2119 4509 2255 4563 θεοῦ
2311 4512 2467 4583 χάριν
2526 4511 2746 4565 πάντων
2808 4512 2945 4583 πρὸς
3000 4513 3099 4584 τὴν
3161 4514 3415 4586 ἀλήθειαν
3473 4515 3567 4569 τοῦ
3617 4516 3799 4586 φωτὸς

2119 4599 2663 4669 χειραγωγηθέντων,
2712 4602 2862 4652 ποῖον
2911 4599 3012 4668 τῆς
3069 4602 3370 4672 περιτομῆς
3418 4602 3648 4672 δφελος;
3697 4604 3797 4676 Μὴ

2118 4685 2226 4755 γὰρ
2260 4685 2394 4755 πρὸς
2426 4685 2521 4756 τὴν
2558 4686 2659 4756 τῆς
2701 4686 2878 4757 ψυχῆς
2920 4686 3230 4757 ἐλευθερίαν
3266 4706 3318 4741 τι
3355 4689 3724 4760 συμϐάλλεται
3760 4694 3794 4761 ή

2116 4775 2215 4844 τῆς
2260 4774 2460 4843 σαρκὸς
2508 4774 2796 4840 ἀπόθεσις;
2842 4774 2956 4827 Οὑκ
2995 4775 3233 4845 ἥκουσαν
3281 4777 3468 4845 σαφῶς
3514 4777 3609 4831 τοῦ
3654 4777 3794 4831 Θεοῦ

2117 4858 2384 4927 λέγοντος,
2423 4861 2536 4914 Καὶ
2578 4861 2748 4915 ἔσται
2782 4862 2854 4915 ἐν
2891 4862 3119 4930 σημείῳ
3156 4863 3465 4932 διαθήκης,
3510 4869 3798 4937 μονονουχὶ

2116 4944 2443 5011 δεικνύντος,
2509 4948 2590 5000 ὅτι
2659 4945 2747 5001 διά
2801 4948 2897 5019 τὴν
2958 4949 3158 5020 πολλὴν
3225 4951 3403 5004 αὑτῶν
3469 4953 3795 5022 ἀγνωμοσύ-

2116 5049 2215 5103 νην
2270 5033 2365 5086 τοῦ
2412 5036 2641 5106 σημείου
2684 5035 3018 5107 ἐδεήθησαν;
3055 5037 3211 5091 Οὕτω
3266 5037 3373 5109 γὰρ
3421 5038 3516 5092 καὶ
3551 5040 3642 5092 ἐπὶ
3681 5042 3795 5094 τῶν

2116 5120 2472 5191 ἀνθρωπίνων
2531 5123 2790 5187 πολλάκις
2838 5125 3047 5192 γίνεται
3118 5127 3480 5196 πραγμάτων.
3541 5127 3795 5182 Ἐπειδὰν

2118 5207 2193 5279 μὴ
2229 5208 2518 5280 θαρρῶμέν
2562 5228 2691 5274 τισι,
2730 5216 2952 5282 σημεῖον
2995 5212 3253 5284 ἐνεχὺρου
3296 5216 3455 5285 χάριν
3492 5214 3793 5285 λαμϐάνειν

2116 5298 2243 5367 παρ’
2287 5300 2464 5351 αὑτῶν
2508 5301 2914 5372 σπουδάζομεν·
2950 5302 3093 5354 οὑτω
3128 5304 3222 5356 καὶ
3255 5303 3283 5354 ό
3324 5303 3433 5357 τῶν
3481 5304 3619 5357 ὅλων
3656 5304 3792 5370 Θεὸς

2115 5384 2270 5447 είδὼς
2292 5386 2470 5439 αὑτῶν
2495 5389 2592 5456 τῆς
2616 5388 2845 5460 γνώμης
2871 5389 2969 5459 τὴν
2997 5389 3270 5453 εὐκολίαν,
3293 5391 3354 5442 τὸ
3386 5394 3610 5461 σημεῖον
3627 5391 3792 5446 τοῦτο

2116 5472 2244 5540 παρ’
2298 5472 2477 5525 αὑτῶν
2521 5474 2820 5545 ἀπαιτῆσαι
2860 5475 3202 5539 κατεδέξατο,
3251 5476 3349 5546 οὑχ
3392 5477 3480 5530 ἵνα
3523 5477 3790 5547 διηνεκῶς

2118 5558 2252 5629 μένῃ
2298 5560 2359 5612 τὸ
2390 5564 2617 5630 σημεῖον
2644 5562 2825 5625 τοῦτο,
2867 5562 2981 5615 ἀλλ’
3011 5562 3096 5614 ἵνα
3120 5562 3227 5615 τῶν
3258 5564 3378 5615 τότε
3406 5563 3555 5627 τέλος
3584 5564 3789 5635 λαμϐα-

2114 5650 2313 5703 νόντων
2332 5652 2426 5704 καὶ
2449 5654 2482 5722 ή
2508 5652 2602 5704 τοῦ
2628 5655 2854 5724 σημείου
2886 5654 3044 5725 χρεία
3070 5653 3415 5725 περιαιρεθῇ.
3441 5654 3652 5725 ’Ὠσπερ
3677 5655 3788 5728 γάρ

2113 5737 2239 5790 ὅταν
2268 5740 2493 5809 σημεῖόν
2538 5758 2680 5805 τινες
2711 5741 3009 5806 ἀπαιτῶσι,
3062 5741 3157 5795 καὶ
3198 5741 3453 5812 ἐνέχυρον
3491 5742 3785 5813 βούλωνται

2118 5887 2339 6014 milia;
2352 5891 2601 6003 fyqnlulum
2618 5894 2807 5947 variant
2822 5894 2870 5943 in
2894 5891 3190 5943 editionibus
3209 5888 3361 5942 τῶνο
3375 5892 3401 5941 ’.
3423 5892 3623 5953 V.pref.
3645 5892 3791 5941 Tomi

2266 5986 2277 6011 ,
2412 5988 2425 6002 .

2266 5986 2425 6011 ιδινο
