4092 6408
349 406 455 464 565

348 521 510 579 modo
534 531 589 579 et
615 521 929 593 patriarcha:
963 537 1157 579 nomen
1186 532 1433 594 parentes
1461 522 1798 587 indiderant,
1823 529 1936 576 sta-

347 615 443 669 tim
467 614 535 669 ab
560 615 709 677 initio
748 614 1080 671 declarantes
1102 615 1275 685 ipsum
1315 616 1652 685 peregrinum
1693 612 1844 680 fore,
1881 622 1938 668 et

350 708 697 762 transiturum
728 706 925 762 flumen
950 748 967 774 ,
1009 715 1067 761 ut
1117 707 1171 761 in
1212 714 1409 761 terram
1434 706 1663 761 alienam
1703 706 1930 761 veniret.

348 797 609 865 Quoniam
641 797 831 868 igitur,
861 797 1068 867 inquit,
1102 812 1297 852 nomen
1322 811 1353 851 a
1394 796 1700 866 parentibus
1730 794 1823 849 tibi
1854 794 1936 849 in-

349 890 519 945 ditum
548 889 673 944 illud
703 888 1127 960 praesigniﬁcavit
1146 931 1161 957 ,
1193 898 1247 945 te
1270 888 1415 957 inde
1442 888 1546 943 huc
1590 886 1933 943 transiturum

348 996 470 1036 esse
498 999 512 1035 :
543 981 726 1051 accipe
746 990 802 1037 et
831 981 987 1036 unius
1015 981 1265 1037 elementi
1308 980 1632 1035 additionem
1651 1020 1668 1046 ,
1699 988 1758 1033 ut
1793 978 1935 1034 scias

349 1072 453 1126 hoc
475 1072 567 1126 tibi
595 1071 877 1137 declarari,
909 1081 961 1127 te
987 1072 1271 1128 multarum
1292 1072 1530 1142 gentium
1560 1070 1673 1127 fore
1702 1079 1932 1141 patrem.

350 1163 418 1219 Et
444 1164 568 1219 vide
610 1180 768 1234 quam
817 1173 1065 1221 accurate
1108 1165 1177 1220 sit
1211 1165 1480 1236 loquutus.
1507 1163 1624 1219 Non
1653 1163 1787 1219 dixit
1812 1179 1934 1219 om-

347 1257 494 1311 nium
540 1259 813 1327 gentium,
866 1256 961 1313 sed
1014 1257 1297 1312 Multarum
1345 1258 1761 1329 gentium:nam
1811 1256 1933 1327 quia

348 1358 504 1403 erant
528 1358 582 1403 et
619 1348 739 1403 alia:
772 1357 959 1419 gentes
986 1348 1109 1404 inde
1134 1348 1487 1419 expellendae,
1513 1358 1570 1401 ut
1599 1363 1780 1403 semen
1804 1347 1932 1417 justi

349 1441 701 1498 hereditatem
744 1443 1041 1513 acciperet.
1066 1441 1187 1499 ideo
1215 1442 1378 1507 dicit,
1405 1440 1612 1495 Patrem
1658 1442 1933 1495 niultarum

351 1536 573 1607 gentium
598 1536 834 1590 constitui
861 1544 929 1590 te.
956 1535 1173 1600 Sciens,
1208 1535 1411 1605 inquit,
1452 1544 1555 1589 tua:
1586 1535 1792 1589 virtutis
1817 1549 1933 1587 ma-

346 1628 676 1698 gnitudinem
700 1669 717 1695 ,
745 1629 1030 1683 multarum
1060 1629 1294 1700 gentium
1324 1627 1599 1682 doctorem
1633 1638 1683 1682 te
1703 1624 1889 1681 faciam
1915 1664 1931 1690 ,

347 1720 418 1775 Et
447 1737 667 1775 crescere
697 1730 745 1775 te
771 1720 960 1790 faciam
989 1736 1050 1774 ac
1090 1719 1419 1790 multiplicari
1460 1720 1639 1783 valde,
1672 1719 1817 1771 valde
1844 1733 1863 1771 :
1888 1728 1934 1771 et

349 1829 537 1882 ponam
560 1822 605 1867 te
622 1812 675 1865 in
703 1822 872 1882 gentes
893 1854 908 1878 ,
931 1822 978 1865 et
1001 1827 1141 1882 reges
1168 1827 1232 1864 ea:
1259 1819 1305 1864 te
1337 1809 1672 1881 egredientur.
1702 1808 1780 1864 Ne
1811 1824 1934 1876 per-

348 1905 612 1959 functorie
642 1914 974 1960 transeamus
991 1919 1109 1974 qua:
1133 1904 1400 1967 dicuntur,
1418 1902 1771 1958 dilectissimi.
1800 1901 1932 1957 Nam

348 1997 394 2050 si
419 1996 832 2066 cogitaverimus
871 1994 1191 2065 patriarcha:
1217 2003 1429 2049 aetatem
1454 2035 1470 2060 ,
1498 2003 1552 2049 et
1574 2009 1695 2049 eum
1735 1992 1851 2048 haec
1879 1995 1932 2048 in

350 2098 592 2144 extrema
620 2099 835 2144 senecta
860 2089 1074 2143 audisse
1096 2130 1114 2153 ,
1155 2085 1738 2157 obstupescemusjusti
1766 2086 1935 2140 virtu-

351 2189 480 2246 tem,
511 2190 567 2235 et
593 2180 805 2250 benigni
841 2181 933 2234 Dei
959 2179 1209 2235 eximiam
1241 2178 1529 2248 potentiam
1560 2194 1574 2230 :
1606 2177 1727 2247 quia
1748 2192 1817 2232 ex
1846 2177 1937 2231 ho-

350 2273 495 2326 mine
543 2271 951 2341 propemodum
980 2280 1220 2336 mortuo,
1278 2280 1335 2326 et
1378 2269 1634 2325 membris
1661 2268 1931 2334 invalido,

348 2362 437 2433 qui
479 2370 535 2418 et
571 2361 808 2432 quotidie
853 2370 1076 2417 mortem
1104 2377 1212 2431 pne
1252 2361 1424 2417 oculis
1449 2360 1853 2431 imaginabatur,
1881 2361 1931 2413 in

349 2462 554 2509 tantum
582 2464 794 2508 auctum
818 2453 882 2507 iri
905 2452 1218 2523 significavit
1240 2465 1423 2507 semen
1444 2492 1460 2516 ,
1490 2459 1550 2505 ut
1574 2459 1632 2506 et
1658 2450 1711 2504 in
1741 2450 1934 2504 multas

349 2554 538 2616 gentes
562 2545 754 2611 exiret;
778 2560 952 2614 neque
975 2544 1027 2598 id
1054 2544 1251 2610 solum,
1278 2541 1373 2599 sed
1402 2543 1563 2598 etiam
1590 2555 1746 2612 rcges
1773 2556 1837 2596 ex
1868 2555 1935 2596 eo

350 2635 753 2705 egrederentur.
814 2635 1003 2690 Vidisti
1071 2633 1442 2704 promissionis
1500 2632 1934 2687 incrementum?

348 2727 565 2782 Faciam
607 2736 653 2782 te
681 2743 899 2781 crescere
920 2769 934 2790 ,
969 2726 1176 2797 inquit,
1207 2725 1354 2779 valde
1374 2765 1390 2792 ,
1420 2724 1585 2779 valde.
1617 2723 1934 2794 Duplicatio-

350 2834 473 2874 nem
497 2819 654 2889 hujus
681 2818 918 2875 adverbii
944 2834 1049 2872 non
1079 2817 1271 2872 frustra
1299 2816 1496 2886 adjecit
1520 2858 1536 2883 ,
1563 2816 1659 2872 sed
1686 2827 1743 2870 ut
1767 2816 1933 2886 signi-

351 2910 473 2966 ﬁcet
499 2927 565 2966 ex
589 2912 736 2980 justo
780 2911 969 2965 miram
1013 2908 1403 2964 multitudinem
1432 2908 1751 2964 exeundam.
1792 2908 1938 2977 Quo-

350 3003 491 3057 niam
522 3004 682 3073 igitur
698 3018 794 3073 per
813 3002 1060 3058 elementi
1079 3000 1428 3067 additionem,
1445 3001 1597 3072 quasi
1618 3002 1672 3056 in
1688 3000 1935 3056 columna

350 3094 578 3163 quadam
602 3136 619 3161 ,
649 3093 989 3150 indelebilem
1009 3094 1415 3163 promissionem
1444 3094 1493 3148 ei
1514 3093 1801 3163 inscripsit,
1831 3092 1933 3149 ite-

351 3200 468 3240 rum
493 3185 621 3241 dicit
655 3205 669 3241 :
700 3187 754 3241 7.
785 3185 854 3241 Et
878 3195 1097 3241 statuam
1122 3194 1469 3240 testamentum
1509 3201 1675 3239 meum
1696 3187 1828 3239 inter
1852 3194 1934 3251 te,

352 3287 398 3332 et
439 3278 569 3333 inter
589 3295 759 3334 semen
784 3290 924 3333 tuum
967 3288 1077 3350 post
1106 3288 1154 3333 te
1191 3280 1247 3332 in
1284 3278 1626 3349 generationes
1655 3294 1858 3345 eorum,
1882 3280 1937 3331 in

352 3380 703 3425 testamentum
744 3372 1101 3441 sempiternum
1120 3407 1136 3436 ,
1167 3379 1220 3423 ut
1262 3369 1357 3423 sim
1384 3368 1521 3423 Deus
1549 3378 1682 3423 tuus.
1707 3368 1820 3423 Non
1844 3382 1937 3423 so-

354 3461 465 3517 lum
491 3477 617 3532 erga
647 3470 700 3518 te
737 3477 983 3532 magnam
1021 3460 1308 3516 declarabo
1334 3460 1721 3531 providentiam
1761 3467 1817 3515 et
1838 3473 1936 3514 cu-

352 3570 491 3621 ram,
513 3553 607 3610 sed
632 3564 687 3610 et
710 3569 834 3624 erga
859 3568 1045 3609 semen
1073 3564 1217 3607 tuum
1240 3593 1256 3619 ,
1295 3562 1348 3608 et
1372 3561 1491 3623 post
1516 3561 1661 3607 tuam
1684 3560 1935 3607 mortem.

357 3645 490 3700 Vide
516 3645 787 3715 quomodo
803 3655 1008 3701 recreet
1032 3645 1263 3699 animam
1278 3644 1427 3715 justi,
1459 3644 1776 3714 promittens
1797 3642 1847 3698 ei
1877 3657 1939 3698 se

354 3737 576 3792 seminis
609 3752 821 3808 quoque
867 3737 984 3807 ejus
1018 3738 1237 3793 multam
1288 3751 1470 3792 curam
1512 3735 1837 3791 habiturum.
1868 3733 1939 3789 Et

353 3845 475 3901 qua:
500 3832 666 3885 virtus
706 3832 1047 3887 testamenti?
1080 3832 1149 3888 Ut
1172 3833 1269 3886 sim
1293 3830 1433 3885 Deus
1462 3840 1577 3886 tuus
1599 3870 1616 3897 ,
1657 3829 1827 3900 inquit
1848 3869 1864 3896 ,
1890 3836 1938 3883 et

355 3923 563 3977 seminis
609 3925 682 3977 tui
726 3934 839 3994 post
863 3932 929 3977 te.
955 3923 1065 3978 Hoc
1098 3925 1241 3979 enim
1268 3924 1372 3978 erit
1398 3923 1490 3978 tibi
1517 3931 1573 3977 et
1612 3921 1802 3976 semini
1845 3928 1939 3974 tuo

355 4026 515 4085 caput
559 4016 841 4072 honorum.
886 4018 940 4073 8.
970 4016 1035 4070 Et
1066 4017 1196 4072 dabo
1225 4016 1312 4070 tibi
1337 4027 1385 4071 et
1435 4016 1613 4070 semini
1637 4026 1723 4069 tuo
1750 4022 1863 4083 post
1892 4022 1939 4067 te

358 4118 543 4161 terram
567 4109 620 4161 in
645 4124 745 4179 qua
774 4109 1064 4180 peregrinus
1092 4126 1145 4163 es
1166 4150 1182 4175 ,
1214 4125 1412 4162 onmem
1442 4118 1628 4162 terrant
1652 4106 1899 4161 Chanaan
1918 4143 1935 4169 ,

354 4202 411 4255 in
437 4202 798 4272 possessionem
823 4204 1202 4273 sempiternam;
1227 4211 1274 4255 et
1303 4217 1388 4255 ero
1416 4217 1588 4255 eorum
1614 4199 1772 4253 Deus.
1810 4199 1940 4252 Pro-

359 4302 477 4362 pter
503 4302 644 4348 tuam
668 4335 682 4361 ,
716 4294 919 4364 inquit,
947 4295 1195 4349 virtutem
1228 4293 1423 4363 posteri
1449 4308 1659 4363 quoque
1696 4292 1771 4345 tui
1822 4305 1938 4344 mea

358 4383 600 4439 fruentur
643 4385 976 4455 providentia
1002 4426 1016 4448 ,
1043 4394 1099 4441 et
1135 4384 1276 4441 dabo
1323 4385 1403 4441 eis
1453 4386 1503 4438 in
1545 4382 1939 4454 possessionem

357 4483 614 4528 aeternam
644 4483 841 4530 terram
867 4473 1140 4540 Chanaan,
1163 4475 1233 4528 Et
1257 4490 1344 4530 ero
1371 4491 1544 4528 eorum
1564 4473 1703 4529 Deus
1730 4474 1771 4526 ³.
1799 4470 1941 4539 Quid

358 4573 472 4629 est,
500 4563 567 4618 Et
592 4581 675 4619 ero
705 4582 876 4619 eorum
908 4564 1085 4620 Deus?
1112 4565 1227 4621 Hoc
1256 4573 1369 4630 est,
1392 4564 1608 4619 Multam
1638 4579 1726 4619 me
1750 4578 1936 4619 eorum

357 4669 542 4710 curam
592 4664 646 4709 et
673 4656 1058 4725 providentiam
1098 4656 1293 4711 habere
1322 4655 1599 4711 ostendam
1620 4697 1635 4721 ,
1663 4663 1716 4710 et
1764 4669 1940 4709 meum

359 4746 412 4801 in
435 4746 681 4801 omnibus
721 4747 1016 4802 subsidium
1047 4748 1149 4803 illis
1178 4747 1461 4818 pnestabo.
1492 4747 1719 4802 Tantum
1773 4748 1827 4802 9.
1864 4745 1941 4800 Tu

360 4849 711 4893 testamentum
754 4857 918 4893 meum
955 4841 1160 4894 observa
1183 4882 1198 4907 ,
1228 4851 1275 4894 et
1306 4856 1473 4894 semen
1499 4850 1637 4893 tuum
1668 4850 1780 4910 post
1810 4851 1858 4895 te
1888 4841 1942 4895 in

359 4930 764 5001 generationibus
806 4946 1000 4985 eorum.
1045 4930 1190 4985 Nihil
1233 4932 1376 4986 aliud
1424 4947 1454 4986 a
1484 4933 1635 4987 vobis
1684 4933 1939 5001 requiro,

359 5037 519 5092 quam
545 5022 899 5079 obedientiam
939 5035 1216 5095 gratumve
1241 5025 1475 5080 animum
1501 5067 1516 5090 ,
1549 5036 1602 5080 et
1626 5041 1725 5097 ego
1762 5027 1941 5082 omnia

360 5128 709 5185 quaecumque
728 5117 993 5187 pollicitus
1016 5134 1135 5173 sum
1160 5135 1321 5189 opere
1354 5119 1653 5189 complebo.

430 5208 485 5262 4.
511 5208 729 5279 Insuper
755 5210 937 5266 volens
963 5226 1057 5266 eos
1095 5213 1182 5282 qui
1212 5227 1277 5267 ex
1308 5212 1426 5282 ipso
1468 5213 1721 5269 nascituri
1757 5224 1940 5282 erant,

360 5300 684 5369 peculiarem
723 5317 877 5357 suum
927 5302 1105 5358 facere
1143 5304 1394 5375 populum
1424 5323 1436 5360 :
1465 5315 1524 5361 ut
1570 5315 1753 5375 pOStea
1779 5348 1793 5371 ,
1820 5322 1942 5362 cum

358 5393 644 5449 multitudo
696 5402 1098 5463 prOpagaretur.
1138 5409 1243 5450 non
1276 5411 1334 5450 se
1368 5384 1611 5466 gentibus
1645 5398 1749 5451 illis
1772 5440 1785 5460 ,
1813 5412 1945 5467 qua-

358 5502 479 5542 rum
510 5484 863 5539 hereditatem
887 5493 1208 5553 occupatura
1229 5496 1380 5549 erat,
1412 5487 1787 5543 commisceret
1816 5503 1833 5546 ;
1857 5488 1940 5542 in-

359 5591 663 5646 superque,
711 5577 834 5646 quia
886 5574 1181 5630 secundum
1233 5576 1633 5645 praedictionem
1686 5594 1836 5635 suam
1886 5580 1941 5632 in

368 5666 597 5738 IEgypto
620 5669 866 5723 servituri
891 5677 1064 5733 erant;
1092 5677 1146 5723 ut
1176 5684 1243 5725 ne
1265 5670 1507 5739 gentibus
1527 5673 1942 5726 connnisccren-

424 5822 439 5855 ⁸
465 5820 519 5871 In
544 5820 927 5890 Bibliisiegitur,
950 5832 994 5877 et
1008 5838 1093 5876 ero
1108 5825 1177 5878 eis
1197 5824 1247 5876 in
1274 5833 1440 5877 Deum.

1378 407 1445 463 1N
1481 406 1633 463 CAP.
1672 402 1837 461 XVII.
1864 402 2111 461 GENES.
2154 403 2385 463 HOMIL.
2427 408 2673 468 XXXIX.

3528 424 3633 482 560

2043 528 2129 577 tur
2166 524 2218 578 in
2249 524 2515 599 .‘Egypto,
2546 531 3007 594 circumcisionem
3037 582 3051 605 ,
3079 542 3214 612 signi
3257 547 3457 615 gratia,
3485 549 3632 618 justo

2043 615 2283 711 praecipit
2326 628 2382 673 et
2419 620 2589 692 inquit
2618 640 2632 677 :
2666 625 2752 681 ω.
2784 625 2900 683 Hoc
2943 642 3019 685 est
3061 643 3414 693 testamentum
3446 642 3463 673 ¹
3486 615 3633 711 quod

2040 709 2261 764 servabis
2284 711 2413 766 inter
2432 730 2511 769 me
2543 726 2591 771 et
2616 735 2725 787 vos,
2745 731 2791 775 et
2818 722 2955 778 inter
2979 742 3146 781 semen
3177 739 3315 784 tuum
3344 745 3458 801 post
3486 709 3535 790 te
3572 742 3630 794 in

2039 804 2449 870 generationibus
2492 809 2712 867 illorum.
2766 811 3167 874 Circumcidetur
3208 824 3260 876 in
3301 826 3436 883 vobis
3478 842 3633 884 omne

2040 892 2397 987 masculinum.
2432 899 2519 954 Η.
2550 900 2928 963 Circumcidetis
2954 926 3158 967 carnem
3186 920 3419 987 prteputii
3450 923 3621 977 vestri.

2042 980 2244 1039 Deinde
2284 995 2338 1041 ut
2379 987 2567 1045 doceat
2606 1003 2661 1049 et
2686 995 2806 1051 illos
2852 1008 2909 1054 et
2949 1016 3135 1059 omnes
3177 980 3304 1073 nos,
3331 1024 3493 1080 quare
3523 1014 3626 1069 hoc

2039 1080 2371 1147 praeceperit,
2401 1090 2455 1138 et
2479 1097 2538 1138 se
2568 1101 2675 1141 non
2707 1088 2926 1147 alterius
2950 1096 3245 1166 cujuspiam
3275 1103 3441 1170 gratia
3472 1105 3522 1160 id
3553 1104 3626 1161 ih-

2039 1180 2162 1267 cere
2182 1209 2195 1233 ,
2219 1184 2378 1239 quam
2407 1182 2468 1228 ut
2505 1186 2649 1232 esset
2674 1180 2973 1252 assignatus
2998 1196 3053 1241 et
3078 1188 3175 1244 sibi
3201 1204 3507 1263 segregatus
3530 1213 3625 1267 po-

2038 1261 2216 1330 pulus.
2245 1264 2453 1335 inquit,
2490 1267 2555 1321 Et
2583 1271 2676 1324 erit
2695 1272 2747 1325 in
2772 1275 2971 1346 signum
3001 1284 3282 1336 testamenti
3306 1261 3435 1341 inter
3471 1261 3550 1342 me
3578 1298 3626 1344 et

2039 1368 2146 1407 vos.
2189 1354 2255 1409 Et
2284 1368 2465 1426 postea
2511 1363 2670 1417 etiam
2697 1365 2763 1419 de
2794 1376 3035 1438 tempore
3058 1372 3315 1442 imperat,
3347 1392 3454 1448 quo
3495 1396 3625 1436 con-

2039 1448 2219 1502 veniat
2243 1449 2347 1506 huc
2369 1450 2504 1507 ﬁeri.
2534 1455 2621 1509 12.
2649 1454 2861 1513 Puellus
2882 1463 3035 1528 enim,
3064 1464 3263 1535 inquit,
3291 1480 3402 1523 octo
3428 1471 3623 1527 dierum

2038 1539 2423 1625 circumcidetur
2436 1545 2590 1614 vobis,
2612 1558 2661 1602 et
2687 1553 2982 1608 vernaculus
3003 1595 3018 1621 ,
3043 1566 3091 1609 et
3113 1560 3369 1628 emptitius
3396 1576 3416 1616 :
3444 1573 3490 1617 et
3514 1578 3623 1618 om-

2040 1650 2127 1688 nes
2151 1635 2205 1688 in
2228 1652 2449 1705 summa,
2480 1652 2535 1694 ut
2562 1643 2633 1696 ita
2656 1645 2824 1699 dicam
2848 1688 2862 1707 .
2884 1650 2970 1719 qui
2997 1652 3137 1719 apud
3161 1670 3246 1709 vos
3271 1666 3405 1721 sunt,
3433 1659 3528 1712 hoc
3552 1663 3623 1714 si-

2038 1741 2194 1794 gnum
2236 1730 2529 1799 suscipient.
2554 1734 2642 1787 14.
2672 1734 2739 1788 Et
2769 1738 2995 1808 quisquis
3020 1758 3120 1796 non
3162 1745 3546 1803 circumcidetur
3569 1751 3622 1804 in

2038 1817 2120 1870 die
2173 1820 2437 1876 constituto
2459 1865 2476 1892 ,
2523 1825 2760 1894 perdetur
2804 1845 2823 1882 :
2872 1831 2994 1900 quia
3052 1842 3401 1891 testamentum
3452 1855 3620 1896 meum

2039 1909 2342 1980 dissipavit;
2391 1917 2513 1986 quia
2566 1929 2926 1993 transgressus
2973 1937 3095 1994 est,
3149 1931 3361 2000 inquit,
3415 1948 3619 2003 praece-

2038 2009 2208 2069 ptum.

2070 2094 2172 2150 Cur
2183 2100 2809 2165 circumcisionemludteis
2827 2109 3119 2177 imposuerit
3132 2107 3621 2173 Deus.Gircumcisio

2037 2185 2169 2240 nihil
2191 2187 2376 2243 anima:
2401 2196 2595 2263 confert
2618 2193 2754 2249 boni.
2777 2226 2849 2236 —
2878 2198 3012 2255 Vide
3041 2203 3357 2270 sapientiam
3386 2207 3619 2275 Domini,

2037 2277 2305 2343 quomodo
2321 2295 2443 2336 cum
2459 2284 2621 2340 sciret
2636 2287 2971 2357 imperfectas
2986 2301 3037 2347 et
3058 2308 3250 2363 pravas
3269 2311 3456 2353 eorum
3471 2315 3626 2356 meu-

2038 2377 2120 2463 tes
2142 2369 2364 2438 futuras,
2382 2375 2590 2446 signum
2610 2379 3029 2441 circumcisionis
3048 2388 3198 2457 quasi
3221 2386 3432 2446 frenum
3454 2394 3626 2463 quod-

2038 2459 2161 2517 dam
2192 2464 2471 2535 imposuit,
2503 2470 2569 2524 ad
2602 2471 2887 2530 indomitos
2908 2492 3096 2534 eorum
3118 2481 3347 2552 impetus
3366 2459 3623 2543 cohiben-

2038 2553 2157 2618 dos,
2185 2567 2241 2611 ut
2266 2573 2333 2613 ne
2350 2562 2593 2629 gentibus
2615 2567 3105 2625 commiscerentur.
3129 2571 3259 2627 Nam
3281 2575 3402 2644 quia
3423 2577 3625 2633 sciebat

2038 2660 2223 2701 eorum
2241 2648 2532 2715 lasciviam,
2564 2664 2619 2709 et
2637 2670 2751 2721 eos,
2778 2657 2902 2714 licet
2922 2660 3172 2718 inlinities
3198 2668 3450 2735 monitos,
3474 2676 3533 2723 ut
3552 2669 3623 2723 ab

2039 2735 2224 2794 illicito
2245 2741 2444 2810 impetu
2461 2743 2785 2803 abstinerent
2803 2790 2819 2815 ,
2849 2749 3157 2809 obedituros
3186 2770 3290 2811 non
3308 2772 3427 2813 esse
3455 2774 3469 2812 :
3502 2759 3623 2815 ideo

2038 2827 2164 2883 dato
2186 2830 2265 2886 eis
2284 2844 2538 2903 perpetuo
2557 2841 2874 2905 memoriali,
2902 2842 3084 2912 injecit
3102 2845 3181 2900 eis
3200 2848 3621 2907 circumcisionis

2038 2921 2268 2992 signum,
2300 2926 2449 2994 quasi
2477 2926 2749 2984 vinculum
2775 2931 3063 3001 quoddam,
3093 2936 3345 3009 deditque
3368 2941 3447 2995 eis
3472 2940 3621 3013 leges

2038 3021 2095 3068 et
2117 3015 2346 3085 regulas,
2380 3017 2516 3074 ultra
2542 3035 2677 3091 quas
2703 3025 2929 3080 transire
2957 3028 3035 3081 eis
3064 3042 3170 3082 non
3202 3029 3404 3096 liceret.
3436 3043 3492 3087 ut
3523 3047 3619 3088 sua

2038 3115 2196 3177 gente
2218 3112 2453 3165 contenti
2480 3122 2679 3179 essent,
2708 3124 2763 3168 et
2786 3117 2935 3172 nullo
2958 3119 3118 3175 modo
3143 3136 3264 3177 cum
3292 3126 3537 3194 gentibus
3561 3140 3622 3185 se

2039 3198 2483 3267 commiscerent;
2519 3202 2613 3259 sed
2639 3207 2954 3275 patriarchae
2990 3224 3173 3267 semen
3224 3213 3621 3285 impermixtum

2040 3299 2282 3345 maneret
2307 3301 2365 3346 ut
2392 3293 2469 3348 sic
2497 3302 2553 3350 et
2593 3298 2852 3365 promissa
2892 3299 2946 3355 in
2972 3302 3052 3357 eis
3075 3305 3332 3375 compleri
3381 3320 3621 3378 possent.

2040 3381 2110 3437 Et
2134 3386 2584 3451 quemadmodum
2608 3389 2689 3443 vir
2712 3391 2903 3461 aliquis
2932 3403 3232 3465 temperans
3258 3409 3312 3454 et
3343 3400 3499 3470 lenis,
3526 3416 3625 3463 an-

2040 3471 2216 3563 cillam
2259 3474 2463 3531 habens
2513 3480 2840 3548 petulantem
2866 3525 2881 3547 ,
2915 3488 3171 3542 terminos
3213 3500 3267 3544 et
3309 3494 3521 3563 regulas
3549 3495 3623 3551 illi

2041 3561 2166 3630 dat,
2192 3580 2259 3620 ne
2299 3581 2548 3637 umquam
2579 3578 2730 3624 extra
2751 3573 3008 3629 vestibula
3042 3578 3282 3646 prodeat,
3306 3561 3477 3653 neque
3501 3598 3621 3639 cum

2041 3660 2483 3727 praetereuntibus
2508 3666 2807 3732 conveniat,
2837 3667 2944 3723 imo
2972 3685 3371 3741 nonnumquam
3400 3674 3624 3743 pedibus

2040 3750 2328 3820 compedes
2362 3752 2542 3821 addit,
2576 3763 2633 3810 ut
2662 3758 2741 3812 sic
2782 3758 2923 3814 illius
2965 3760 3427 3831 intemperantiam
3461 3780 3619 3822 coer-

2041 3856 2165 3898 cere
2190 3844 2364 3900 valeat
2394 3861 2408 3900 :
2437 3846 2506 3902 ita
2535 3859 2589 3902 et
2616 3849 2875 3921 benignus
2905 3851 3161 3915 Dominus
3204 3857 3625 3915 circumcisionis

2042 3933 2250 4005 signum
2290 3937 2436 3990 carni
2460 3952 2643 3993 eorum
2690 3938 2914 4004 indidit,
2937 3943 3089 4012 quasi
3113 3944 3335 4013 pedibus
3353 3947 3621 4003 vinculum

2042 4025 2329 4095 quoddam,
2360 4039 2418 4082 ut
2436 4028 2785 4085 domesticum
2810 4031 3067 4089 habentes
3094 4033 3327 4106 signum,
3355 4052 3462 4093 non
3488 4040 3626 4095 ultra

2044 4117 2284 4174 doctrina
2326 4121 2549 4176 aliorum
2580 4137 2715 4193 opus
2746 4123 3022 4180 haberent.
3050 4126 3210 4197 Atqui
3236 4126 3425 4197 ingrati
3448 4128 3627 4185 insen—

2044 4210 2253 4280 salique
2298 4210 2469 4266 Judmi
2524 4212 2687 4267 etiam
2739 4229 2918 4282 nunc,
2945 4230 3067 4271 cum
3112 4225 3326 4287 tempus
3361 4232 3467 4273 non
3509 4228 3623 4285 est,

2044 4302 2504 4358 circumcisionem
2544 4320 2759 4361 servare
2810 4306 3023 4372 volunt,
3053 4309 3420 4380 puerilemque
3451 4310 3630 4366 decla-

2043 4404 2166 4449 rant
2192 4406 2447 4451 mentem.
2480 4396 2643 4466 Cujus
2671 4398 2814 4453 enim
2839 4399 2915 4453 rei
2937 4400 3106 4469 gratia
3127 4442 3141 4466 ,
3169 4399 3256 4454 die
3294 4400 3423 4457 mihi
3446 4442 3461 4464 ,
3489 4417 3629 4457 nunc

2045 4487 2349 4542 circumcidi
2379 4487 2605 4543 volunt?
2627 4487 2759 4543 Nam
2813 4500 2938 4545 tunc
2965 4491 3179 4561 quidem
3204 4536 3219 4557 ,
3242 4501 3303 4548 ut
3346 4509 3414 4548 ne
3454 4494 3631 4564 impiis

2045 4580 2150 4635 illis
2173 4581 2420 4651 gentibus
2439 4596 2499 4638 se
2517 4584 2949 4651 commiscerent,
2979 4584 3082 4639 hoc
3105 4586 3157 4639 in
3186 4586 3449 4641 mandatis
3472 4601 3629 4642 acce-

2046 4682 2236 4742 perant
2269 4690 2283 4726 :
2308 4688 2450 4728 nunc
2473 4683 2651 4730 autem
2689 4691 2786 4745 per
2810 4676 2904 4731 Dei
2932 4677 3157 4746 gratiam
3184 4677 3430 4733 omnibus
3457 4679 3524 4732 ad
3552 4679 3634 4733 lu~

2046 4778 2163 4819 cem
2188 4765 2428 4820 veritatis
2453 4767 2694 4823 adductis
2713 4809 2727 4833 ,
2755 4783 2875 4838 qute
2920 4768 3340 4825 circumcisionis
3380 4770 3579 4826 utilitas
3606 4771 3630 4825 ἲ

2046 4856 2313 4927 Numquid
2353 4859 2418 4913 ad
2449 4860 2644 4914 animae
2668 4860 2964 4916 libertatem
3002 4859 3200 4931 aliquid
3223 4862 3431 4917 oonfert
3454 4863 3632 4918 carnis

2046 4949 2352 5020 depositio?
2377 4949 2493 5005 Non
2515 4951 2799 5006 audierunt
2821 4951 3100 5007 manifeste
3132 4952 3297 5008 Deum
3319 4953 3584 5011 dicentem
3612 4970 3626 5008 ε

2048 5040 2116 5096 Et
2144 5044 2237 5097 erit
2290 5044 2343 5097 in
2390 5043 2591 5114 signum
2620 5045 2943 5098 testamenti:
2978 5044 3128 5114 quasi
3175 5044 3630 5100 demoustrantem

2048 5132 2194 5202 ipsos
2217 5134 2288 5190 ob
2315 5134 2535 5189 multam
2565 5134 2865 5189 socordiam
2900 5134 2992 5189 tali
3028 5135 3181 5206 signo
3204 5135 3527 5206 indiguisse?
3554 5136 3631 5192 Ita

2048 5226 2190 5280 enim
2219 5235 2276 5281 et
2314 5226 2372 5280 in
2413 5225 2659 5280 humanis
2689 5225 2849 5280 rebus
2893 5240 3290 5297 nonnumquam
3327 5228 3439 5282 lieri
3470 5227 3629 5283 solet.

2048 5316 2272 5385 Quando
2306 5333 2412 5372 non
2442 5318 2699 5373 habemus
2720 5317 2982 5388 aliquibus
3002 5319 3185 5386 fidem,
3207 5334 3455 5375 curamus
3481 5329 3539 5374 ut
3565 5321 3635 5379 ab

2048 5410 2179 5479 ipsis
2217 5409 2424 5479 signum
2470 5410 2709 5479 pignoris
2746 5409 2865 5465 loco
2918 5411 3237 5481 recipiamus
3265 5430 3279 5466 :
3306 5412 3552 5468 similiter
3580 5422 3637 5468 et

2050 5501 2286 5553 omnium
2337 5500 2593 5554 Dominus
2641 5501 2815 5556 sciens
2855 5501 3091 5571 ipsorum
3136 5501 3299 5557 animi
3330 5502 3638 5557 inconstan-

2053 5593 2176 5647 tiam
2194 5633 2209 5658 ,
2243 5593 2344 5648 hoc
2372 5593 2438 5647 ab
2462 5594 2541 5647 eis
2579 5593 2788 5664 signum
2832 5602 3016 5664 petere
3044 5595 3208 5651 voluit
3233 5613 3248 5651 :
3276 5610 3383 5651 non
3411 5606 3468 5650 ut
3488 5610 3630 5650 sem-

2114 5762 2131 5826 ξ
2166 5767 2284 5826 νος.
2320 5763 2672 5826 testamentu_m._
2709 5756 2786 5805 hic
2824 5756 3027 5826 intelligi
3061 5756 3231 5826 debet,
3251 5761 3443 5818 pactum
3463 5752 3635 5819 findus,

2053 5822 2188 5889 cujus
2209 5821 2401 5887 signum
2424 5827 2475 5872 et
2491 5820 2757 5885 symbolum
2782 5826 2888 5870 erat
2908 5820 3230 5869 circumcisio.
