4092 6408
447 387 551 444 36?

447 516 542 571 per
569 508 784 557 maneat
804 500 1014 571 signum
1037 498 1141 555 hoc
1162 539 1178 567 ,
1197 499 1291 554 sed
1321 510 1376 553 ut
1398 510 1677 569 postquam
1705 498 1919 568 antiqua
1947 494 2037 548 illa

450 592 612 649 finem
655 592 981 663 acceperint,
1008 602 1063 647 et
1090 592 1227 662 signi
1258 605 1387 645 usus
1412 590 1703 644 auferatur.
1735 587 1867 643 Nam
1900 587 2040 642 sicut

444 688 536 759 qui
564 687 773 757 signum
796 695 1086 757 expetunt,
1113 695 1168 740 et
1187 686 1376 756 pignus
1403 684 1649 752 accipere
1682 684 1889 745 volunt,
1916 694 2039 735 cum

446 778 717 849 negotium
763 778 1055 848 perfectum
1097 775 1291 839 fuerit,
1322 785 1446 830 tunc
1481 785 1533 829 et
1559 775 1768 844 signum
1802 772 1992 827 tollunt
2022 788 2038 825 :

444 874 518 926 ita
538 873 699 926 etiam
730 870 816 926 hic
839 886 960 925 cum
984 912 999 933 ,
1038 879 1098 925 ut
1140 870 1366 940 papulas
1388 868 1477 922 ille
1507 875 1657 921 ortus
1677 884 1706 920 a
1740 863 2040 934 patriarcha

442 966 765 1035 conspicuus
815 964 1007 1027 fieret,
1051 963 1259 1035 signum
1304 960 1407 1016 hoc
1455 960 1593 1029 apud
1634 960 1769 1015 vos‘
1801 958 2044 1013 introdu-

443 1065 589 1110 ctum
612 1056 703 1123 sit,
732 1055 1015 1126 oportebat
1032 1064 1308 1125 postquam
1329 1062 1515 1122 gentes
1538 1051 1640 1105 illa:
1670 1059 1888 1119 propter
1908 1064 2042 1119 quas

443 1148 653 1219 signum
703 1148 985 1219 accepistis
1008 1189 1025 1215 ,
1060 1148 1251 1218 partim
1282 1145 1474 1202 deleta:
1507 1155 1630 1198 sunt
1657 1180 1671 1210 ,
1701 1143 1890 1213 partim
1920 1152 2040 1211 post

444 1240 566 1295 illos
590 1240 657 1295 ad
686 1242 923 1295 veritatis
945 1241 1115 1295 lucem
1134 1248 1474 1295 accesserunt
1498 1280 1512 1303 ,
1543 1253 1647 1291 non
1669 1239 1779 1307 jam
1807 1236 2038 1307 amplius

444 1333 672 1403 propria:
703 1332 1056 1403 improbitatis
1100 1331 1351 1386 indicium
1377 1329 1721 1385 circumferre
1740 1371 1755 1391 ,
1787 1328 1880 1382 sed
1910 1329 2041 1383 Iibe-

444 1438 535 1478 ros
560 1439 711 1490 esse,
736 1435 792 1478 et
834 1424 899 1479 ad
932 1425 1207 1493 pristinam
1242 1424 1570 1489 nobilitatem
1603 1422 1798 1476 redire.
1853 1419 2037 1491 Cogita

444 1517 589 1571 enim
640 1517 894 1571 eximium
928 1516 1075 1570 illum
1106 1515 1463 1586 patriarcltatn
1488 1558 1502 1581 ,
1535 1517 1845 1586 priusquam
1897 1513 2039 1566 acci-

443 1617 595 1676 peret
624 1608 1048 1663 circumcisionis
1090 1608 1398 1662 mandatum
1442 1606 1755 1675 (nonaginta
1805 1594 1947 1660 enim
1983 1614 2039 1659 et

441 1716 634 1756 novem
660 1716 921 1755 annorum
950 1709 1066 1755 erat
1092 1700 1305 1771 quando
1350 1700 1452 1755 hoc
1479 1700 1527 1755 ei
1556 1706 1879 1769 praeceptum
1909 1696 2032 1767 est).

440 1801 715 1862 acceptum
739 1792 902 1847 fuisse
926 1792 1056 1856 Deo,
1086 1802 1140 1847 et
1162 1791 1464 1847 sexcenties
1488 1807 1517 1845 a
1549 1791 1773 1845 Domino
1800 1789 2039 1845 celebra-

441 1897 574 1941 tum.
603 1885 668 1940 Et
684 1886 804 1954 quia
830 1885 1138 1956 propediem
1158 1885 1537 1955 promissiones
1554 1894 1708 1940 crant
1730 1884 2033 1954 implendm,

441 1977 850 2048 nasciturusque
878 1976 1023 2032 Isaac
1046 2018 1063 2045 ,
1086 1987 1140 2031 et
1166 1976 1465 2047 augendum
1494 1992 1662 2048 genus
1680 2017 1698 2043 ,
1729 1987 1781 2031 et
1811 1976 2035 2046 patriar-

438 2067 556 2123 cltte
595 2067 964 2138 emigrandum
1011 2078 1128 2123 erat
1155 2084 1221 2123 ex
1249 2066 1349 2124 hac
1382 2068 1487 2123 vita
1508 2109 1525 2133 ,
1556 2079 1679 2122 tunc
1705 2069 1917 2123 demum
1944 2082 2038 2123 ac-

438 2160 566 2231 cipit
595 2161 903 2216 maudatnm
950 2159 1415 2227 circumcisionis,
1447 2168 1502 2215 et
1524 2159 1576 2214 in
1607 2160 1692 2214 tali
1721 2169 1881 2216 mtate
1924 2162 2036 2215 cir-

439 2252 780 2318 cumciditur,
800 2261 858 2306 ut
883 2251 1113 2323 posteris
1134 2251 1380 2327 omnibus
1408 2251 1489 2306 lex
1514 2250 1756 2321 quaedam
1774 2261 1829 2307 et
1853 2252 2035 2324 regula

441 2343 634 2400 fierent
658 2359 721 2400 ea
750 2358 870 2414 quae
902 2340 1199 2414 patriarcha
1230 2343 1374 2412 prior
1398 2341 1618 2398 fecerat.

509 2435 565 2491 5.
600 2434 669 2489 Et
714 2446 771 2489 ut
816 2434 1093 2490 evidenter
1126 2434 1344 2489 discatis
1369 2475 1386 2503 ,
1415 2434 1637 2503 dilecti,
1665 2434 1767 2490 hoc
1811 2435 1941 2490 nihil
1969 2434 2036 2490 ad

438 2525 631 2581 animae
654 2526 898 2581 virtutem
916 2525 1240 2591 conducere,
1265 2525 1414 2581 exiis
1429 2541 1546 2595 quae
1571 2524 1712 2581 facta
1727 2536 1850 2580 sunt
1869 2525 2037 2581 videri

438 2626 634 2688 potest.
661 2619 768 2673 Cur
786 2619 927 2677 enim
949 2618 1041 2683 ait,
1070 2618 1195 2673 Octo
1219 2620 1413 2673 dierum
1433 2620 1604 2691 infans
1631 2620 2040 2675 circuntcidetur?

439 2710 673 2781 Tempus
689 2709 967 2766 definitum
989 2726 1110 2767 esse
1130 2726 1158 2765 a
1182 2711 1409 2782 benigno
1428 2712 1536 2767 Deo
1555 2712 1761 2767 duabus
1782 2713 1848 2768 de
1862 2714 2038 2768 causis

443 2804 636 2873 opinor
664 2821 678 2859 :
708 2819 813 2858 una
837 2844 852 2868 ,
882 2813 940 2859 ιιι
970 2804 1023 2859 in
1053 2815 1213 2861 aetate
1243 2804 1521 2860 immatura
1565 2806 1771 2860 facilius
1800 2821 2033 2863 ctrcum-

439 2894 658 2950 cisionis
691 2895 743 2950 itt
773 2910 936 2952 carne
963 2896 1264 2952 molestiam
1306 2896 1449 2953 ferre
1478 2908 1688 2967 posset;
1718 2899 1821 2952 alia
1863 2907 1920 2953 nt
1944 2914 2034 2954 re-

440 2985 541 3040 bus
570 2984 699 3056 ipsis
734 2986 1064 3043 disceremus
1093 2987 1144 3042 id
1171 2988 1367 3042 anima:
1396 2989 1529 3043 nihil
1568 2989 1893 3055 conducere,
1939 2991 2033 3045 sed

439 3074 543 3131 hoc
572 3076 684 3131 ﬁeri
712 3077 848 3148 signi
876 3080 1063 3149 gratia.
1097 3079 1235 3134 l’uer
1259 3080 1403 3134 enim
1432 3079 1748 3135 immaturus
1769 3125 1783 3147 ,
1815 3097 1941 3137 cum
1967 3098 2033 3139 ea

441 3186 561 3239 qua:
590 3169 723 3224 ﬁunt
754 3172 983 3241 ignorat,
1011 3188 1183 3239 neque
1209 3187 1423 3227 sensum
1452 3188 1637 3227 eorum
1662 3174 1842 3237 habet,
1875 3190 2035 3245 quam

442 3259 567 3315 inde
610 3262 661 3315 in
703 3263 879 3316 anima
923 3276 1016 3315 sua
1058 3263 1336 3317 utilitatem
1378 3266 1619 3333 accipere
1661 3266 1900 3335 poterit?
1940 3266 2033 3322 Ilia

439 3351 583 3406 enim
620 3359 746 3406 sunt
773 3366 898 3406 vere
925 3352 1062 3407 b0ua
1090 3368 1251 3421 Opera
1281 3353 1473 3409 anima:
1492 3396 1506 3418 ,
1539 3370 1657 3425 qua:
1685 3371 1751 3410 ex
1776 3356 2036 3413 electione

442 3445 596 3497 tittnt.
626 3441 833 3497 Animae
861 3444 1003 3499 enim
1027 3445 1222 3498 bonum
1250 3460 1384 3514 opus
1413 3455 1497 3501 est
1526 3446 1771 3502 virtutem
1799 3448 1997 3518 eligere
2016 3489 2034 3514 ,

440 3542 497 3589 et
517 3533 771 3588 malitiam
794 3532 1007 3605 fugere;
1030 3536 1223 3590 anima:
1243 3535 1443 3590 bonum
1464 3552 1595 3607 Opus
1616 3548 1721 3605 est,
1743 3555 1847 3593 non
1876 3539 2037 3595 modo

443 3641 550 3679 non
583 3626 731 3695 plura
754 3641 913 3697 quam
945 3636 1157 3699 oportet
1182 3629 1564 3698 concupiscere
1586 3671 1603 3696 ,
1636 3629 1730 3685 sed
1766 3631 1925 3685 etiam
1952 3630 2034 3685 fa-

441 3715 668 3771 cultates
707 3715 942 3773 tribuere
986 3717 1389 3786 indigentibus;
1436 3720 1630 3774 anima:
1667 3719 1864 3775 bonum
1904 3737 2036 3792 opus

440 3816 525 3861 est
546 3846 562 3873 ,
596 3822 702 3861 non
726 3806 994 3863 addictum
1034 3823 1155 3864 esse
1198 3808 1359 3865 rebus
1401 3810 1787 3882 praesentibus,
1820 3813 1914 3868 sed
1944 3828 2036 3869 eas

446 3898 661 3967 quidem
689 3899 966 3969 despicere
986 3940 1002 3965 ,
1035 3899 1241 3956 futuras
1278 3911 1456 3957 autem
1486 3904 1741 3958 continuo
1774 3905 1825 3958 in
1855 3905 2036 3961 animo

442 3990 663 4046 habere.
688 3990 745 4045 In
774 4006 933 4071 carne
956 3990 1087 4048 vero
1113 3992 1323 4063 signum
1351 3994 1617 4065 accipere,
1646 3996 1806 4066 quale
1832 3996 2032 4052 bonum

442 4096 577 4151 opus
617 4080 819 4161 fuerit?
847 4082 1044 4138 Verum
1088 4083 1279 4152 ingrati
1321 4084 1396 4139 illi
1440 4092 1495 4139 et
1540 4086 1796 4141 insensati
1821 4087 2035 4154 Judaei,

442 4173 685 4242 quamvis
706 4173 815 4243 jam
838 4174 1071 4229 illuxcrit
1092 4175 1313 4243 veritas,
1340 4174 1514 4231 adhuc
1542 4176 1592 4230 iu
1616 4180 1801 4232 umbra
1827 4178 2040 4249 sedent,

443 4273 499 4318 et
527 4267 775 4335 quamvis
805 4266 885 4321 sol
902 4266 1121 4336 justitia:
1143 4252 1421 4333 ail'ulserit,
1451 4269 1539 4337 qui
1562 4268 1697 4323 lucis
1723 4286 1833 4325 suae
1857 4270 2038 4328 radios

444 4355 679 4427 undique
702 4357 898 4422 emisit,
920 4358 1094 4413 adhuc
1122 4358 1431 4415 lucernariae
1457 4361 1559 4415 luci
1587 4370 1714 4417 sunt
1736 4363 1929 4419 addicti
1951 4382 1966 4432 ;
1987 4374 2042 4421 et

444 4449 686 4519 quamvis
734 4450 804 4503 sit
847 4459 1055 4517 tempus
1101 4461 1157 4504 ut
1199 4451 1370 4506 solido
1407 4461 1693 4522 pascantur
1736 4454 1891 4523 cibo,
1940 4457 2039 4528 ipsi

444 4542 621 4595 adhuc
642 4541 775 4596 lacte
804 4543 1151 4608 nutriuntur;
1179 4558 1352 4613 neque
1374 4544 1581 4598 beatum
1609 4546 1827 4602 Paulum
1855 4551 2041 4606 audire

443 4632 629 4688 volunt
650 4632 963 4689 clamantem
980 4648 1033 4689 et
1050 4634 1312 4689 dicentem
1332 4634 1399 4690 de
1418 4637 1713 4705 patriarcha
1733 4638 1827 4695 :Et
1842 4643 2041 4712 signum

446 4726 636 4795 accepit
660 4724 1083 4797 circumcisionis,
1108 4725 1425 4797 signaculum
1439 4727 1660 4797 justitite
1681 4730 1802 4797 ﬁdei
1825 4748 1939 4801 qua’
1967 4744 2040 4788 est

446 4816 499 4868 in
521 4815 778 4886 praeputio
800 4814 985 4885 (Rom.
1016 4815 1071 4870 4.
1095 4816 1156 4871 Η
1183 4817 1221 4884 ).
1255 4814 1389 4871 Vide
1407 4819 1674 4889 quomodo
1699 4829 1921 4892 utraque
1940 4839 2040 4880 nos

446 4906 648 4975 docuit,
681 4917 736 4964 et
761 4908 935 4979 ipsum
963 4906 1234 4979 accepisse
1260 4908 1396 4980 signi
1420 4910 1537 4965 loco
1556 4912 2037 4981 circumcisionem,

446 5010 651 5057 etcum
697 5004 1044 5075 praeputiatus
1088 5010 1207 5057 erat
1231 5044 1246 5069 ,
1271 5002 1530 5073 justitiam
1568 5021 1687 5075 quae
1725 5018 1807 5062 est
1845 5023 1908 5064 ex
1938 5007 2041 5065 fide

444 5093 763 5148 ostendisse.
792 5092 923 5147 Nam
951 5107 1018 5147 ne
1049 5093 1383 5164 impudenter
1403 5093 1617 5149 Jttdzeus
1638 5090 1783 5152 dicat
1813 5116 1827 5153 :
1853 5097 2041 5154 Nonne

445 5186 784 5243 circumcisio
829 5186 878 5241 ei
917 5185 1177 5256 justitiam
1222 5188 1565 5243 conciliavit?
1610 5189 1808 5245 idcirco
1854 5191 2041 5249 beatus

450 5280 541 5335 ille
566 5279 633 5333 ad
660 5279 823 5348 pedes
853 5270 1160 5335 Gamaliclis
1192 5280 1433 5337 eruditus
1461 5281 1612 5353 (Act.
1648 5282 1736 5337 22.
1766 5285 1801 5339 5
1820 5285 1837 5354 )
1858 5324 1873 5351 ,
1905 5294 1959 5340 et
1988 5286 2042 5341 in

446 5371 563 5443 lege
605 5370 844 5442 apprime
892 5371 1162 5427 institutus
1184 5414 1198 5435 ,
1232 5368 1400 5442 inquit
1434 5392 1446 5428 :
1476 5372 1553 5428 Ne
1588 5376 1781 5442 putetis
1805 5415 1821 5440 ,
1866 5377 2041 5447 impu-

448 5464 637 5520 dentes
660 5462 852 5531 Judmi,
880 5462 1337 5517 circumcisiouem
1361 5463 1458 5532 ipsi
1480 5463 1678 5534 aliquid
1698 5465 1764 5519 ad
1781 5466 2041 5535 justitiam

448 5555 738 5611 contulisse
766 5571 780 5609 :
804 5568 928 5609 nam
956 5567 1076 5607 eum
1098 5553 1193 5606 illo
1216 5560 1453 5623 tempore
1479 5554 1722 5624 prmputii
1752 5555 1908 5612 fidem
1932 5572 2042 5627 prae

514 5712 531 5742 ί
565 5709 749 5784 savll.,_
772 5709 841 5762 ita
875 5710 1021 5763 etiam
1067 5708 1166 5784 Ich
1205 5723 1333 5782 cum,
1369 5715 1421 5759 ut
1457 5710 1834 5784 distingueretur
1880 5727 2042 5784 sent-on

445 5771 672 5830 Abram,
705 5780 750 5824 ct
774 5785 864 5823 non
888 5786 996 5823 cum
1018 5771 1233 5837 gentibus
1256 5772 1556 5848 misceretur,
1584 5771 1773 5841 signum
1796 5776 1885 5828 hoc
1908 5772 2039 5843 apud

447 5849 529 5884 1'03
536 5871 548 5883 .

1174 384 1232 441 S.
1273 383 1551 441 JOANNIS
1590 380 2063 439 CIIRYSOSTOMI
2105 380 2425 438 ΑιιειιιΕΡ.
2466 384 2999 441 (ΣΟΝΞΤΑΝΤΙΝΟΡ.

3642 393 3750 449 368

2144 508 2204 547 se
2231 492 2431 561 ferret,
2478 498 2680 552 audivit
2709 515 2724 553 :
2756 498 2980 554 Credidit
3011 510 3179 554 autem
3214 502 3472 558 Abraham
3510 503 3658 572 Deo,
3699 518 3748 561 et

2145 597 2435 656 reputatum
2467 600 2537 643 est
2565 592 2610 644 ei
2635 591 2687 644 in
2702 592 2958 661 justitiam
2988 593 3181 665 (Rom.
3214 596 3268 649 4.
3297 596 3394 666 5).
3425 596 3556 652 Cum
3589 600 3751 669 igitur

2146 687 2293 734 esset
2326 678 2438 749 jam
2471 681 2647 749 justus
2690 683 2760 737 ob
2799 698 2950 738 suam
2999 685 3052 739 iu
3085 685 3254 743 Deum
3305 688 3510 755 ﬁdem,
3540 700 3664 746 tunc
3692 694 3748 747 iu

2146 769 2355 840 signum
2386 772 2849 829 circumcisionem
2887 778 3093 846 accepit
3125 794 3139 830 :
3167 789 3223 832 et
3266 779 3494 848 primum
3531 784 3747 851 quidem

2148 863 2350 917 nomini
2380 864 2497 934 ejus
2526 865 2678 920 litera
2705 866 2949 933 additur,
2969 869 3167 925 deinde
3195 882 3375 926 autem
3407 873 3750 929 circumcisio

2148 954 2473 1023 imperatur:
2507 972 2613 1027 quo
2633 959 2869 1013 ostendit
2895 960 3037 1015 Deus
3062 976 3123 1016 se
3142 962 3211 1015 ob
3242 964 3461 1019 multam
3494 965 3748 1022 virtutem

2140 1046 2342 1116 justum
2369 1049 2710 1117 peculiariter
2734 1051 3019 1121 adoptasse
3043 1080 3057 1118 θ
3087 1062 3140 1109 et
3166 1064 3388 1125 propter
3414 1057 3558 1111 illum
3585 1060 3748 1113 etiam

2146 1154 2241 1193 eos
2266 1141 2354 1209 qui
2384 1155 2450 1195 ex
2476 1156 2542 1195 eo
2569 1143 2819 1197 nascituri
2849 1153 3022 1198 erant.
3053 1146 3119 1201 Et
3144 1149 3592 1217 quemadmodum
3623 1152 3749 1206 cuni

2145 1232 2266 1301 quis
2295 1248 2516 1288 servum
2560 1237 2983 1305 comparaverit;
3028 1246 3224 1293 nomen
3254 1240 3371 1308 ejus
3410 1252 3464 1295 et
3503 1241 3744 1297 habitum

2145 1338 2289 1394 sa‘pe
2321 1325 2588 1389 immutat,
2615 1328 2901 1397 omniaque
2931 1328 3077 1395 facit,
3108 1340 3166 1384 ιιι
3186 1331 3387 1385 sciatur
3418 1334 3582 1401 ipsius
3602 1350 3747 1396 esse;

2146 1431 2209 1471 ac
2233 1419 2332 1472 sub
2374 1418 2531 1487 cujus
2556 1420 2624 1472 sit
2654 1420 2925 1475 dominatu
2957 1432 3067 1491 pra:
3088 1437 3151 1478 se
3179 1422 3314 1478 ferat
3346 1440 3359 1475 :
3394 1425 3464 1478 ita
3495 1426 3748 1480 nimirum

2142 1521 2199 1564 ct
2227 1512 2465 1565 omnium
2497 1513 2785 1581 Dominus,
2812 1516 2961 1585 quasi
2990 1516 3213 1585 posthac
3239 1524 3488 1585 separare
3516 1533 3610 1572 eos
3648 1534 3746 1573 vo—

2144 1604 2261 1659 lens
2302 1605 2370 1659 ab
2401 1605 2519 1660 aliis
2545 1606 2847 1661 hominibus
2869 1649 2882 1670 ,
2910 1608 3117 1678 adjecta
3145 1608 3358 1678 quidem
3392 1610 3542 1664 litera
3569 1609 3751 1665 decla-

2143 1695 2279 1750 ravit
2300 1696 2445 1751 illum
2469 1697 2752 1752 multorum
2778 1699 3089 1769 populorum
3116 1701 3234 1755 fore
3257 1711 3459 1770 patrem
3481 1718 3495 1765 ;
3519 1702 3748 1756 circum-

2142 1789 2345 1843 cisioue
2372 1797 2549 1843 autem
2569 1789 2683 1858 ejus
2707 1791 2959 1859 populum
2988 1790 3297 1847 distinctum
3320 1792 3453 1857 fore,
3482 1803 3537 1848 et
3560 1808 3746 1850 semen

2142 1895 2208 1935 ex
2235 1895 2299 1934 eo
2320 1880 2646 1935 nasciturum
2666 1881 2734 1936 ab
2752 1881 2869 1936 aliis
2888 1882 3135 1952 gentibus
3156 1892 3569 1953 sequestratum.
3591 1883 3748 1951 Quod

2142 1975 2186 2028 si
2231 1982 2285 2029 et
2330 1974 2407 2028 illi
2436 1974 2506 2029 ob
2548 1975 2845 2031 caecitatem
2891 1989 3042 2031 suam
3081 1974 3255 2031 adhuc
3292 1991 3510 2032 servare
3559 1979 3749 2033 volunt

2141 2066 2319 2119 carnis
2346 2065 2831 2135 circumcisiouem,
2865 2081 2972 2122 non
2990 2066 3270 2124 audientes
3301 2068 3493 2124 iterum
3518 2068 3739 2124 Paulum

2142 2155 2406 2211 dicentem
2428 2175 2440 2211 :
2461 2157 2523 2212 Si
2532 2158 2970 2223 circumcidimini,
2988 2157 3216 2214 Christus
3229 2160 3355 2212 niltil
3377 2159 3511 2213 vobis
3524 2160 3749 2229 proderit

2144 2247 2358 2319 (Galat.
2392 2250 2445 2305 5.
2476 2248 2550 2321 2)
2583 2250 2747 2323 (nam
2786 2260 3006 2321 propter
3043 2250 3160 2306 haec
3200 2249 3415 2305 advenit
3445 2251 3699 2305 Dominus
3727 2280 3746 2315 ,-

2143 2349 2203 2393 ut
2230 2339 2409 2394 omnia
2440 2340 2528 2395 illa
2556 2340 2787 2406 tolleret,
2819 2351 2980 2412 atque
3008 2341 3128 2396 ideo
3154 2350 3320 2395 totam
3352 2342 3523 2410 legem
3557 2341 3747 2411 imple-

2142 2431 2241 2498 vit,
2275 2440 2332 2486 ut
2351 2430 2484 2502 legis
2511 2431 2817 2488 observatio
2846 2433 3005 2488 tinem
3024 2432 3249 2488 haberet
3275 2448 3290 2489 :
3314 2431 3514 2487 ideirco
3535 2431 3748 2488 dicebat

2142 2521 2331 2577 beatus
2352 2522 2546 2577 Paulus
2573 2538 2586 2575 :
2613 2522 2925 2591 Quicumque
2943 2523 2996 2576 in
3016 2522 3506 2595 lcgejustiﬁcamini,
3530 2538 3563 2574 a
3582 2523 3751 2593 gratia

2144 2616 2402 2671 etcidistis
2430 2615 2594 2689 [μία.
2625 2632 2674 2670 υ.
2706 2613 2845 2689 ι]);
2890 2630 3078 2671 verum
3118 2628 3221 2670 nos
3258 2628 3542 2686 pareamus
3589 2616 3748 2670 beato

2144 2706 2289 2773 huic,
2312 2716 2488 2763 etnon
2507 2705 2861 2761 tuanufactam
2878 2706 3342 2762 circumeisionem
3362 2706 3744 2774 suscipiamus.

2146 2801 2285 2857 Dicit
2307 2801 2453 2856 enim
2472 2841 2487 2867 ,
2517 2800 2586 2855 In
2609 2816 2708 2871 quo
2741 2800 3025 2854 circumcisi
3066 2800 3183 2854 estis
3216 2799 3598 2852 circumcisione
3638 2816 3743 2852 non

2144 2895 2458 2963 manufacta,
2502 2894 2557 2948 in
2580 2892 2949 2963 despoliatione
2978 2900 3302 2963 peccatorum
3332 2893 3500 2945 carnis
3520 2933 3534 2955 ,
3566 2894 3619 2945 in
3645 2894 3749 2945 cir-

2142 2986 2445 3041 cumcisione
2469 2986 2655 3043 Christi
2681 2987 2913 3057 (Coloss.
2945 2985 2999 3039 Ξ.
3030 2986 3091 3041 Η
3114 2986 3154 3054 ).
3189 2985 3392 3040 Deinde
3415 2986 3616 3041 docens
3646 3000 3749 3040 nos

2145 3079 2455 3149 diligentius
2501 3078 2627 3148 quid
2658 3078 2727 3132 sit
2769 3076 3073 3147 ejusmodi,
3102 3076 3436 3133 circumcisio
3458 3117 3474 3140 ,
3522 3076 3698 3132 subdit
3733 3097 3748 3133 :

2143 3173 2437 3245 Cousepulti
2488 3174 2532 3227 ci
2558 3175 2613 3226 in
2651 3170 2898 3243 baptismo
2931 3169 3107 3245 (Ibid.
3159 3186 3208 3226 υ.
3256 3170 3381 3241 i2).
3421 3170 3568 3227 Sicut
3601 3171 3747 3226 enim

2144 3265 2262 3321 illos
2286 3262 2703 3320 circumcisionis
2733 3264 2946 3334 signum
2968 3263 3035 3316 ab
3078 3263 3198 3318 aliis
3223 3262 3468 3333 gentibus
3498 3268 3748 3333 segrega-

2141 3356 2265 3423 bat,
2290 3364 2346 3412 et
2369 3354 2769 3411 demonstrabat
2794 3368 2890 3409 eos
2935 3354 3279 3424 peculiariter
3316 3353 3381 3408 ad
3411 3354 3575 3408 Deum
3621 3368 3749 3424 per-

2145 3449 2314 3503 tinere
2357 3464 2371 3502 :
2402 3445 2564 3501 simili
2596 3445 2756 3500 modo
2782 3446 2945 3501 etiam
2984 3444 3125 3515 apud
3152 3460 3250 3500 nos
3289 3445 3624 3500 circumcisio
3654 3450 3749 3514 per

2143 3540 2464 3611 baptismum
2489 3537 2873 3593 evidentiorem
2890 3537 3015 3591 facit
3038 3536 3431 3606 separationem
3463 3544 3517 3590 et
3540 3536 3749 3590 discre-

2140 3630 2343 3687 tionem
2368 3628 2604 3685 tidelium
2630 3638 2684 3685 et
2713 3628 3027 3684 infidelium.
3058 3628 3197 3684 Dicit
3223 3629 3367 3685 enim
3396 3646 3410 3681 :
3450 3627 3629 3698 Inque
3648 3629 3750 3682 cir-

2143 3722 2352 3777 cumcisi
2362 3722 2479 3777 estis
2494 3721 2871 3775 circumcisione
2881 3736 2980 3775 non
2994 3721 3304 3789 manufacta,
3324 3719 3377 3774 in
3388 3720 3755 3789 dexpoliationc

2145 3826 2463 3887 peccatorum
2482 3815 2671 3870 carnis.
2706 3814 2839 3870 Nam
2867 3814 2921 3872 id
2947 3814 3091 3885 quod
3118 3814 3227 3870 illic
3241 3823 3495 3883 operatur
3514 3813 3748 3867 circum-

2142 3909 2277 3965 cisio
2298 3909 2350 3963 in
2368 3908 2755 3979 depositiouem
2777 3907 3084 3975 carnis,hoc
3111 3907 3201 3963 hic
3235 3907 3344 3976 agit
3371 3905 3667 3977 haptismus
3694 3907 3753 3961 in

2145 4000 2535 4070 depositionem
2578 4009 2940 4071 peccatorum.
3004 3999 3168 4072 Igitur
3207 4000 3299 4071 qui
3360 3998 3527 4054 semel
3571 3999 3751 4054 carnis

2147 4104 2364 4165 peccata
2408 4091 2687 4160 exuimus,
2729 4103 2784 4149 et
2822 4108 3013 4164 puram
3058 4091 3228 4148 induti
3254 4105 3454 4146 sumus
3502 4100 3748 4152 vestem,

2146 4196 2476 4250 mam-almus,
2508 4183 2712 4249 dilecti,
2742 4184 2795 4237 in
2821 4183 3070 4254 puritate,
3094 4193 3149 4238 et
3172 4181 3542 4237 affectionibus
3566 4182 3748 4237 carnis

2145 4276 2451 4346 superiores
2467 4275 2587 4330 facti
2603 4277 2849 4330 virtutem
2871 4274 3259 4344 amplexemur.
3276 4272 3343 4327 Et
3358 4273 3451 4342 qui
3468 4272 3565 4327 sub
3579 4272 3749 4340 gratia

2146 4382 2362 4433 sumus,
2391 4383 2513 4423 eum
2533 4369 2621 4438 qui
2646 4368 2701 4422 in
2721 4369 2864 4438 lege,
2900 4368 3007 4422 imo
3031 4375 3156 4422 ante
3180 4366 3354 4435 legem
3384 4365 3500 4432 fuit,
3529 4364 3752 4419 temule-

2146 4477 2308 4517 mur:
2342 4470 2400 4516 ut
2427 4475 2549 4515 cum
2575 4461 2798 4529 vestigia
2816 4461 2934 4529 ejus
2972 4458 3246 4529 sequendo
3288 4458 3453 4512 vitam
3500 4464 3747 4512 nostram

2148 4553 2447 4609 rexerimus
2470 4594 2484 4617 ,
2534 4556 2840 4608 mereamur
2876 4552 2930 4606 in
2977 4552 3123 4607 illius
3160 4551 3307 4605 Sinus
3346 4554 3650 4613 occurrere,
3695 4561 3752 4605 et

2148 4643 2489 4713 sempiternis
2533 4643 2631 4697 frui
2662 4642 2847 4709 bonis,
2885 4644 3053 4715 gratia
3090 4652 3146 4697 et
3187 4642 3509 4711 benignitate
3539 4640 3754 4696 Domini

2148 4735 2315 4788 nostri
2344 4733 2470 4789 Jesu
2496 4731 2694 4788 Christi
2714 4774 2729 4800 ,
2758 4748 2879 4788 cum
2912 4748 3019 4803 quo
3050 4732 3213 4795 Patri.
3240 4742 3296 4787 et
3319 4731 3537 4802 Spiritui
3561 4742 3752 4787 sancto

2149 4826 2219 4880 sit
2242 4824 2434 4893 gloria,
2460 4824 2740 4893 imperium
2764 4833 2820 4878 et
2855 4824 3024 4879 honor
3044 4863 3060 4891 ,
3099 4838 3243 4878 nunc
3267 4832 3323 4879 et
3348 4837 3581 4893 semper,
3611 4831 3666 4877 et
3696 4822 3755 4876 in

2147 4918 2337 4975 szecula
2364 4916 2703 4974 saeculorum.
2731 4919 2922 4974 Amen.

2727 5052 3008 5110 llOMILIA
3048 5050 3161 5108 XL.

2111 5200 2115 5205 -
2150 5165 2217 5219 Et
2263 5164 2391 5219 dixit
2433 5150 2575 5221 Deus
2621 5165 2839 5221 Abrahaz
2864 5182 2884 5220 :
2924 5165 3061 5221 Sara
3089 5181 3222 5220 uxor
3248 5150 3336 5219 tua
3364 5166 3465 5219 non
3491 5166 3750 5246 vocabitur

2232 5258 2398 5337 Sara,
2431 5259 2517 5314 sed
2547 5260 2709 5314 Sarra
2738 5260 2833 5313 erit
2862 5276 3043 5312 nomen
3075 5259 3186 5331 ejus
3212 5257 3373 5330 (Gen.
3399 5256 3484 5314 l7.
3517 5259 3584 5313 15
3606 5260 3647 5330 ).

2226 5352 2280 5406 l.
2313 5352 2425 5420 Age
2457 5349 2714 5420 reliquias
2749 5338 3015 5406 hesternae
3057 5366 3257 5406 mensae
3282 5351 3435 5407 vobis
3479 5366 3753 5421 propona-

2152 5458 2292 5509 mus,
2325 5453 2379 5498 et
2404 5442 2567 5499 finem
2598 5442 2758 5498 hodie
2788 5444 3125 5513 imponamus
3151 5444 3411 5508 sermoni,
3445 5444 3553 5498 imo
3581 5444 3753 5499 bene~

2151 5534 2371 5590 dictioni
2414 5546 2468 5589 et
2500 5534 2837 5605 promissioni
2875 5551 3035 5605 quam
3084 5534 3208 5590 fecit
3237 5538 3607 5591 universorum
3650 5536 3753 5589 Do-

2152 5630 2330 5682 minus
2358 5627 2697 5697 patriarchze.
2745 5621 2942 5683 Verum
2982 5627 3206 5684 audiens
3230 5629 3484 5699 reliquias
3511 5644 3713 5684 mensa
3734 5671 3752 5692 ,

2152 5735 2221 5775 ne
2249 5720 2374 5789 quid
2403 5719 2656 5775 sensibile
2678 5719 2968 5790 suSpiceris
2994 5737 3005 5774 :
3036 5735 3211 5790 neque
3235 5721 3377 5774 enim
3405 5722 3591 5791 quales
3627 5731 3751 5775 sunt

2152 5810 2453 5867 eduliorum
2498 5813 2865 5882 sensibilium,
2914 5814 3046 5869 tales
3094 5814 3446 5886 spirituan
3488 5812 3744 5886 relijuiaa.
