4092 6408
409 354 513 412 367

413 469 733 547 λαμϐάνειν,
783 471 1002 544 ἐπειδάν
1051 471 1148 532 τοῦ
1185 472 1508 550 πράγματος
1535 475 1570 546 ή
1615 473 1874 537 ὑπόθεσις
1927 472 2084 536 τέλος

415 559 576 632 λάϐῃ,
609 559 704 612 καὶ
727 557 790 612 16
823 562 1050 630 σημεῖον
1095 560 1280 632 λοιπὸν
1323 561 1534 634 αἴρεται
1557 577 1570 592 ·
1610 560 1753 616 οὕτω
1781 561 1846 632 δή
1877 560 1972 615 καὶ
1997 561 2084 632 ἐν·

411 645 606 722 ταῦθαπ,
643 645 832 718 ἐπειδὴ
861 645 950 700 διὰ
979 647 1042 700 16
1087 650 1372 722 καταφανῆ
1416 648 1659 724 γίνεσθαι
1701 649 1791 702 τὸν
1838 648 1966 703 λαὸν
1987 647 2082 701 τοῦ

411 736 755 820 πατριάρχου
787 735 850 788 τὸ
901 739 1126 810 σημεῖον
1168 737 1326 795 τοῦτο
1363 740 1495 809 παρ’
1527 737 1682 810 ὑμῶν
1713 748 1733 790 .‘
1769 737 2080 808 εἰσηνέχθη,

407 822 604 896 ἐχρῆν,
650 822 760 888 τῶν
791 824 962 894 ἐθνῶν
989 826 1213 882 ἐκείνων
1238 827 1306 880 δι’
1343 825 1436 900 οὓς
1465 827 1526 880 16
1557 829 1781 898 σημεῖον
1807 825 2079 893 ἐδέξασθε,

407 910 518 982 τῶν
552 909 653 980 μὲν
690 910 862 984 ἀρδην
889 912 1320 986 ἀφανισθέντων,
1349 915 1460 986 τῶν
1504 915 1562 968 δὲ
1593 914 1707 984 μετ’
1736 914 1978 976 ἐκείνους
2003 912 2082 982 τῷ

405 997 508 1070 τῆς
535 997 795 1070 ἀληθείας
823 999 964 1068 φωτὶ.
993 1001 1473 1074 προσδραμόντων,
1517 1002 1714 1076 μηκέτι
1742 1001 1834 1054 τὸν
1858 1000 2078 1078 ἔλεγχον

404 1083 507 1158 τῆς
545 1085 752 1158 οἰκείας
787 1087 1180 1162 ἀγνωμοσύνης
1221 1089 1558 1162 περιφέρειν,
1593 1089 1708 1164 ἀλλ’
1741 1088 2075 1156 ἀπαλλάττε-

405 1172 554 1236 σθαι,
584 1172 680 1248 καὶ
705 1175 786 1238 εἰς
813 1171 912 1246 τὴν
943 1173 1222 1246 ¹προτέραν
1251 1175 1532 1244 εὐγένειαν
1577 1176 1916 1248 ἀνατρέχειν.
1962 1177 2077 1232 Ἐν-

403 1255 600 1330 νόησον
632 1258 743 1336 γάρ
777 1275 889 1330 μοι,
927 1261 1008 1314 ὅτι
1032 1262 1061 1314 6
1092 1261 1394 1334 θαυμάσιος
1420 1265 1646 1337 ἐκεῖνος,
1673 1265 1701 1316 ὁ
1731 1262 2076 1334 πατριάρχης

403 1342 570 1420 λέγω,
599 1347 728 1416 πρὶν
755 1347 788 1420 ἢ
823 1346 924 1418 τῆς
962 1349 1264 1420 περιτομῆς
1293 1347 1547 1414 δέξασθαι
1573 1349 1671 1422 τὴν
1709 1350 1932 1422 ἐντολήν
1961 1352 2073 1418 (ἐν-

403 1421 703 1502 νενήκοντα
726 1432 836 1504 γάρ
864 1435 962 1488 καὶ
993 1435 1150 1488 ἐννέα
1181 1436 1318 1488 ἐτῶν
1339 1433 1428 1506 ἦν,
1460 1421 1639 1509 ήνίκαί
1656 1436 1816 1492 τοῦτο
1842 1437 2072 1502 ἐπετάτ-

399 1521 572 1590 τετο),
608 1520 703 1574 καὶ
725 1521 1018 1592 εὐάρεστος
1038 1523 1118 1593 τῷ
1144 1523 1262 1594 Θεῷ
1282 1524 1493 1594 γέγονε,
1518 1527 1612 1578 καὶ
1640 1526 1898 1596 μυριάκις
1921 1524 2070 1598 [402]

398 1606 749 1678 ἀνεκηρύχθη
782 1608 933 1680 παρά
969 1609 1063 1662 τοῦ
1085 1611 1381 1664 Δεσπότου.
1419 1612 1531 1664 Καὶ
1557 1611 1743 1683 ἐπειδὴ
1771 1611 1954 1664 λοιπὸν
1992 1613 2073 1674 εἰς

399 1693 823 1766 ἔργον-ἔμελλεν
858 1696 1132 1751 ἐκϐαίνειν
1159 1698 1228 1751 τά
1253 1699 1354 1769 τῆς
1385 1699 1738 1768 ἐπαγγελίας,
1771 1699 1866 1753 καὶ
1892 1699 2070 1752 τίκτε-

400 1781 523 1834 σθαι
549 1781 774 1852 ἕμελλεν
803 1784 834 1836 ὁ
878 1785 1085 1850 Ἰσαάκ,
1119 1786 1214 1838 καὶ
1245 1783 1570 1850 αὐξάνεσθαι
1611 1786 1673 1838 16
1702 1787 1877 1855 γένος,
1910 1787 2009 1840 καὶ
2038 1789 2066 1841 6

399 1869 746 1942 πατριάρχης
767 1871 824 1924 δὲ
866 1871 1226 1942 μεθίστασθαι
1257 1873 1357 1944 τῆς
1387 1873 1553 1944 ζωῆς,
1581 1875 1703 1927 τότε
1734 1875 1945 1945 δέχεται
1970 1876 2070 1947 τήν

395 1959 622 2030 ἐντολὴν
651 1959 752 2030 τῆς
791 1961 1114 2031 περιτομῆς,
1143 1960 1238 2014 καὶ
1272 1964 1330 2016 ἐν
1361 1961 1550 2034 ἡλικίᾳ
1581 1963 1806 2034 τοιαύτῃ
1849 1963 2070 2034 περιτέ-

397 2063 612 2116 μνεται,
633 2047 720 2100 ἶνα
748 2049 862 2109 τοῖς
881 2045 1010 2118 ἐξῆς
1038 2049 1211 2103 ἀπασι
1235 2049 1399 2120 νόμος
1424 2065 1508 2112 τις
1531 2050 1625 2104 καὶ
1645 2049 1823 2105 κανὼν
1851 2050 2068 2122 γίνηται

397 2133 464 2188 τά
491 2135 643 2205 παρὰ
673 2133 768 2189 τοῦ
803 2136 1146 2207 πατριάρχου
1178 2136 1538 2208 γεγενημένα.

465 2221 526 2274 ε’.
554 2223 664 2275 Καὶ
693 2222 780 2276 ἵνα
801 2223 1009 2294 μάθητε
1027 2223 1291 2293 ἀκριϐῶς,
1321 2223 1615 2296 ἀγαπητοὶ,
1634 2225 1716 2278 ὅτι
1739 2225 1892 2279 οὐδὲν
1909 2225 2068 2282 τοῦτο

395 2309 532 2378 πρὸς
571 2309 671 2380 τὴν
703 2311 803 2381 τῆς
849 2311 1028 2382 ψυχῆς
1065 2311 1268 2382 ἀρετὴν
1309 2311 1594 2378 λυσιτελεῖ,
1629 2313 1687 2380 ἐξ
1733 2313 1912 2367 αὐτῶν
1956 2315 2064 2368 τῶν

391 2397 694 2467 γινομένων
727 2399 958 2454 συνιδεῖν
985 2399 1228 2455 δυνατόν.
1263 2401 1328 2454 Τί
1359 2401 1468 2470 γάρ
1494 2419 1676 2472 φησιν,
1719 2402 1894 2455 Ὀκτὼ
1919 2403 2063 2472 ἠμε-

389 2483 514 2553 ρῶν
559 2485 802 2540 παιδίον
846 2487 1348 2557 περιτμηθήσεται
1367 2505 1387 2552 ;
1438 2488 1542 2544 Τὸν
1587 2489 1644 2542 66
1679 2489 1870 2559 χρόνον
1907 2486 2062 2560 οἶμαι

391 2570 582 2626 τοῦτον
613 2572 842 2643 ὡρίσθαι
883 2573 1034 2643 παρὰ
1067 2574 1162 2628 τοῦ
1188 2574 1570 2648 φιλανθρώπου
1591 2576 1724 2642 Θεοῦ
1746 2576 1840 2630 δύο
1857 2579 2062 2632 τούτων

391 2661 605 2714 ἐνεκενο
649 2661 770 2725 ἐνὸς
816 2663 936 2732 μὲν.
967 2663 1056 2717 ῖνα
1099 2665 1158 2716 ἐν
1194 2666 1259 2735 τῇ
1309 2663 1474 2733 ἀώρῳ
1515 2664 1702 2736 ἡλικίᾳ
1737 2666 2062 2738 κουφότερον

391 2749 638 2818 ἐνεγκεῖν
669 2750 762 2803 τὸν
803 2751 964 2805 πόνον
989 2752 1192 2823 δυνηθῇ
1234 2753 1334 2824 τῆς
1364 2755 1666 2825 περιτομῆς
1691 2755 1794 2824 τῆς
1825 2757 2025 2827 σαρκός
2043 2773 2057 2788 '

387 2835 644 2908 δευτέρου
695 2837 776 2903 δέ,
805 2838 892 2892 ἵνα
917 2838 985 2892 δι’
1019 2839 1199 2892 αὐτῶν
1238 2839 1348 2892 τῶν
1387 2839 1566 2912 ἔργων
1595 2841 1956 2898 παιδευθῶσιν
1985 2845 2061 2908 ὡς

385 2923 490 2977 οὐκ
523 2925 603 2988 εἰς
649 2923 828 2996 ψυχήν
862 2943 914 2980 τι
949 2926 1192 2982 συντελεῖ
1217 2927 1279 2982 16
1311 2929 1612 3000 γινόμενον,
1665 2929 1802 2982 ἀλλά
1829 2933 2070 3002 σημείου.

388 3011 550 3083 χάριν
591 3011 752 3066 τοῦτο
790 3013 1020 3082 γίνεται.
1060 3015 1138 3068 T6
1165 3015 1274 3087 γάρ
1309 3018 1487 3088 ἄωρον
1512 3017 1742 3082 παιδίον,
1768 3019 1830 3072 τὸ
1863 3021 1938 3092 μὴ
1977 3038 2060 3090 γι-

387 3098 598 3153 νιῖισκον
642 3099 714 3152 τά
749 3101 1033 3172 γινόμενα,
1079 3103 1217 3173 μηδέ
1265 3104 1518 3176 αἴσθησίν
1555 3123 1680 3159 τινα
1711 3107 1854 3177 έχον,
1897 3110 2058 3163 ποίαν

385 3187 658 3256 ὠφέλειαν
693 3191 776 3253 είς
803 3191 902 3260 τὴν
929 3191 1107 3262 ψυχὴν
1135 3193 1200 3246 ἐκ
1227 3193 1412 3248 τούτου
1445 3195 1698 3260 δέξασθαι
1738 3198 2054 3271 δυνήσεται;

401 3276 618 3332 Ἐκεῖνα
651 3277 762 3348 γάρ
795 3279 912 3330 ἐστι
957 3279 1057 3348 τῆς
1088 3279 1268 3350 ψυχῆς
1307 3282 1491 3347 ίδικῶς
1523 3285 1942 3356 κατορθώματα,
1989 3289 2060 3342 τά

387 3362 456 3416 ἐκ
487 3362 864 3434 προαιρέσεως
896 3363 1180 3435 γινόμενα.
1211 3367 1404 3438 Ψυχῆς
1440 3370 1548 3440 γάρ
1575 3373 1690 3424 ἐστι
1728 3373 2059 3444 κατόρθωμα

386 3449 449 3502 τὸ
475 3452 676 3522 ἀρετὴν
711 3451 950 3514 ἑλέσθαι,
990 3453 1085 3504 καὶ
1135 3454 1334 3508 κακίαν
1385 3460 1607 3526 φυγεῖν·
1640 3457 1818 3528 ψυχῆς
1865 3463 2058 3532 κατόρ-

385 3533 577 3603 θωμα,
615 3533 681 3586 τὸ
717 3533 793 3605 μή
828 3534 938 3586 τῶν
979 3535 1240 3590 πλειόνων
1277 3537 1436 3608 μόνον
1483 3541 1558 3610 μὴ
1607 3540 1889 3608 ἐφίεσθαι,
1923 3543 2058 3598 ἀλλὰ

386 3619 484 3674 καὶ
503 3621 572 3674 τὰ
597 3620 727 3676 ὄντα
751 3621 1013 3693 προέσθαι
1042 3625 1154 3688 τοῖς
1175 3623 1454 3690 δεομένοις
1470 3643 1482 3654 ’
1501 3626 1679 3697 ψυχῆς
1703 3629 2056 3701 κατόρθωμα,

386 3709 448 3764 τὸ
487 3707 564 3780 μὴ
595 3712 706 3774 τοῖς
760 3709 995 3783 παροῦσι
1045 3713 1497 3783 προστετηκέναι,
1544 3714 1680 3768 ἀλλά
1710 3715 1914 3769 τούτων
1958 3719 2058 3788 μὲν

388 3795 688 3868 ὑπερορᾷν,
719 3797 787 3851 τά
815 3798 1078 3870 μέλλοντα
1097 3799 1155 3851 δὲ
1181 3799 1305 3851 καθ’
1343 3800 1583 3871 ἐκάστην
1611 3801 1828 3872 ἡμέραν
1854 3807 2058 3873 φαντά·

387 3883 600 3948 ζέσθαι.
635 3883 709 3937 Τὸ
739 3886 796 3938 δὲ
829 3889 1055 3956 σημεῖον
1092 3887 1186 3938 ἐπὶ
1229 3887 1327 3958 τῆς
1355 3889 1556 3959 σαρκὸς
1595 3887 1867 3954 δέξασθαι,
1904 3894 2056 3946 ποῖον

388 3969 458 4025 ἂν
494 3969 580 4043 εἴη
613 3972 979 4043 κατόρθωμα;
1025 3973 1164 4027 Ἀλλ’
1193 3977 1243 4027 οἱ
1275 3974 1588 4046 ἀγνώμονες
1623 3978 1718 4030 καὶ
1743 3977 2054 4049 ἀναίσθητοι

403 4057 668 4121 Ἰουδαῖοι,
703 4059 804 4130 τῆς
839 4059 1100 4130 ἀληθείας
1132 4061 1414 4133 φανείσης,
1440 4063 1521 4115 ἐτι
1545 4067 1610 4134 τῇ
1648 4066 1776 4136 σκιᾷ
1803 4083 2056 4136 παρακα-

387 4145 638 4216 θήμενοι,
667 4147 761 4200 καὶ
795 4147 888 4202 τοῦ
921 4149 1076 4219 ήλίου
1101 4150 1200 4218 τῆς
1221 4149 1566 4221 δικαιοσύνης
1597 4151 1926 4222 λάμψαντος,
1963 4154 2056 4208 καὶ

385 4231 485 4295 τὰς
517 4233 747 4296 ἀκτῖνας
773 4234 868 4286 τοῦ
903 4236 1079 4303 φωτὸς
1125 4235 1402 4306 πανταχοῦ
1433 4237 1703 4305 ἀφιέντος,
1733 4239 1810 4291 ἑτι
1855 4239 1936 4310 τῷ
1966 4239 2058 4292 λυ-

385 4317 580 4388 χνιαίῳ
626 4320 768 4388 φωτὶ
800 4320 1236 4392 προσηλωμένοι,
1281 4323 1376 4376 καὶ
1409 4323 1550 4392 μετὰ
1588 4323 1682 4378 τὸν
1727 4326 1916 4396 καιρὸν
1957 4327 2058 4398 τῆς

387 4407 616 4476 στερεᾶς
655 4407 864 4477 τροφῆς
899 4407 978 4459 ἐτι
1015 4407 1096 4477 τῷ
1123 4407 1356 4478 γάλακτι
1387 4409 1414 4448 ι’
1442 4411 1786 4482 τρεφόμενοι,
1814 4413 1934 4466 οὐδὲ
1959 4413 2055 4467 τοῦ

387 4493 662 4565 μακαρίου
693 4495 908 4548 Παύλου
933 4493 1154 4548 ἀκούειν
1179 4487 1466 4566 ἀνέχονται
1497 4498 1726 4568 βοῶντος
1754 4501 1848 4553 καὶ
1869 4500 2056 4570 λέγον-

383 4597 479 4645 τος
522 4581 650 4653 περὶ
681 4581 774 4636 τοῦ
801 4582 1142 4654 πατριάρχου
1162 4601 1176 4614 ·
1201 4584 1312 4652 Καὶ
1345 4584 1595 4652 σημεῖον
1617 4587 1795 4640 ἔλαϐε
1825 4605 2056 4656 περιτο-

379 4667 530 4739 μὴν,
562 4669 862 4740 σφραγῖδα
887 4668 996 4738 τῆς
1015 4670 1407 4738 δικαιοσύνης
1429 4672 1540 4740 τῆς
1567 4674 1825 4741 πίστεως
1857 4675 1968 4740 τῆς
1986 4677 2057 4730 ἐν

381 4757 770 4825 ἀκροϐυστίᾳ.
801 4758 944 4830 Ὅρα
963 4758 1080 4822 πῶς
1101 4760 1386 4830 ἀμφότερα
1409 4762 1555 4830 ἡμᾶς
1569 4760 1800 4816 ἐνταῦθα
1825 4763 2050 4832 ἐδίδαξε,

385 4844 482 4900 καὶ
508 4846 590 4899 ὅτι
626 4845 855 4916 σημείου
887 4845 1046 4917 χάριν
1089 4846 1189 4917 τὴν
1232 4847 1536 4918 περιτομήν
1573 4849 1810 4915 ἐδέξατο,
1847 4851 1940 4904 καὶ
1969 4853 2052 4906 ὅτι

383 4931 548 5003 ἡνίκα
578 4933 914 5005 ἀκρόϐυστος
943 4930 1032 5004 ἦν,
1066 4935 1166 5005 τὴν
1205 4935 1551 5006 δικαιοσύνην
1579 4936 1678 5006 τὴν
1717 4938 1783 4990 ἐκ
1825 4939 1924 5009 τῆς
1959 4940 2051 4992 πί-

384 5037 556 5084 στεως
601 5020 934 5086 ἐπεδείξατο.
960 5023 1076 5076 Ἵνα
1099 5021 1210 5095 γὰρ
1259 5023 1333 5096 μὴ
1378 5024 1704 5095 ἀναισχυντῇ
1738 5027 1766 5079 6
1807 5027 2054 5090 Ἰουδαῖος

383 5109 481 5162 καὶ
525 5107 682 5181 λέγῃ,
712 5110 794 5163 δτι
831 5110 1028 5180 οὐχὶή
1074 5112 1345 5183 περιτομὴ
1385 5111 1486 5182 τὴν
1523 5111 1866 5184 δικαιοσύνην
1903 5113 2054 5186 αὐτῷ

385 5194 751 5267 προεξένησε;
787 5196 878 5250 διὰ
909 5197 1067 5250 τοῦτο
1095 5199 1123 5251 6
1151 5198 1416 5271 μακάριος
1459 5194 1612 5264 οὗτος
1643 5201 1672 5252 6
1723 5201 1873 5274 παρά
1927 5205 2055 5267 τοὺς

385 5283 552 5346 πόδας
582 5283 870 5354 Γαμαλιήλ
904 5285 1282 5356 μαθητευθεὶς,
1313 5289 1342 5340 6
1369 5285 1510 5354 κατά
1539 5288 1824 5356 ἀκρίϐειαν
1849 5289 1940 5342 τὸν
1971 5291 2054 5344 νό-

387 5387 487 5440 μον
525 5372 832 5438 παιδευθείς
857 5389 1022 5444 φησιδ
1051 5373 1142 5445 Μὴ
1171 5375 1450 5448 νομίσητε,
1475 5375 1521 5429 ὦ
1545 5377 1890 5449 ἀναίσχυντοι
1925 5379 2056 5432 Ἰου-

381 5457 546 5519 δαῖοι,
568 5459 651 5512 ὅτι
675 5460 709 5530 ή
741 5462 1010 5532 περιτομή
1047 5479 1100 5515 τι
1145 5463 1226 5526 εἰς
1261 5463 1608 5536 δικαιοσύνην
1638 5464 1787 5536 αύτῷ
1837 5464 2054 5518 συνετέ-

383 5543 507 5597 λεσε
531 5561 546 5576 ο
574 5547 669 5600 καὶ
696 5547 804 5620 γὰρ
830 5551 888 5602 ἐν
917 5549 997 5618 τῷ
1022 5549 1197 5622 καιρῷ
1221 5551 1322 5620 τῆς
1347 5551 1712 5623 ἀκροϐυστίας
1744 5550 1842 5622 τὴν
1872 5549 2054 5604 πίστιν

447 5645 474 5674 ι
501 5631 674 5700 Morel.
731 5635 894 5700 ἐπειδὴ
938 5637 1016 5700 διά
1061 5637 1116 5684 τὸ
1159 5645 1403 5700 καταφανῆ
1446 5639 1654 5699 γίνεσθαι
1691 5637 1773 5686 τὸν
1817 5637 1932 5686 λαὸν
1967 5635 2053 5685 τοῦ

381 5697 697 5762 πατριάρχου,
733 5697 808 5762 *τὸ
868 5699 1079 5762 σημεῖον,
1114 5698 1258 5746 τοῦτο
1285 5697 1423 5762 παρ’
1459 5697 1614 5762 -ὑμῶν,
1647 5705 1745 5762 εἰς.
1788 5699 1888 5748 Sex
1935 5713 2049 5747 mss.

382 5757 546 5821 ἐπειδή
581 5757 660 5821 διὰ.
697 5757 752 5821 τὸ
799 5757 1004 5821 φανερὸν
1037 5761 1092 5821 τὸ
1149 5757 1510 5820 amusium-etc:
1559 5759 1709 5810 Ξδγίἰ.
1758 5762 1920 5818 ἐπειδή
1974 5762 2053 5808 διὰ

379 5818 651 5884 τὸᾉφανερὸν
675 5818 884 5884 εἶναιτὸ
920 5818 1008 5884 τοῦ
1041 5818 1256 5884 Ἀϐραὰμ
1301 5825 1506 5884 σπέρμα,
1546 5824 1625 5872 καὶ
1668 5823 1730 5884 μή
1757 5828 2049 5884 συμφυρῆναι

382 5880 480 5934 τοῖς
500 5880 756 5948 ἕθειεοι,ητὸ
799 5881 995 5942 σημεῖον
1019 5880 1160 5930 τοῦτο
1186 5880 1294 5946 παρ’
1331 5880 1500 5945 ὑμῶι.’
1549 5890 1575 5930 b
1605 5880 1756 5934 SaVil.
1782 5880 1834 5933 ei
1855 5880 2048 5948 Quidam

382 5953 499 5992 mss.
519 5940 604 5990 τοῦ
633 5940 880 6003 γάλακτος.

1605 359 1671 426 IN
1709 359 1863 432 CAP.
1892 350 2038 410 xvn
2075 351 2320 409 GENES.
2351 352 2586 424 nomL.
2621 357 2734 412 XL.

3725 389 3730 394 ι
3754 359 3878 414 568ε

2191 473 2618 548 ἐπιδειξάμενος,
2665 473 2929 544 ἤκουσεν
2969 470 3330 526 Ἐπίστευσε
3375 468 3445 522 δὲ
3483 471 3739 542 Ἀϐραὰμ
3777 468 3860 542 τῶ

2189 561 2332 626 Θεῷ,
2364 549 2461 615 καὶ
2485 561 2772 631 ἐλογίσθη
2801 557 2962 624 αὑτῷ
2997 561 3086 625 εἰς
3111 559 3529 625 δικαιοσύνην.
3559 559 3856 632 Γενόμενος

2185 645 2279 703 οὖν
2312 651 2370 702 ἐν
2401 633 2468 724 τῇ
2507 647 2821 721 δικαιοσύνῃ
2851 645 2942 700 διὰ
2966 645 3064 716 τὴν
3097 647 3175 710 είς
3203 645 3296 700 τὸν
3330 644 3463 702 Θεὸν
3493 644 3698 711 πίστιν,
3731 648 3852 701 τότε

2184 737 2398 807 δέχεται
2429 737 2657 806 σημείου
2684 735 2842 806 χάριν
2869 734 2967 806 τὴν
2998 734 3302 804 περιτομήν
3323 750 3336 764 ⁸
3366 733 3462 786 καὶ
3508 733 3728 806 πρῶτον
3759 737 3853 790 καὶ

2183 826 2260 895 τῷ
2289 837 2312 865 ο
2360 825 2586 906 ὀνόματι
2622 823 2789 878 αὐτοῦ
2829 823 2892 876 τὸ
2935 824 3197 892 στοιχεῖον
3239 820 3533 892 ἐπιτίθησι,
3581 822 3674 874 καὶ
3717 821 3855 890 μετά

2181 911 2356 966 ταῦτα
2384 905 2482 984 τὴν
2525 910 2828 983 περιτομὴν
2863 909 3164 970 ἐπιτάττει,
3210 908 3298 966 ἵνα
3323 905 3472 979 δείξῃ
3513 909 3596 962 ὃτι
3635 909 3724 962 διὰ
3749 909 3850 980 τὴν

2182 998 2384 1070 πολλὴν
2419 998 2619 1070 ἀρετὴν
2665 997 2850 1051 λοιπὸν
2877 996 2967 1050 τὸν
3007 995 3214 1048 δίκαιον
3250 992 3588 1064 ᾠκειώσατο,
3645 995 3738 1049 καὶ
3781 997 3850 1048 δι’

2180 1087 2385 1140 ἐκεῖνον
2411 1086 2508 1138 καὶ
2536 1084 2685 1158 [405]
2708 1085 2832 1148 τοὺς
2860 1083 2918 1150 ἐξ
2939 1081 3102 1136 αὐτοῦ
3125 1081 3430 1158 ἐσομένους.
3459 1083 3571 1134 Καὶ
3599 1083 3848 1154 καθάπερ

2178 1191 2264 1234 τις
2296 1172 2513 1241 οἰκέτην
2560 1171 2923 1244 κτησάμενος,
2959 1168 3217 1232 πολλάκις
3260 1170 3352 1222 καὶ⁸
3379 1169 3439 1222 16
3467 1169 3637 1242 ὄνομα
3682 1173 3847 1224 αὐτοῦ

2181 1260 2504 1332 μετατίθησι
2533 1262 2625 1311 καὶ
2646 1259 2706 1311 16
2729 1259 2937 1330 σχῆμα,
2960 1257 3055 1310 καὶ
3072 1257 3252 1310 πάντα
3282 1259 3426 1326 ποιεῖ
3442 1247 3581 1310 ὦστέ
3611 1259 3846 1330 κατάδη-

2179 1348 2269 1401 λον
2292 1347 2453 1400 αὑτὸν
2485 1345 2729 1415 ποιῆσαι,
2768 1345 2854 1398 ἵνα
2878 1344 2967 1398 διὰ
2999 1343 3216 1404 πάντων
3244 1343 3486 1415 κηρύττῃ
3520 1345 3620 1414 τὴν
3647 1345 3844 1400 δεσπο-

2173 1435 2325 1488 τείαν
2347 1449 2360 1460 ·
2389 1433 2533 1487 οὕτω
2563 1433 2626 1503 δὴ
2659 1434 2752 1485 καὶ
2779 1435 2806 1485 6
2829 1431 2938 1486 τῶν
2973 1430 3108 1486 ὅλων
3141 1431 3291 1495 Θεὸς,
3327 1429 3518 1502 ῶσπερ
3549 1433 3709 1484 αὐτὸν
3739 1452 3848 1504 χω-

2178 1523 2327 1594 ρίσαι
2361 1521 2548 1576 λοιπὸν
2577 1522 2686 1580 τῶν
2716 1520 2891 1588 ἄλλων
2918 1517 3218 1590 ἀνθρώπων
3253 1511 3598 1588 βουλόμενος,
3625 1520 3714 1573 διὰ
3745 1522 3844 1590 μὲν

2171 1612 2272 1682 τῆς
2305 1611 2624 1684 προσθήκης
2647 1608 2741 1662 τοῦ
2782 1609 3068 1679 στοιχείου,
3103 1610 3186 1662 ὅτι
3213 1607 3421 1660 πολλῶν
3457 1607 3626 1661 ἐθνῶν
3659 1611 3842 1679 πατὴρ

2174 1698 2330 1752 ἔσται
2361 1699 2598 1768 ἐμήνυσε
2621 1715 2631 1726 ·
2653 1696 2740 1749 διὰ
2760 1697 2815 1750 δέ
2830 1697 2927 1767 τῆς
2950 1697 3270 1767 περιτομῆς,
3292 1697 3372 1748 ὅτι
3389 1695 3665 1766 ἐξαίρετος
3687 1697 3840 1750 ἐσται

2174 1785 2340 1842 αὑτοῦ
2373 1785 2521 1850 λαὸς,
2557 1785 2651 1837 καὶ
2676 1785 2783 1836 τῶν
2811 1782 3013 1836 λοιπῶν
3039 1783 3206 1836 ἐθνῶν
3235 1783 3643 1854 κεχωρισμένον
3667 1784 3726 1849 ἐξ
3751 1786 3845 1836 αύ-

2169 1873 2266 1946 τοῦ
2310 1873 2501 1946 μέλλον
2529 1871 2806 1926 τίκτεσθαι
2834 1871 3072 1948 σπέρμα.
3121 1869 3262 1922 Ἀλλ’
3307 1873 3356 1922 εἰ
3400 1871 3493 1922 καὶ¹
3527 1872 3723 1922 ἐκεῖνοι
3751 1872 3841 1924 διά

2169 1961 2268 2034 τὴν
2299 1959 2506 2013 οἰκείαν
2536 1958 2794 2030 πώρωσιν
2819 1957 2899 2010 ἐτι
2929 1959 3028 2028 τὴν
3061 1957 3360 2028 περιτομὴν
3383 1957 3480 2026 τῆς
3505 1957 3705 2028 σαρκὸς
3739 1976 3840 2027 φυ-

2168 2049 2381 2120 λάττειν
2405 2046 2701 2118 βούλονται,
2723 2046 2822 2099 οὐκ
2840 2044 3129 2106 ἀκούοντες
3151 2045 3362 2098 Παύλου
3384 2044 3632 2111 λέγοντος
3647 2063 3660 2078 ’
3697 2046 3842 2100 Ἐὰν

2167 2135 2278 2206 γὰρ
2320 2134 2776 2204 περιτέμνησθε,
2820 2133 3077 2202 Χριστὸς
3114 2131 3272 2201 ὑμᾶς
3311 2131 3496 2192 οὐδὲν
3535 2134 3837 2202 ὠφελήσει

2169 2224 2281 2294 (διὰ
2295 2222 2404 2294 γάρ
2427 2217 2584 2274 τοῦτο
2617 2219 2949 2290 παρεγένετο
2969 2222 2998 2273 ὁ
3017 2219 3314 2290 Δεσπότης,
3347 2220 3436 2272 ἵνα
3455 2219 3630 2274 ταῦτα
3657 2219 3836 2273 πάντα

2167 2311 2351 2382 ἀνέλῃ,
2386 2309 2481 2362 καὶ
2513 2307 2602 2360 διὰ
2640 2307 2798 2361 τοῦτο
2841 2307 3018 2361 πάντα
3051 2305 3142 2360 τὸν
3183 2305 3345 2376 νόμον
3375 2306 3715 2378 ἐπλήρωσεν,
3747 2308 3835 2360 ἵνα

2166 2399 2338 2468 στήσῃ
2383 2394 2566 2450 λοιπὸν
2608 2393 2704 2448 τοῦ
2743 2393 2907 2464 νόμου
2956 2393 3056 2464 τὴν
3094 2393 3511 2464 παρατήρησιν·
3554 2393 3640 2446 διὰ
3677 2393 3837 2445 τοῦτο

2163 2485 2293 2556 ἐβόα
2319 2485 2346 2536 ὁ
2375 2483 2642 2554 μακάριος
2675 2480 2907 2544 Παῦλος·
2949 2480 3178 2546 Οῖτινες
3197 2480 3267 2534 ἐν
3285 2480 3447 2548 νόμῳ
3465 2479 3831 2546 δικαιοῦσθε,

2163 2573 2274 2643 τῆς
2298 2571 2537 2642 χάριτος
2566 2569 2936 2637 ἑξεπέσατε)’
2966 2568 3080 2622 ἀλλ’
3105 2570 3264 2639 ἡμεῖς
3287 2565 3604 2638 πειθώμεθα
3634 2567 3708 2638 τῷ
3737 2586 3834 2638 μα·

2163 2662 2340 2732 καρίῳ
2369 2661 2586 2730 Παύλῳ,
2618 2660 2714 2712 καὶ
2743 2658 2843 2728 τὴν
2887 2656 3302 2728 ἀχειροποίητον
3339 2655 3640 2727 περιτομὴν
3665 2672 3834 2708 κατα-

2161 2748 2466 2821 δεχώμεθα.
2512 2747 2608 2800 Ἐν
2639 2744 2686 2810 ᾧ
2721 2744 2852 2816 γάρ,
2890 2744 3044 2814 φησὶ,
3079 2741 3507 2810 περιετμήθητε
3544 2742 3833 2812 περιτομῇ

2159 2834 2612 2906 ἀχειροποιήτῳ,
2657 2833 2727 2886 ἐν
2763 2830 2838 2898 τῇ
2866 2829 3196 2885 ἀπεκδύσει
3234 2827 3354 2882 τῶν
3380 2827 3680 2900 ἁμαρτιῶν
3720 2829 3832 2897 τῆς

2160 2925 2410 2993 σαρκὸς,
2443 2923 2513 2975 ἐν
2541 2921 2616 2988 τῇ
2638 2917 2924 2990 περιτομῇ
2959 2918 3065 2972 τοῦ
3096 2916 3375 2986 Χριστοῦ.
3409 2912 3543 2968 Εἶτα
3565 2913 3832 2970 διδάσκων

2159 3015 2306 3084 ἡμᾶς
2353 3007 2741 3081 ἀκριϐέστερον
2784 3005 2837 3058 τί
2887 3008 3035 3074 ἐστιν
3143 3003 3366 3076 τοιαύτη
3410 3004 3701 3074 περιτομὴ,
3731 3005 3831 3057 ἐπ-

2159 3105 2355 3174 ήγαγε·
2375 3106 2421 3156 Σ
2425 3103 2786 3170 υνταφὲντες
2801 3095 2960 3163 αὐτῷ
2979 3098 3049 3150 ἐν
3065 3097 3145 3164 τῷ
3158 3096 3550 3166 βαπτίσματι.
3565 3096 3832 3167 Καθάπερ

2161 3193 2268 3262 γὰρ
2318 3190 2560 3252 ἐκείνους
2595 3189 2656 3241 τὸ
2684 3188 2782 3257 τῆς
2819 3185 3122 3257 περιτομῆς
3169 3187 3394 3254 σημεῖον
3443 3183 3673 3256 ἐχώριζε
3723 3184 3830 3237 τῶν

2158 3277 2359 3330 λοιπῶν
2388 3275 2578 3341 ἐθνῶν,
2603 3275 2696 3327 καὶ
2722 3273 2930 3326 ἐδείκνυ
2958 3271 3056 3344 τὴν
3081 3271 3353 3324 οίκείωσιν
3371 3269 3550 3322 αὐτῶν
3575 3269 3673 3340 τὴν
3693 3270 3830 3340 πρὸς

2157 3366 2248 3418 τὸν
2273 3365 2404 3417 Θεόν
2426 3379 2441 3392 ⁵
2469 3363 2560 3414 τὸν
2591 3361 2750 3414 αὑτὸν
2777 3361 2842 3431 δὴ
2864 3360 3062 3432 τρόπον
3095 3361 3186 3428 καὶ
3215 3357 3298 3428 ἐφ’
3333 3356 3490 3427 ήμῶν
3531 3357 3565 3427 ή
3611 3356 3700 3410 διά
3735 3357 3830 3409 τοῦ

2159 3453 2533 3522 βαπτίσματος
2565 3449 2834 3520 περιτομὴ
2855 3449 2946 3502 τὸν
2974 3446 3254 3518 χωρισμὸν
3283 3443 3672 3516 ἀκριϐέστερον
3694 3444 3831 3497 καθ-

2161 3542 2359 3611 ίστησι,
2393 3539 2489 3592 καὶ
2518 3539 2616 3609 τὴν
2637 3537 2901 3608 διαίρεσιν
2929 3535 3039 3588 τῶν
3065 3533 3272 3588 πιστῶν
3310 3533 3404 3584 καὶ
3434 3532 3544 3586 τῶν
3568 3533 3630 3584 οὐ
3654 3531 3833 3584 τοιού-

2157 3646 2286 3684 των.
2330 3630 2434 3682 Ἐν
2469 3620 2517 3693 ᾧ
2541 3628 2673 3695 γάρ,
2708 3627 2862 3695 φησὶ,
2895 3623 3319 3692 περιετμήθητε
3357 3620 3647 3692 περιτομῇ
3667 3623 3830 3690 Λάχει-

2149 3715 2471 3785 ροποιήτῳ,
2502 3713 2571 3766 ἐν
2595 3712 2672 3781 τῇ
2701 3711 3032 3767 ἀπεκδύσει
3059 3710 3176 3763 τῶν
3217 3709 3519 3780 ἁμαρτιῶν
3549 3709 3660 3777 τῆς
3685 3725 3829 3776 σαρ-

2157 3805 2284 3869 κός.
2313 3805 2490 3872 Ὅπερ
2519 3801 2628 3873 γὰρ
2655 3802 2773 3854 ἐκεῖ
2801 3798 3096 3871 ἐργάζεται
3130 3800 3163 3868 ἡ
3191 3798 3462 3868 περιτομὴ
3491 3798 3571 3860 είς
3603 3798 3702 3866 τὴν
3730 3799 3832 3866 τῆς

2161 3891 2370 3962 σαρκὸς
2393 3891 2673 3954 ἀπόθεσιν,
2691 3887 2849 3941 τοῦτο
2869 3885 3101 3952 ἐνταῦθα
3120 3885 3180 3937 τὸ
3197 3884 3480 3954 βάπτισμα
3503 3886 3582 3946 είς
3599 3884 3698 3953 τὴν
3721 3884 3828 3937 τῶν

2157 3979 2570 4053 ἁμαρτημάτων
2604 3975 2882 4030 ἀπόθεσιν.
2933 3965 3406 4042 Ἀπεκδυσάμενοι
3427 3971 3536 4042 γάρ
3558 3971 3703 4036 άπαξ
3731 3972 3827 4033 τὰς

2155 4067 2252 4131 τῆς
2286 4065 2486 4136 σαρκὸς
2509 4063 2802 4135 ἁμαρτίας,
2828 4061 2924 4116 καὶ
2945 4059 3182 4130 καθαρὸν
3209 4059 3269 4111 16
3292 4057 3496 4130 ἔνδυμα
3521 4057 3823 4128 δεξάμενοι,

2161 4156 2434 4225 μένωμεν,
2469 4153 2760 4222 ἀγαπητοὶ,
2797 4151 2890 4204 ἐπὶ
2915 4150 3014 4218 τῆς
3041 4147 3433 4218 καθαρότητος,
3471 4149 3566 4200 καὶ
3589 4146 3698 4198 τῶν
3722 4164 3826 4198 πα-

2162 4241 2270 4295 θῶν
2301 4241 2400 4311 τῆς
2421 4239 2622 4309 σαρκὸς
2652 4236 2913 4308 ἀνώτεροι
2943 4234 3245 4304 γενόμενοι,
3279 4233 3378 4304 τῆς
3409 4233 3608 4304 ἀρετῆς
3637 4233 3827 4284 ἐπιλα-

2159 4327 2406 4398 ϐώμεθα.
2445 4326 2556 4381 Καὶ
2577 4327 2626 4378 οί
2655 4325 2714 4378 ὲν
2736 4327 2803 4396 τῇ
2829 4323 3012 4394 χάριτι
3037 4321 3130 4376 τὸν
3149 4321 3208 4374 ἐν
3234 4318 3314 4392 τῷ
3338 4321 3508 4392 νόμῳ,
3545 4319 3743 4390 μᾶλλον
3771 4319 3825 4376 δὲ

2158 4416 2255 4470 καὶ
2288 4415 2393 4487 πρὸ
2416 4415 2510 4470 τοῦ
2539 4414 2726 4483 νόμου,
2761 4411 3114 4484 ζηλώσωμεν,
3157 4409 3246 4463 ῖνα
3279 4409 3400 4462 κατ’
3434 4409 3580 4478 ῐχνος
3613 4407 3824 4460 ἐκείνου

2158 4505 2260 4576 τὴν
2289 4502 2500 4558 ἑαυτῶν
2523 4501 2665 4572 ζωὴν
2681 4495 3585 4570 οἱκονομήσαντες,καταξιωθῶμεν
3606 4497 3685 4557 εἰς
3699 4495 3824 4558 τοὺς

2162 4591 2374 4646 ἐκείνου
2421 4589 2654 4652 κόλπους
2684 4587 3044 4656 καταντῆσαι,
3069 4586 3164 4639 καὶ
3194 4583 3303 4638 τῶν
3341 4583 3573 4636 αἰωνίων
3604 4581 3824 4650 ἀγαθῶν

2155 4679 2454 4747 ἐπιτυχεῖν,
2502 4675 2684 4749 χάριτι
2723 4675 2818 4729 καὶ
2863 4671 3243 4743 φιλανθρωπία
3282 4668 3377 4722 τοῦ
3423 4668 3630 4738 Κυρίου
3666 4667 3824 4737 ἡμῶν

2169 4765 2342 4837 Ἰησοῦ
2373 4763 2634 4837 Χριστοῦ,
2665 4763 2785 4834 μεθ’
2812 4755 2872 4816 οῦ
2903 4761 2980 4832 τῷ
3015 4759 3209 4828 Πατρί,
3237 4757 3354 4827 ἅμα
3380 4754 3458 4826 τῷ
3482 4753 3620 4826 ἁγίῳ
3654 4755 3826 4808 Πνεύ-

2159 4871 2290 4925 ματι
2327 4853 2476 4920 δόξα,
2501 4853 2722 4924 κράτος,
2749 4849 2904 4922 τιμὴ,
2932 4847 3027 4902 νῦν
3052 4845 3145 4900 καὶ
3173 4846 3280 4910 ἀεὶ,
3317 4843 3410 4897 καὶ
3436 4843 3516 4906 είς
3541 4843 3666 4906 τοὺς
3693 4841 3823 4895 αἰῶ.

2155 4959 2254 5007 νας
2291 4941 2398 4995 τῶν
2430 4938 2662 4994 αἰώνων.
2707 4938 2900 5008 Ἀμήν.

2811 5041 3056 5096 ΟΜῘΛῙΛ
3097 5041 3190 5102 Μ’.

2156 5131 2268 5190 Καὶ
2293 5127 2462 5186 εἶπεν
2490 5133 2522 5184 ό
2555 5129 2700 5196 Θεὸς
2729 5128 2810 5194 τῷ
2844 5129 3098 5198 Ἀϐραάμ
3116 5126 3386 5198 ’,Σάραϋὴ
3414 5123 3718 5198 γυνήμσρυ
3747 5123 3822 5176 οὐ

2227 5204 2596 5269 κληθήσεται
2630 5193 2814 5269 Σάρα,
2867 5193 3027 5252 ἀλλά
3053 5193 3269 5266 ’Σάρρἀ
3313 5193 3488 5250 ἐσται
3535 5193 3600 5248 τὸ
3635 5193 3822 5261 ὄνομα

2227 5271 2439 5337 αὐτῆς.

2225 5357 2294 5412 a'.
2315 5358 2450 5428 Φέρε
2465 5357 2534 5410 τά
2559 5355 2788 5425 λείψανα
2801 5355 2900 5425 τῆς
2919 5353 3170 5426 χθεσινῆς
3189 5351 3470 5424 τραπέζης
3496 5350 3624 5420 ὑμῖν
3645 5365 3823 5420 παρα-

2156 5449 2361 5519 θῶμεν,
2394 5448 2488 5500 καὶ
2515 5445 2668 5509 τέλος
2689 5443 2964 5514 ἐπιθῶμεν
2987 5445 3222 5514 σήμερον
3244 5442 3321 5512 τῷ
3345 5441 3511 5510 λόγῳ,
3537 5437 3735 5510 μᾶλλον
3764 5437 3824 5489 δὲ.

2155 5537 2223 5606 τῇ
2259 5533 2479 5604 εὐλογίᾳ
2505 5533 2598 5586 καὶ
2625 5533 2692 5602 τῇ
2721 5528 3035 5600 ὑποσχέσει,
3064 5528 3298 5600 ἣνὸτῶν
3319 5526 3456 5581 ὅλων
3484 5525 3616 5590 Θεὸς
3631 5525 3823 5596 ἐποιή-

2160 5641 2290 5678 σατο
2311 5621 2446 5696 πρὸς
2463 5621 2555 5674 τὸν
2572 5618 2934 5690 πατριάρχην.
2953 5617 3114 5671 Ἀλλά
3131 5616 3358 5686 λείψανα
3379 5614 3656 5686 τραπέζης
3670 5610 3821 5696 [404]

2156 5695 2395 5776 ἀκούων,
2430 5707 2596 5780 μηδὲν
2635 5705 2889 5778 αἰσθητὸν
2930 5703 3276 5776 ὑποπτεύσῃς
3300 5721 3312 5734 ·
3347 5701 3470 5756 οὔτε
3505 5702 3613 5774 γὰρ
3638 5695 3726 5754 οἷα
3755 5699 3821 5753 τὸ

2161 5797 2270 5853 τῶν
2300 5795 2614 5866 ἐδεσμάτων
2645 5792 2890 5864 λείψανα,
2929 5791 3155 5846 τοιαῦτά
3183 5792 3288 5844 εἰσι
3332 5789 3428 5844 καὶ
3473 5788 3542 5842 τά
3579 5802 3822 5857 πνευμαρ

2234 5949 2257 5977 °
2299 5944 2453 5994 Savil.
2480 5948 2534 5994 et
2569 5955 2658 5994 sex
2696 5955 2808 5992 mss.
2835 5943 3087 6002 περιτομὴν
3114 5939 3192 5986 καὶ
3214 5931 3334 6000 ὁμοῦ
3355 5934 3435 5984 καὶ
3459 5933 3546 5996 τῷ.
