4092 6408
350 411 456 471 569

346 527 493 583 τικά.
527 527 740 584 Ἐκεῖνα
775 529 873 601 μέν
897 529 1006 603 γὰρ
1027 530 1170 585 ’ἐωλα
1190 534 1453 604 γινόμενα
1481 535 1542 590 οὑ
1562 536 1661 608 τὴν
1687 538 1856 610 αὑτὴν
1878 557 1952 593 πα
1962 557 2023 610 ρ-

345 616 462 686 έχει
503 617 697 688 ἡδονὴν
734 619 846 681 τοῖς
879 618 1262 688 ἑστιωμένοιςσ
1293 624 1342 675 εί
1386 621 1444 675 δὲ
1479 624 1573 677 καὶ
1613 624 1742 695 μίαν
1775 627 1870 679 καὶ
1903 627 2024 680 δευ-

345 707 514 776 τέραν
543 705 756 776 ἡμέραν
789 707 1197 778 καταλειφθείη,
1237 709 1487 781 ἀχρηστα
1508 711 1694 766 λοιπὸν
1728 715 1903 786 πάντη
1935 716 2024 784 γί-

346 807 498 844 νεται
519 807 532 821 ο
561 791 734 844 ταῦτα
765 791 822 844 δέ
849 791 919 845 τά
942 792 1172 862 λείψανα
1201 795 1263 848 οὑ
1305 797 1435 866 μίαν
1467 799 1560 853 καὶ
1591 799 1848 876 δευτέραν
1889 803 2024 871 ἡμέ-

349 894 470 960 ραν.
501 878 639 932 ἀλλὰ
663 877 765 931 κᾶν
786 879 1024 949 διηνεκεῖ
1046 879 1122 951 τῷ
1150 883 1307 935 αἰῶνι
1331 884 1746 956 καταλείπηται,
1775 888 1875 960 τὴν
1902 889 2023 958 ίσην

343 957 611 1036 ὠφέλειαν
638 966 956 1038 παρέχεται,
988 969 1084 1021 καὶ⁹
1110 968 1208 1041 τὴν
1237 971 1430 1043 ήδονὴν
1452 974 1552 1026 οὑκ
1577 957 1840 1028 ἀπόλλυσί
1859 993 1872 1006 ·
1903 976 2023 1031 θεῖα

343 1053 454 1126 γάρ
486 1055 604 1108 ἐστι
633 1055 726 1107 καὶ
755 1055 1120 1126 πνευματικὰ,
1157 1058 1251 1110 καὶ
1276 1058 1532 1129 οὐδεμίαν
1565 1061 1669 1114 ὑπὸ
1696 1062 1791 1116 τοῦ
1827 1062 2020 1134 χρόνου

345 1141 552 1212 βλάϐην
592 1141 904 1211 ὑφίσταται,
940 1142 1074 1196 ἀλλά
1112 1143 1236 1197 καθ’
1276 1145 1512 1217 ἐκάστην
1560 1148 1770 1218 ἡμέραν
1819 1149 2021 1220 νεαρὰν

341 1229 579 1283 δείκνυσι
607 1231 706 1300 τὴν
732 1230 916 1302 χάριν,
946 1230 1040 1283 καὶ
1069 1231 1271 1302 πολλῆς
1297 1233 1604 1304 ἐμπίπλησι
1629 1237 1727 1307 τῆς
1754 1237 2022 1308 εὐφροσύ-

343 1334 442 1387 νης
494 1318 622 1381 τοὺς
664 1316 960 1370 ἀπολαύειν
1011 1317 1216 1372 τούτων
1287 1317 1660 1389 βουλομένους.
1723 1321 1875 1375 Ἐπεὶ
1929 1319 2020 1378 οὑν

342 1405 567 1475 τοιαύτη
606 1402 812 1457 τούτων
839 1404 949 1457 τῶν
979 1404 1249 1475 λειψάνων
1296 1409 1328 1477 ἡ
1379 1406 1631 1476 δύναμις,
1676 1410 1829 1480 φέρε.
1884 1411 2022 1482 μετά

343 1493 655 1565 προθυμίας
684 1495 776 1546 καὶ
797 1493 956 1564 ὑμεῖς
987 1493 1089 1563 τῆς
1114 1494 1223 1547 ἀπὸ
1247 1495 1452 1548 τούτων
1477 1496 1830 1562 ἀπολαύσεως
1854 1502 2023 1569 ἐμφο-

348 1581 571 1654 ρήθητε,
608 1580 703 1632 καὶ
725 1583 887 1650 ἡμεῖς
916 1579 1247 1653 θαρροῦντες
1277 1582 1457 1636 αὑτῶν
1478 1586 1544 1654 τῇ
1575 1585 1803 1655 δυνάμει
1838 1604 2020 1658 παρα-

344 1669 528 1741 θῶμεν
557 1667 698 1721 αὑτά
721 1671 786 1738 τῇ
810 1669 1055 1741 ὑμετέρᾳ
1076 1669 1287 1741 ἀγάπῃ.
1327 1669 1468 1722 Ἀλλ’
1494 1671 1580 1725 ίνα
1605 1673 1730 1744 δόξῃ
1756 1675 2022 1743 σαφέστε-

347 1774 441 1830 ρος
479 1757 608 1827 ὑμῖν
649 1756 895 1824 γίνεσθαι
938 1757 965 1809 ὁ
998 1756 1176 1825 λόγος,
1216 1758 1513 1826 ἀναγκαῖον
1548 1759 1642 1813 τοῦ
1690 1760 1876 1825 τέλους
1911 1763 2020 1817 τῶν

343 1845 472 1918 χθὲς
495 1843 802 1914 εἰρημένων
829 1843 1266 1913 ὑπομνησθῆναι,
1298 1845 1366 1897 ἶν’
1403 1845 1547 1899 οὑτω
1573 1851 1670 1918 τῆς
1697 1850 2018 1915 ἀκολουθίας

344 1931 752 2002 ἐπιλαὸόμενοι,
784 1932 880 2001 τῆς
915 1931 1260 1995 διδασκαλίας
1292 1932 1578 2004 ἁψώμεθα.
1614 1935 1724 2007 Τὴν
1758 1938 1887 2008 περὶ¹
1922 1939 2020 2009 τῆς

345 2019 652 2089 περιτομῆς
680 2018 897 2087 ἐντολὴν
930 2020 1010 2081 είς
1043 2019 1208 2090 μέσον
1249 2021 1687 2092 παραγαγόντες,
1723 2025 1820 2078 καὶ
1844 2026 1927 2078 ὅτι
1952 2021 2021 2078 εἶ-

347 2125 446 2162 πεν
477 2109 507 2161 0
529 2105 660 2170 Θεὸς
683 2105 764 2176 τῷ
796 2106 1130 2179 πατριάρχῃ.
1161 2109 1674 2178 Περιτμηθήσεται
1703 2110 1870 2181 ὑμῶν
1896 2111 2021 2168 πᾶν

341 2191 687 2261 ἀρσενικὸν,
710 2191 808 2245 καὶ
839 2191 1011 2245 ἔσται
1036 2193 1106 2244 ἐν
1126 2195 1354 2262 σημείῳ
1372 2193 1663 2263 διαθήκης
1688 2197 1806 2252 ἀνὰ
1824 2197 2020 2268 μέσον

341 2280 492 2358 ἐμοῦ
516 2280 615 2334 καὶ
638 2279 833 2350 ὑμῶν·
877 2280 975 2332 καὶ
1020 2279 1260 2333 παιδίον
1299 2281 1451 2335 ὀκτὼ
1482 2283 1713 2352 ἡμερῶν
1740 2301 2019 2355 περιτμη-

344 2369 592 2445 (Macta:
613 2387 627 2400 ο
656 2369 755 2422 καὶ
779 2366 847 2432 ὃς
870 2368 941 2421 οὐ
964 2367 1485 2437 περιτμηθήσεται,
1515 2369 2018 2440 ἐξολοθρευθήσε-

341 2472 441 2521 ται
463 2456 503 2524 ἠ
526 2454 699 2534 ψυχὴ
732 2454 957 2521 ἐκείνη,
990 2454 1080 2507 ὅτι
1109 2454 1224 2521 τὴν
1247 2455 1543 2525 διαθήκην
1566 2475 1686 2527 μου
1713 2458 2018 2514 διεσκέδαο

341 2557 484 2599 σεν·
510 2542 741 2604 ἐνταῦθα
765 2545 845 2606 είς
879 2543 968 2596 τὸν
993 2542 1091 2612 τῆς
1121 2543 1425 2615 περιτομῆς
1456 2543 1616 2613 λόγον
1641 2546 1739 2617 τήν
1767 2547 2019 2601 διδασκα-

343 2628 466 2694 λίαν
507 2628 923 2700 κατελύσαμενο
961 2630 1055 2683 καὶ⁵
1089 2629 1177 2683 ἴνα
1214 2631 1289 2700 μὴ
1326 2630 1404 2701 τῷ
1429 2630 1624 2702 πλήθει
1652 2631 1760 2685 τῶν
1787 2633 2016 2705 λεγομέο

341 2733 451 2779 νων
472 2714 880 2798 καταχώσωμεν
897 2715 1051 2792 ὑμῶν
1075 2715 1171 2786 τὴν
1192 2715 1450 2782 διάνοιαν,
1481 2719 1794 2790 περαιτέρω
1825 2721 2018 2792 προελ-

343 2803 458 2856 θεῖν
490 2804 592 2856 οὑκ
635 2802 1001 2874 ἠνεσχόμεθα,
1033 2803 1168 2856 Οὑδέ
1202 2803 1311 2875 γάρ
1338 2804 1495 2857 τοῦτο
1525 2809 1682 2875 μόνον
1711 2809 1856 2861 ἐστίν
1884 2811 2017 2880 ήμῖν

341 2890 404 2955 τὸ
433 2889 964 2968 σπουδαζόμενον,τὸ
980 2889 1151 2942 πολλά
1178 2893 1351 2947 εἰπεῖν
1370 2893 1466 2944 καὶ⁸
1489 2893 1863 2964 ἀναχωρῆσαι,
1881 2895 2018 2950 ἀλλά

344 2979 684 3059 συμμετρεῖν
711 2977 1015 3048 βουλόμεθα
1040 2981 1105 3049 τῇ
1128 2979 1355 3050 δυνάμει
1379 2983 1445 3050 τῇ
1475 2981 1719 3053 ὑμετέρᾳ
1740 2982 1833 3035 τοῦ
1857 2984 2015 3054 λόγου

341 3066 444 3136 τὴν
471 3064 842 3132 διδασκαλίαν,
871 3065 966 3118 ἱ⁴να
995 3066 1420 3137 καρπωσάμενοί
1448 3084 1501 3119 τι
1524 3071 1586 3120 ἐκ
1611 3068 1710 3136 τῆς
1731 3070 1838 3122 τῶν
1865 3071 2018 3139 λεγο-

345 3145 526 3230 μένων
571 3151 859 3222 ὠφελείας,
893 3152 1069 3216 οὑτως
1109 3153 1291 3206 οἴκαδε
1341 3153 1543 3216 πάντες
1600 3155 2012 3227 ἀναχωρήσητε.

341 3240 480 3310 φέρε
517 3235 610 3293 οὖν
637 3232 704 3293 τὰ
726 3239 1021 3310 λειπόμενα
1051 3239 1379 3311 προσθῶμεν
1403 3245 1516 3304 τοῖς
1541 3242 1887 3311 εἰρημένοις,
1923 3245 2018 3297 καὶ

343 3327 546 3397 ἴδωμεν
581 3327 718 3397 μετά
751 3325 848 3395 τὴν
883 3326 982 3398 τῆς
1010 3327 1314 3397 περιτομῆς
1344 3327 1582 3397 ἐντολὴν,
1622 3328 1673 3380 τί
1704 3330 1960 3399 προσθεὶς
1988 3333 2017 3384 0

344 3411 731 3484 φιλάνθρωπος
761 3413 896 3476 Θεὸς
915 3412 1224 3480 διαλέγεται
1243 3412 1320 3482 τῷ
1353 3415 1685 3487 πατριάρχῃ.
1725 3416 1835 3468 Καὶ
1863 3413 2013 3479 εἷπε,

341 3490 530 3570 φησὶν,
561 3503 594 3554 ό
621 3501 764 3566 Θεὸς
788 3497 868 3564 τῷ
900 3498 1148 3568 Ἀϐραάμ
1167 3513 1181 3528 ·
1209 3498 1372 3567 Σάρα
1395 3503 1432 3568 ἡ
1463 3503 1614 3570 γυνή
1633 3518 1749 3556 σου
1773 3505 1844 3557 οὐ
1871 3507 2017 3572 κλη-

341 3577 588 3654 θήσεται
621 3587 688 3641 τὸ
719 3578 906 3656 ὄνομα
942 3585 1133 3654 αὐτῆς
1187 3586 1368 3654 Σάρα,
1400 3588 1561 3641 ἀλλὰ
1611 3588 1811 3656 Lippa
1844 3591 2017 3644 ἔσται

342 3676 410 3729 τὸ
441 3675 629 3744 ὄνομα
654 3673 866 3742 αὐτῆς.
911 3675 1122 3744 ’Ὠσπερ
1147 3674 1249 3738 σοὶ,
1279 3674 1433 3744 φησὶ,
1462 3674 1524 3726 τὸ
1555 3679 1814 3746 στοιχεῖον
1848 3695 2016 3748 προσ-

341 3761 455 3820 θεὶς
485 3763 754 3832 ἐμήνυσα,
783 3761 865 3814 ὅτι
896 3761 1078 3831 πατὴρ
1112 3759 1206 3834 ἔσῃ
1249 3759 1458 3812 πολλῶν
1501 3760 1689 3822 ἐθνῶν,
1735 3763 1877 3816 οὑτω
1920 3765 2014 3821 καὶ

341 3853 407 3919 τῇ
444 3850 596 3921 Σάρα
627 3849 827 3917 ὁμοίως
859 3844 1193 3918 προστίθημι
1224 3847 1284 3900 :0
1313 3851 1595 3917 στοιχεῖον,
1621 3850 1706 3901 ἵνα
1733 3851 1909 3924 μάθῃς
1933 3853 2012 3906 ὅτι

341 3939 438 4007 νῦν
469 3941 498 3992 ὁ
527 3931 719 4009 καιρὸς
757 3937 883 4008 ἦκει
910 3935 1006 3989 τοῦ
1054 3938 1134 3999 εἰς
1167 3935 1328 4006 ἔργον
1357 3936 1533 3990 ἐλθεῖν
1576 3938 1643 3990 τὰ
1685 3939 1848 3992 πάλαι
1885 3942 2013 4012 παρ’

341 4025 475 4095 ἐμοῦ
497 4022 922 4093 ἐπαγγελθέντα.
956 4023 1162 4075 Ἔσται
1187 4022 1318 4092 γὰρ,
1348 4024 1503 4092 φησὶ,
1531 4023 1596 4075 τὸ
1623 4023 1809 4092 ὄνομα
1824 4026 2014 4095 αὐτῆς

343 4101 559 4182 Σὰῥγδα.
589 4106 924 4180 Εὐλογήσω
949 4109 1016 4161 δέ
1039 4108 1254 4176 αὐτὴν,
1280 4111 1378 4162 καὶ
1406 4109 1577 4163 δώσω
1599 4124 1695 4163 σοι
1726 4111 1794 4177 ἐξ
1823 4113 2015 4181 αὐτῆς

342 4201 582 4266 τέκνον,
623 4199 722 4252 καὶ
763 4195 1078 4268 εὐλογήσω
1106 4195 1315 4262 αὑτὸν,
1351 4195 1450 4250 καὶ
1489 4198 1660 4251 ἔσται
1688 4201 1776 4263 εις
1815 4200 2010 4267 ἔθνος,

342 4285 736 4352 καὶβασιλεῒς
749 4284 939 4338 ἐθνῶν
957 4284 1025 4348 ἐξ
1049 4283 1235 4337 αὑτοῦ
1255 4283 1696 4346 ἐξελεύσονται.
1737 4285 1837 4338 Διά
1857 4287 2014 4340 τοῦτο

343 4372 632 4446 προλαὸὼν
651 4371 744 4441 τοῦ
771 4370 1034 4441 στοιχείου
1065 4371 1163 4440 τὴν
1187 4370 1504 4440 προσθήκην
1535 4371 1897 4442 ἐποιησάμην,
1928 4373 2014 4425 ἵνα

345 4462 526 4536 μάθῃς
551 4461 632 4512 ὅτι
677 4459 892 4521 πάντως
920 4455 1076 4511 ’ἔσται
1107 4457 1173 4511 τὰ
1203 4457 1333 4528 παρ’
1368 4457 1500 4528 ἐμοῦ
1530 4458 1815 4528 λεγόμενα.
1861 4461 2013 4530 Μηδὲ

346 4543 492 4622 πρὸς
532 4549 632 4619 τὴν
674 4547 957 4618 ἀσθένειαν
992 4545 1091 4614 τῆς
1137 4545 1349 4612 φύσεως
1387 4545 1608 4616 ἀφορῶν
1655 4547 2009 4618 καταπέσῃς·

343 4639 476 4707 ἀλλά
521 4630 657 4708 πρὸς
694 4636 754 4688 τὸ
791 4634 1019 4705 μέγεθος
1049 4633 1148 4702 τῆς
1175 4632 1453 4702 δυνάμεως
1481 4633 1578 4702 τῆς
1602 4635 1736 4704 ἐμῆς
1775 4635 2011 4688 amem-

343 4745 482 4798 πων,
521 4720 798 4796 θάρσησον
825 4725 936 4785 τοῖς
969 4721 1101 4792 παρ’
1143 4719 1276 4791 ἐμοῦ
1312 4720 1643 4790 λεγομένοις.
1683 4723 2012 4790 Ευλογήσω

349 4813 450 4898 γὰρ
479 4802 695 4880 αὐτὴν,
721 4810 820 4864 καὶ
848 4808 1020 4862 δώσω
1047 4805 1145 4862 σοι
1164 4807 1233 4894 ἐξ
1263 4805 1455 4874 αὐτῆς
1478 4807 1708 4898 τέκνον,
1744 4807 1894 4898 [ᾼιίθξῆ
1915 4809 2012 4898 καὶ

342 4891 657 4969 εὐλογήσω
697 4899 906 4964 αὑτὸν,
939 4896 1038 4950 καὶ
1066 4891 1237 4952 ἔσται
1272 4896 1359 4959 εὶς
1406 4895 1573 4961 ἔθνη,
1601 4895 1697 4950 καὶ
1730 4895 2012 4962 ,βασιλεῖς

343 4987 532 5043 ἐθνῶν
564 4987 632 5051 ἐξ
659 4985 844 5040 αὑτοῦ
869 4984 1315 5050 ἐξελεύσονται.
1356 4981 1526 5052 ’Υπὲρ
1555 4983 1712 5050 φύσιν
1735 4984 2009 5054 ἀνθρωπί-

343 5093 440 5147 νην
468 5075 538 5129 τὰ
581 5073 1008 5142 ἐπαγγελθέντα,
1043 5072 1137 5125 καὶ
1161 5071 1343 5141 ὅμοιον
1372 5065 1440 5141 ἦν
1466 5070 1540 5133 ὡς
1570 5070 1635 5124 ἂν
1660 5073 1708 5122 εἰ
1743 5072 2011 5142 ὑπέσχετο

342 5159 449 5234 ἀπὸ
475 5163 640 5218 λίθων
671 5160 992 5231 ἀνθρώπους
1020 5161 1262 5230 ποιῆσαι.
1293 5159 1458 5212 υύδέν
1512 5159 1620 5230 γὰρ
1675 5160 1836 5217 λίθων
1867 5157 2006 5232 ἦσαν

343 5253 742 5325 διενηνοχότες,
779 5250 904 5304 ὅσον
939 5249 1075 5320 πρὸς
1118 5248 1180 5300 τὸ
1226 5250 1422 5310 τεκεῖν,
1464 5248 1557 5300 καὶ
1595 5250 1624 5300 0
1670 5249 2012 5320 πατριάρχης

343 5343 449 5410 ὑπὸ
477 5340 571 5396 τοῦ
600 5342 787 5411 γήρως
815 5337 998 5394 λοιπὸν
1027 5336 1389 5411 ἀνενέργητος
1424 5334 1520 5400 ῶν,
1549 5337 1642 5389 καὶ
1669 5337 1805 5408 πρὸς
1828 5338 2012 5391 παιδο-

345 5411 845 5499 ποιίανάχρηστος,
887 5428 1044 5496 καὶὴ
1100 5427 1286 5496 Σάρρα
1332 5425 1469 5495 μετά
1522 5425 1624 5494 τῆς
1673 5415 2012 5495 στειρώσεως

346 5515 548 5584 ἔχουσα
582 5516 677 5583 καὶ
697 5514 794 5584 τὴν
823 5513 932 5566 ἀπὸ
959 5512 1060 5581 τῆς
1086 5511 1299 5582 ἡλικίας
1319 5512 1413 5564 καὶ
1444 5511 1537 5565 τοῦ
1567 5515 1751 5582 γήρως
1777 5515 2013 5584 προσθή-

347 5615 470 5666 κην.
523 5599 660 5651 Ἀλλ’
677 5599 706 5650 0
733 5597 940 5659 δίκαιος
971 5596 1142 5650 ταῦτα
1173 5596 1384 5648 ἀκούων
1411 5596 1506 5649 καὶ
1527 5596 1761 5665 νομίζων
1787 5599 1884 5667 τὴν
1909 5599 2012 5651 πά-

353 5683 445 5736 λαι
479 5683 856 5754 γεγενημένην
879 5683 1031 5754 παρά
1056 5682 1150 5736 τοῦ
1180 5682 1314 5735 Θεοῦ
1351 5683 1682 5752 ἐπαγγελίαν
1718 5685 2014 5757 ἐκϐεϐηκέ-

349 5787 439 5840 ναι
465 5772 544 5834 είς
572 5772 663 5824 τὸν
701 5771 942 5842 Ἰσμαήλ·
968 5769 1154 5842 ἐπειδὴ
1179 5771 1288 5840 γὰρ
1310 5768 1450 5834 εἷπε,
1479 5764 1581 5824 Σοί
1610 5772 1715 5825 καὶ
1735 5771 1813 5838 τῷ
1832 5777 2014 5842 σπέρ-

348 5857 488 5937 ματί
511 5874 626 5922 σου
647 5857 818 5924 δώσω
844 5858 958 5926 τὴν
975 5856 1094 5929 γῆν
1115 5850 1363 5926 ταύτην,
1380 5858 1440 5912 οὑ
1456 5858 1689 5930 διέκρινε
1705 5858 1760 5912 δὲ
1781 5861 1860 5914 ὅτι
1881 5860 2006 5931 περὶ

1199 418 1256 474 S.
1296 417 1583 477 JOAN‘NIS
1620 420 2112 480 CHRYSOSTOMI
2149 423 2476 482 ARCHIEP.
2517 425 3070 489 CONSTANTINOP.

3697 434 3801 494 370

2135 539 2228 594 τοῦ
2251 541 2359 595 ἀπο
2395 541 2493 612 τῆς
2537 541 2752 615 Σάρρας
2796 551 3116 618 τικτομένου
3159 547 3312 618 φησὶ,
3359 547 3630 618 ἐλογίζετο
3678 549 3802 603 καθ’

2132 627 2324 682 ἑαυτὸν
2341 629 2423 682 ὅτι
2445 631 2514 682 τὰ
2535 630 2633 702 τῆς
2667 631 3013 702 ὑποσχέσεως
3033 633 3300 705 ἐκϐέϐηκε
3317 649 3332 665 ⁶
3359 637 3473 689 νυνὶ
3501 635 3557 688 δὲ
3587 636 3802 689 ἀκούων

2132 715 2340 786 Κυρίου
2374 716 2469 770 τοῦ
2491 716 2628 770 Θεοῦ
2647 717 2922 786 λέγοντος,
2949 720 3030 773 ὅτι
3057 720 3391 792 Εὐλογήσω
3410 720 3524 789 τὴν
3543 720 3800 789 Σὰρῤαν,

2134 802 2234 856 καί
2250 795 2421 857 δώσω
2444 821 2543 859 σοι
2564 805 2634 869 ἐξ
2649 805 2842 875 αὐτῆς
2860 807 3098 874 τέκνον,
3126 809 3227 862 καὶ
3254 808 3570 878 εὐλογήσω
3591 807 3801 875 αὐτὸν,

2132 891 2230 945 καὶ
2265 893 2436 946 ἔσται
2458 895 2546 959 είς
2563 892 2707 962 ἔθνη
2729 913 2742 925 ι
2768 895 2862 948 καὶ
2902 896 3085 959 πάλιν,
3131 897 3228 960 Ἐξ
3260 897 3495 950 ἐκείνου
3517 896 3800 963 ,βασιλεῖς

2130 979 2322 1034 ἐθνῶν
2361 981 2816 1046 ἐξελεύσονται·
2860 984 2961 1037 οὑκ
2999 983 3135 1054 ἔχων
3167 984 3196 1036 δ
3223 1001 3275 1036 τι
3315 983 3443 1055 είπῃ
3496 983 3641 1053 (οὕτε
3689 984 3802 1056 γὰρ

2130 1069 2382 1122 ἀπιστεῖν
2413 1068 2646 1138 ἠδύνατο
2667 1072 2781 1135 τοῖς
2808 1071 2960 1143 παρὰ
2985 1071 3080 1124 τοῦ
3107 1071 3242 1125 Θεοῦ
3279 1071 3616 1142 λεγομένοις,
3651 1071 3800 1141 φιλό-

2133 1154 2256 1219 θεος
2286 1155 2405 1228 ὢν),
2442 1159 2538 1211 καὶ
2571 1159 2710 1229 πρὸς
2753 1160 2853 1229 τὴν
2896 1160 3114 1230 ἡλικίαν
3147 1161 3290 1230 ὁρῶν
3319 1162 3418 1233 τὴν
3447 1161 3663 1227 ἐαυτοῦ,
3706 1163 3802 1215 καὶ

2131 1244 2268 1314 πρὸς
2294 1245 2393 1315 τὴν
2415 1245 2516 1315 τῆς
2538 1245 2755 1317 Σάρρας
2779 1247 3066 1320 στείρωσιν
3093 1247 3192 1319 τὴν
3225 1248 3418 1319 μέχρις
3444 1249 3661 1320 ἐκείνης
3687 1251 3802 1322 ήλι-

2130 1331 2255 1394 κίας
2290 1332 2688 1402 γεγενημένην,
2726 1335 2784 1386 ἐν
2817 1334 3097 1406 ἀμηχανίᾳ
3119 1336 3376 1403 γεγονὼς,
3406 1337 3498 1389 καὶ
3526 1338 3803 1391 καταπλα-

2129 1421 2247 1489 γεὶς
2275 1419 2367 1472 τοῦ
2401 1419 2534 1472 Θεοῦ
2558 1420 2655 1490 τὴν
2684 1421 2996 1491 ὑπόσχεσιν,
3023 1423 3267 1487 Ἔπεσε,
3301 1424 3482 1493 φησὶν,
3504 1425 3597 1478 ἐπὶ
3624 1427 3802 1494 πρόσ-

2129 1525 2314 1572 ωπον,
2341 1507 2439 1560 καὶ
2469 1506 2784 1574 ἐγέλασεν.

2203 1647 2269 1718 β’.
2296 1643 2416 1702 Εϊδε
2437 1649 2535 1719 τὴν
2565 1647 2872 1719 ὑπερϐολὴν
2891 1651 2990 1721 τῆς
3011 1644 3378 1721 ὑποσχέσεως,
3397 1653 3492 1706 καὶ
3512 1653 3608 1725 τῆς
3633 1655 3801 1708 δυνά-

2132 1753 2285 1807 μεως
2299 1736 2391 1789 τοῦ
2413 1737 2880 1808 ἐπαγγειλαμένου
2904 1739 2964 1791 τὸ
2986 1738 3212 1810 μέγεθος
3236 1741 3515 1809 ἐννοήσας,
3538 1744 3803 1796 Ἔπεσεν

2128 1824 2228 1876 ἐπὶ
2268 1824 2614 1891 πρόσωπον,
2659 1826 2756 1877 καὶ
2798 1824 3114 1895 ἐγέλασεν,
3163 1827 3284 1879 ἀντὶ
3330 1827 3438 1892 τοῦ,
3497 1829 3802 1901 περιχαρὴς

2130 1907 2378 1975 ἐγένετο’
2405 1907 2500 1960 καὶ
2527 1908 2666 1961 κατὰ
2695 1910 2820 1972 τοὺς
2853 1912 2951 1978 τῆς
2984 1908 3216 1973 διανοίας
3255 1910 3548 1981 λογισμοὺς
3578 1913 3799 1978 ἐνενόει,

2130 1994 2246 2057 πῶς
2275 1993 2341 2048 ἂν
2371 1994 2510 2048 κατά
2532 1995 2879 2066 ἀνθρωπίνην
2902 1996 3222 2051 ἀκολουθίαν
3245 1997 3402 2051 τοῦτο
3420 1999 3629 2066 γένοιτό
3646 2018 3800 2066 ποτε,

2132 2083 2226 2137 καὶ
2243 2086 2290 2137 εί
2307 2083 2382 2154 τῷ
2403 2085 2776 2140 ἐκατονταέτει
2801 2085 3013 2138 παιδίον
3026 2087 3337 2156 γενήσεται,
3357 2088 3451 2140 καὶ
3469 2088 3518 2139 εἰ
3538 2089 3571 2158 ή
3592 2091 3802 2159 στεῖρα,

2131 2171 2225 2224 καὶ
2254 2171 2448 2242 μέχρις
2477 2173 2830 2243 ἐννενήκοντα
2878 2173 3014 2226 ἐτῶν
3044 2174 3236 2241 ἄγονος
3273 2175 3616 2244 διαμείνασα,
3656 2176 3805 2240 ἐξαί-

2129 2277 2267 2330 φνης
2291 2259 2578 2329 δυνήσεται
2598 2261 2732 2331 πρὸς
2747 2261 3092 2331 τεκνογονίαν
3111 2254 3472 2334 διεγερθῆναι.
3499 2265 3605 2317 Καὶ
3626 2264 3806 2319 ταῦτα

2129 2352 2273 2405 κατά
2303 2353 2401 2423 τήν
2428 2351 2666 2406 διάνοιαν
2691 2351 3068 2423 λογισάμενος,
3100 2354 3202 2406 οὑκ
3234 2353 3499 2424 ἐτόλμησέ
3539 2372 3591 2407 τι
3625 2356 3803 2408 τοιοῦ-

2127 2457 2221 2494 τον
2252 2441 2340 2495 διὰ
2367 2441 2465 2511 τῆς
2502 2440 2748 2511 γλώττης
2787 2445 3160 2512 προενεγκεῖν,
3191 2441 3327 2496 ἀλλά
3361 2443 3576 2506 δεικνὺς
3601 2444 3800 2498 ἐαυτοῦ

2127 2532 2226 2602 τήν
2281 2531 2731 2601 εὐγνωμοσύνην,
2791 2532 3139 2604 παράκλησιν
3187 2535 3454 2605 προσάγει
3518 2536 3646 2604 περὶ
3703 2535 3800 2588 τοῦ

2141 2619 2380 2689 Ἰσμαὴλ,
2405 2621 2684 2690 μονονουχὶ
2713 2618 2913 2687 λέγων·
2933 2619 3197 2684 Δέσποτα,
3227 2621 3540 2691 ἀρκούντως
3567 2638 3634 2689 με
3658 2639 3804 2693 παρ-

2128 2705 2410 2776 εμυθήσω,
2447 2707 2541 2760 καὶ
2589 2708 2690 2777 τὴν
2729 2707 2794 2760 ἐκ
2839 2707 2938 2772 τῆς
2976 2707 3234 2770 ἀπαιδίας
3277 2707 3518 2777 ἀθυμίαν
3554 2712 3619 2780 τῇ
3655 2709 3802 2764 δόσει

2068 2819 2070 2821 ·
2125 2793 2219 2846 τοῦ
2253 2793 2476 2865 Ίσμαήλ
2496 2797 2576 2857 είς
2599 2793 2939 2864 εὐφροσύνην
2958 2795 3270 2864 μετέϐαλες.
3299 2796 3434 2849 Οὑδέ
3449 2797 3577 2868 γὰρ,
3605 2798 3801 2854 τούτου

2126 2881 2431 2952 τεχθέντος,
2458 2881 2644 2934 λοιπὸν
2668 2881 2772 2935 κᾶν
2787 2886 2844 2936 ἐν
2869 2883 3078 2953 διανοίᾳ
3091 2882 3284 2936 ἔλαϐον
3307 2884 3340 2954 ἢ
3365 2885 3624 2953 ἐνενόησά
3646 2901 3797 2944 ποτε,

2126 2970 2207 3022 ὅτι
2235 2970 2298 3022 ἐκ
2322 2968 2424 3038 τῆς
2450 2968 2667 3039 Σάῤῥας
2691 2968 2844 3022 ἔσται
2877 2986 2967 3040 μοι
3001 2972 3150 3032 παῖς,
3177 2969 3291 3022 ἀλλ’
3317 2971 3438 3024 οὑδέ
3477 2971 3612 3041 αὑτὴ
3640 2970 3801 3024 τοῦτο

2126 3058 2494 3128 προσεδόκησε
2517 3074 2530 3087 ο
2563 3057 2644 3110 διὸ
2671 3057 2766 3111 καὶ
2804 3058 2904 3128 τὴν
2927 3058 3106 3128 ’Ἅγαρ
3147 3075 3237 3128 μοι
3282 3059 3621 3129 παρέδωκεν,
3688 3061 3796 3112 ἁπ-

2127 3144 2476 3216 αγορεύσασα
2518 3145 2586 3197 τά
2620 3144 2740 3198 καθ’
2770 3146 2987 3215 ἑαυτήν.
3045 3144 3256 3215 Ἰκανὴν
3287 3145 3465 3198 τοίνυν
3500 3146 3800 3216 ἀμφότεροι

2125 3234 2224 3305 τήν
2251 3232 2603 3304 παραμυθίαν
2633 3234 2946 3302 ἐσχήκαμεν
2975 3231 3256 3302 τεχθέντος
3291 3233 3388 3285 τοῦ
3429 3232 3674 3302 Ἰσμαήλ.
3700 3226 3802 3286 Οὖ-

2123 3338 2216 3384 τος
2245 3316 2339 3373 οὖν
2367 3321 2396 3373 0
2429 3319 2578 3389 παρὰ
2609 3319 2699 3372 σοῦ
2729 3319 2904 3382 δοθεὶς
2932 3321 3062 3389 ἡμῖν
3103 3319 3251 3391 ζήτω
3281 3321 3518 3372 ἐναντίον
3554 3337 3672 3383 σου,
3702 3319 3801 3374 καὶ

2132 3407 2412 3480 ἀρκοῦσαν
2443 3407 2636 3478 ἕξομεν
2659 3407 2758 3477 τὴν
2781 3406 3154 3478 παράκλησιν.
3179 3408 3273 3460 καὶ
3302 3406 3363 3459 τὸ
3383 3408 3556 3478 γῆρας
3579 3407 3638 3460 τὸ
3658 3408 3800 3478 ήμέ-

2125 3511 2283 3567 τερον
2309 3495 2341 3565 ή
2370 3493 2560 3546 τούτου
2583 3493 2696 3564 ζωὴ
2717 3493 3198 3564 παραμυθήσεται.
3228 3493 3293 3545 Τί
3325 3489 3419 3546 οὖν
3440 3495 3468 3546 ὁ
3498 3494 3802 3565 φιλάνθρω-

2124 3599 2226 3646 πος
2249 3582 2556 3651 Δεσπότης;
2600 3581 2816 3652 Ἐπειδὴ
2836 3581 3036 3645 ἱκανῶς
3060 3581 3155 3633 καὶ
3182 3579 3278 3633 τοῦ
3302 3581 3511 3634 δικαίου
3527 3581 3628 3651 τῆς
3656 3581 3800 3650 γνώ-

2127 3687 2234 3740 μης
2256 3668 2316 3722 τὸ
2348 3669 2592 3737 φιλόθεον
2620 3668 2707 3722 διὰ
2734 3669 2832 3739 τῆς
2860 3669 2954 3721 τοῦ
2989 3669 3183 3740 χρόνου
3216 3669 3578 3736 παρατάσεως
3600 3669 3802 3722 ἐϐασά-

2123 3773 2262 3814 νισε,
2293 3758 2387 3809 καὶ
2417 3756 2517 3826 τῆς
2540 3757 2754 3827 Σάρρας
2781 3756 2879 3827 τὴν
2910 3756 3113 3819 πίστιν,
3147 3756 3240 3808 καὶ
3273 3753 3410 3808 εἶδεν
3453 3757 3798 3828 ἀμφοτέρους

2123 3844 2634 3914 ἀπαγορεύσαντας,
2660 3845 2754 3896 καὶ
2782 3843 2870 3896 τὸν
2899 3843 2997 3914 μὲν
3021 3844 3107 3897 διὰ
3136 3844 3196 3896 τὸ
3217 3844 3416 3914 γῆρας.
3447 3844 3545 3913 τὴν
3573 3844 3629 3897 δὲ
3657 3847 3800 3914 μετά

2121 3931 2220 3999 τῆς
2267 3930 2479 4002 ἡλικίας
2509 3932 2600 3983 καὶ
2643 3930 2731 3983 διὰ
2759 3930 2857 4001 τὴν
2899 3930 3201 4002 στείρωσιν,
3246 3932 3412 4001 φησί·
3450 3931 3565 3984 Νῦν
3607 3934 3798 4005 ἐπειδὴ

2122 4019 2304 4088 πάντη
2327 4019 2455 4088 ὑμῖν
2485 4017 2744 4072 ἀδύνατον
2755 4018 2911 4071 τοῦτο
2936 4014 3070 4070 εἶναι
3099 4018 3344 4086 φαίνεται
3365 4035 3377 4048 ·
3397 4018 3487 4070 διὰ
3512 4018 3620 4088 γὰρ
3638 4019 3800 4072 τοῦτο

2123 4104 2280 4174 κάγὼ
2303 4107 2402 4177 τὴν
2426 4108 2694 4175 τοσαύτην
2719 4105 3102 4177 μακροθυμίαν
3120 4107 3504 4176 ἐπεδειξάμην,
3533 4108 3619 4160 ἵνα
3639 4107 3799 4164 δείξω

2121 4197 2205 4249 ὅτι
2237 4197 2376 4268 ὑπὲρ
2408 4196 2568 4266 φύσιν
2592 4194 2941 4266 ἀνθρωπίνην
2970 4197 3117 4249 ἐστὶν
3152 4198 3184 4266 ή
3219 4195 3396 4266 δωρεά
3427 4199 3459 4266 ἡ
3498 4198 3626 4267 παρ’
3659 4197 3795 4267 ἐμοῦ

2122 4285 2495 4355 παρεχομένη,
2521 4285 2616 4337 καὶ
2644 4284 2730 4336 ἵνα
2746 4283 2841 4336 καὶ
2861 4284 3019 4354 ὑμεῖς
3045 4284 3138 4337 καὶ
3165 4284 3216 4336 οί
3245 4283 3395 4336 ἀλλοι
3418 4285 3616 4346 πάντες
3642 4283 3793 4355 [406]

2121 4373 2188 4426 δι’
2220 4372 2400 4425 αὑτῶν
2434 4370 2645 4441 μάθωσι
2675 4371 2783 4423 τῶν
2820 4371 3181 4441 πραγμάτων,
3213 4371 3293 4423 ὅτι
3325 4372 3418 4424 καὶ
3446 4372 3546 4441 τῆς
3579 4371 3796 4439 φύσεώς

2123 4462 2239 4530 εἰμι
2271 4459 2569 4529 Δεσπότης,
2600 4459 2695 4511 καλ¹
2720 4457 2856 4531 πρὸς
2875 4457 2904 4509 ὃ
2929 4457 3190 4527 βούλομαι
3225 4459 3362 4528 αὑτὴ
3390 4459 3676 4518 ὑπακούει.
3703 4461 3798 4512 καὶ

2121 4550 2258 4602 εῖκει
2295 4550 2408 4609 τοῖς
2450 4547 2604 4615 ἐμοῖς
2636 4545 3024 4615 ἐπιτάγμασιν.
3067 4546 3130 4598 Εἰ
3163 4545 3274 4616 γάρ
3309 4547 3373 4598 ἐκ
3407 4545 3502 4599 τοῦ
3543 4547 3617 4616 μὴ
3642 4547 3798 4611 δντος

2121 4635 2291 4706 αὑτὴν
2318 4634 2659 4705 παρήγαγον,
2696 4632 2875 4703 πολλῷ
2908 4633 3110 4702 μᾶλλον
3147 4634 3318 4704 αὑτὴν
3360 4635 3664 4704 γενομένην
3694 4635 3797 4705 τὴν

2123 4723 2287 4792 φύσιν
2313 4723 2406 4776 καὶ
2431 4720 2773 4792 χωλεύουσαν
2795 4719 3086 4792 διορθῶσαι
3118 4721 3434 4791 δυνήσομαι.
3468 4723 3586 4775 Ἰνα
3612 4722 3796 4774 τοίνυν

2123 4813 2348 4882 θαρρεῖν
2376 4809 2525 4881 ἔχῃς,
2563 4810 2726 4864 ἄκουε
2750 4811 2844 4864 καὶ
2877 4809 3205 4880 διεγέρθητι,
3229 4811 3323 4863 καὶ
3345 4811 3470 4873 τοὺς
3489 4811 3550 4862 ἐν
3581 4813 3647 4879 τῇ
3681 4812 3798 4862 δια-

2121 4900 2241 4969 νοίᾳ
2267 4897 2561 4968 λογισμούς
2585 4913 2680 4955 σου
2712 4895 3032 4967 κινηθέντας
3057 4897 3472 4967 παρωσάμενος,
3495 4896 3652 4967 δέχου
3683 4900 3800 4950 ἱκα-

2120 4985 2218 5056 νὴν
2261 4984 2632 5056 πληροφορίαν
2671 4985 2736 5038 ἐκ
2776 4983 2886 5036 τῶν
2926 4983 3057 5054 παρ’
3098 4983 3232 5054 ἐμοῦ
3283 4983 3610 5053 λεγομένων.
3662 4985 3795 5038 Ἰδοὺ

2120 5074 2231 5142 γὰρ
2264 5072 2450 5142 Σάρρα
2479 5073 2512 5141 ή
2541 5071 2678 5140 γυνή
2716 5088 2832 5131 σου,
2865 5071 2931 5142 ἢν
2964 5071 3206 5140 νομίζεις
3230 5070 3320 5124 διά
3350 5087 3409 5123 τε
3435 5070 3533 5141 τὴν
3569 5071 3798 5142 στείρω-

2125 5178 2228 5218 σιν,
2268 5159 2358 5212 διά
2387 5175 2444 5210 τε
2478 5157 2540 5210 τὸ
2573 5157 2754 5227 γῆρας
2790 5157 3056 5211 ἀδύνατον
3091 5157 3276 5210 λοιπὸν
3304 5161 3505 5221 τεκεῖν,
3537 5159 3678 5227 αὕτη
3711 5159 3796 5212 τέ-

2121 5247 2270 5314 ξεταί
2302 5264 2384 5300 σοι
2420 5246 2555 5299 υἱόν.
2591 5245 2703 5299 Καὶ
2730 5247 2815 5298 ἵνα
2841 5247 2974 5316 μηδὲ
3002 5246 3363 5316 ἀμφιϐάλλειν
3394 5246 3541 5318 ἔχῃς,
3577 5248 3685 5300 ἰδού
3711 5264 3795 5301 σοι

2121 5337 2213 5390 καὶ
2234 5337 2328 5406 τὴν
2356 5334 2726 5405 προσηγορίαν
2750 5333 2844 5386 τοῦ
2869 5335 3187 5403 τικτομένου
3216 5334 3534 5403 προμηνύω.
3557 5334 3660 5386 Τὸν
3684 5335 3796 5405 γὰρ

2121 5423 2438 5491 τικτόμενον
2460 5421 2715 5483 καλέσεις
2756 5420 2958 5474 Ἰσαάκ.
2999 5419 3154 5488 Πρὸς
3182 5419 3289 5491 γὰρ
3319 5420 3556 5474 ἐκεῖνον
3578 5422 3797 5489 στήσω

2121 5511 2236 5578 τὴν
2270 5509 2564 5578 διαθήκην
2606 5527 2726 5577 μου
2776 5511 2862 5574 εἰς
2905 5507 3199 5574 διαθήκην
3252 5508 3514 5565 αἰώνιον.
3561 5510 3662 5561 καὶ
3712 5508 3796 5572 τῷ

2123 5599 2416 5666 σπέρματι
2447 5595 2633 5650 αὐτοῦ
2671 5595 2798 5665 μετ’
2836 5597 3042 5649 αὐτόν.
3087 5590 3256 5658 Οὑτος
3284 5596 3392 5666 γάρ
3437 5597 3605 5657 ἐστιν,
3647 5596 3705 5648 ὃν
3735 5597 3796 5661 ἐξ

2125 5687 2300 5756 ἀρχῆς
2328 5687 2421 5739 καὶ
2448 5686 2510 5736 ἐκ
2541 5683 2841 5755 προοιμίων
2882 5700 2964 5736 σοι
2989 5683 3330 5755 ὑπεσχόμην,
3363 5683 3459 5736 καὶ
3499 5685 3580 5746 είς
3607 5683 3796 5739 τοῦτον

2122 5759 2331 5844 τὰτῆς
2368 5771 2704 5841 ἐπαγγελίας
2747 5771 2846 5841 τῆς
2875 5770 3017 5841 ἐμῆς
3063 5770 3501 5842 πληρωθήσεται.
3561 5770 3651 5823 Διὸ
3697 5773 3796 5825 καὶ

2133 5864 2312 5923 πάντα
2356 5880 2436 5916 σοι
2472 5861 2743 5936 προλέγω,
2777 5861 2875 5932 οὑχ
2911 5862 2992 5915 ὃτι
3038 5861 3250 5928 τέξεται
3302 5860 3482 5931 μόνον,
3515 5858 3649 5918 ἀλλά
3697 5859 3797 5915 καὶ
