4092 6408
463 307 570 365 569

1516 298 1582 354 IN
1620 297 1776 354 CAP.
1809 296 1974 353 XVII.
2015 294 2260 353 GENES.
2304 297 2536 356 IIOMIL.
2579 300 2692 357 XL.

3652 301 3756 361 370

463 423 576 478 illa:
631 421 774 477 enim
803 434 924 476 cum
974 416 1181 490 frigida:
1225 417 1378 473 factae
1421 413 1656 478 fuerim,
1683 412 1824 468 haud
1872 426 2054 483 parem
2156 426 2326 483 prope
2372 412 2638 484 impotens
2667 422 2824 481 erat,
2869 420 2924 471 et
2953 414 3021 470 ad
3063 415 3292 474 ﬁliorum
3329 419 3754 488 procreationem

461 518 786 586 voluptatem
809 510 1236 569 convivatorihus
1259 515 1548 580 praestant:
1578 521 1700 561 nam
1721 507 1766 560 si
1795 505 1862 560 ad
1890 520 2052 559 unum

459 618 553 664 aut
595 609 822 665 alterum
852 607 996 662 diem
1021 603 1220 659 fuerint
1248 609 1531 657 reservata;
1550 639 1566 665 ,
1597 598 1814 654 inutiles
1834 597 2053 653 omnino

461 698 628 756 liunt:
655 700 771 755 ista:
791 712 919 753 vero
932 712 1038 752 non
1059 695 1232 750 solum
1252 693 1296 749 si
1319 693 1370 747 in
1390 706 1548 747 unum
1570 700 1624 746 et
1644 689 1867 744 alterum
1887 688 2048 752 diem,

459 793 554 848 sed
617 801 672 848 et
721 789 1004 863 quantovis
1050 794 1292 857 tempore
1346 784 1550 840 relictae
1577 781 1808 845 fuerint,
1869 793 2055 850 parem

457 883 716 940 exhibent
741 883 1042 943 utilitatem,
1066 877 1416 946 eamdemque
1435 874 1665 929 alierum
1688 873 2052 941 voluptatem:

457 977 652 1032 divinae
697 975 989 1030 enimsunt
1015 980 1070 1026 et
1111 967 1446 1039 spirituales,
1499 980 1673 1035 neque
1699 964 1869 1018 ullum
1912 963 1993 1018 eis
2022 978 2052 1016 a

459 1081 700 1138 tempore
728 1072 1111 1122 nocumentum
1150 1061 1433 1124 imminet,
1468 1058 1563 1114 sed
1591 1057 1826 1128 quotidie
1856 1071 2051 1111 novum

457 1162 694 1231 vigorem
736 1158 1003 1219 afferunt,
1024 1165 1080 1211 et
1104 1171 1199 1212 eos
1227 1153 1319 1224 qui
1365 1152 1470 1206 illis
1512 1150 1615 1204 frui
1644 1148 1826 1202 volunt
1845 1188 1861 1214 ,
1889 1146 2050 1201 multa

458 1251 678 1321 implent
707 1249 906 1304 laetitia.
938 1247 1171 1303 Proinde
1191 1246 1314 1316 quia
1345 1243 1468 1298 talis
1489 1243 1675 1296 harum
1707 1240 2050 1311 reliquiarum

456 1345 536 1396 vis
561 1352 664 1406 est,
691 1357 788 1411 age
813 1339 1063 1394 alacriter
1087 1347 1144 1393 et
1173 1352 1270 1392 vos
1299 1350 1550 1406 magnam
1575 1332 1700 1389 inde
1729 1333 2050 1401 voluptatem
2069 1395 2081 1404 ο

455 1435 677 1498 auferte,
711 1447 913 1503 nosque
940 1431 1167 1485 lidentes
1184 1443 1371 1484 earum
1389 1426 1662 1492 efﬁcaciae,
1692 1439 2052 1495 proponamus

454 1541 548 1582 eas
579 1536 775 1580 vestrae
812 1523 1044 1582 caritati.
1091 1521 1292 1576 Verum
1320 1529 1377 1574 ut
1418 1519 1570 1574 vobis
1611 1532 1789 1573 sermo
1820 1516 1910 1572 ille
1937 1531 2052 1571 ma-

455 1617 702 1673 nifestior
716 1615 974 1680 videatur,
992 1628 1171 1685 operte
1187 1615 1414 1682 pretium
1429 1609 1587 1665 fuerit
1602 1608 1910 1665 meminisse
1931 1607 2051 1663 linis

454 1709 571 1766 beri
607 1709 911 1774 dictorum,
946 1717 1003 1762 ut
1041 1707 1120 1761 sic
1161 1704 1408 1759 ordinem
1435 1717 1499 1757 ac
1537 1703 1732 1757 seriem
1777 1701 2048 1770 assequuti

451 1803 748 1860 doctrinam
769 1801 1109 1872 attingamus.
1135 1798 1258 1853 Heri
1281 1806 1608 1868 prmceptum
1627 1795 2049 1851 circumcisionis

450 1896 769 1951 adduximus
795 1895 847 1950 in
875 1893 1125 1959 medium,
1153 1901 1208 1947 et
1234 1891 1433 1945 dictum
1461 1887 1589 1944 illud
1619 1888 1708 1943 Dei
1726 1886 1791 1941 ad
1818 1887 2048 1957 patriar-

449 1988 607 2042 cham
640 2003 655 2042 :
688 1985 1088 2041 Circumcidetur
1127 1999 1274 2037 omne
1327 1981 1663 2036 masculinum
1707 1988 1959 2045 vestrum,
2004 1986 2049 2033 et

450 2079 543 2132 erit
570 2078 623 2132 in
655 2080 854 2148 signum
891 2074 1173 2129 testamenti
1199 2074 1331 2127 inter
1375 2089 1455 2126 me
1477 2080 1524 2126 et
1555 2087 1661 2126 vos.
1695 2069 1763 2125 Et
1794 2086 1918 2141 puer
1937 2079 2049 2124 octo

448 2171 648 2223 dierum
685 2166 1092 2221 circumcidetur.
1125 2164 1193 2219 Et
1216 2166 1302 2236 qui
1337 2180 1440 2219 non
1477 2164 1802 2218 circumcisus
1847 2163 1999 2233 fuerit
2027 2203 2044 2228 ,

455 2261 637 2332 peribit
681 2260 854 2312 anima
891 2257 1009 2322 illa,
1032 2257 1154 2327 quia
1183 2265 1534 2311 testamentum
1568 2272 1735 2310 meum
1763 2255 2045 2329 dissipavit.

449 2352 524 2406 lhi
550 2353 854 2406 sermonem
887 2349 1156 2403 ﬁnivimus
1182 2347 1234 2402 in
1254 2347 1680 2402 circumcisionis
1710 2358 2042 2418 argumento;

446 2452 500 2496 et
535 2457 600 2495 ne
623 2440 963 2496 multitudine
987 2439 1250 2495 dictorum
1272 2448 1502 2493 vestram
1525 2439 1874 2494 obrueremus
1889 2455 2044 2495 men-

445 2545 575 2602 tem,
608 2534 876 2588 noluimus
919 2532 1052 2587 ultra
1079 2530 1348 2602 progredi.
1378 2530 1560 2600 Neque
1581 2531 1724 2584 enim
1749 2530 1849 2584 hoc
1870 2531 2045 2586 solum

444 2641 715 2692 curamus,
740 2634 796 2678 ut
817 2625 979 2678 multa
1001 2621 1262 2687 dicamus,
1286 2631 1338 2676 et
1359 2631 1542 2691 pastca
1562 2621 1930 2686 ahscedamus,
1950 2622 2043 2676 sed

445 2717 614 2772 nostri
655 2715 920 2771 sermonis
962 2714 1260 2769 doctrinam
1307 2711 1498 2767 vestris
1551 2711 1754 2768 viribus
1802 2713 2046 2783 cupimus

443 2825 564 2865 esse
587 2807 945 2880 adaequatam,
971 2817 1028 2861 ut
1053 2805 1226 2862 fructu
1251 2804 1500 2876 qquiam
1524 2819 1591 2860 ex
1611 2803 1768 2860 dictis
1790 2817 2044 2876 percepto

441 2904 662 2959 domum
691 2901 923 2958 redeatis
947 2915 1158 2956 omnes.
1202 2901 1316 2969 Age
1359 2898 1520 2969 igitur
1545 2899 1612 2953 ad
1652 2914 1714 2955 ea
1740 2915 1860 2969 (piae
1901 2898 2043 2954 dicta

441 3005 601 3063 sunt,
647 2994 998 3064 adjungamus
1035 3001 1092 3047 et
1118 2991 1320 3061 reliqua
1352 3007 1366 3044 :
1395 2999 1453 3045 ut
1478 2989 1750 3046 videamus
1776 2999 1896 3060 post
1931 2991 2040 3045 cir-

443 3087 790 3144 cumcisionis
815 3093 1162 3155 prmceptum,
1193 3083 1319 3154 quid
1350 3083 1609 3152 benignus
1641 3083 1781 3137 Deus
1809 3083 2039 3153 patriar-

439 3186 559 3238 cha:
583 3183 829 3252 loquatur
858 3189 912 3235 et
937 3184 1220 3249 preponat.
1244 3177 1333 3232 l5.
1367 3176 1434 3230 Et
1474 3177 1637 3240 dixit,
1667 3176 1862 3246 inquit,
1897 3175 2034 3231 Dens

433 3275 658 3330 Abralue
680 3290 700 3328 :
731 3271 866 3327 Sara
887 3287 1018 3325 uxor
1044 3281 1129 3322 tua
1156 3285 1256 3322 non
1276 3267 1409 3322 ultra
1436 3268 1694 3321 vocabitur
1723 3268 1924 3321 nomine
1947 3284 2039 3321 suo

439 3369 575 3423 Sara
594 3409 610 3433 ,
645 3365 735 3421 sed
765 3364 926 3420 Sarra
952 3363 1045 3416 erit
1075 3379 1254 3416 nomen
1277 3361 1384 3430 ejus
1415 3359 1510 3431 (a).
1555 3360 2034 3426 Quemadmodum,

438 3459 647 3529 inquit,
695 3457 964 3511 elemento
996 3453 1088 3507 tibi
1132 3452 1317 3507 addito
1365 3450 1702 3521 signiﬁcavi,
1733 3461 1785 3504 te
1829 3460 2033 3519 patrem

441 3551 675 3606 futurum
697 3549 982 3603 multarum
1005 3546 1241 3616 gentium
1271 3561 1285 3598 :
1315 3543 1385 3598 ita
1417 3551 1473 3598 et
1499 3543 1645 3598 Sara:
1672 3543 1914 3598 similiter
1942 3558 2037 3614 ap-

437 3658 579 3714 pono
601 3643 828 3705 literam,
859 3649 915 3692 ut
936 3639 1108 3693 discas
1125 3651 1268 3690 nunc
1295 3645 1501 3706 tempus
1527 3634 1735 3699 adesse,
1762 3643 1820 3688 ut
1846 3634 1974 3688 olim
2001 3650 2032 3691 a

433 3753 522 3791 me
550 3736 805 3806 promissa
831 3732 1166 3802 impleantur.
1195 3730 1302 3783 Erit
1327 3730 1483 3797 enim,
1513 3730 1700 3799 inquit,
1724 3745 1902 3782 nomen
1923 3729 2033 3799 ejus

435 3831 617 3885 Sarra.
665 3828 754 3884 l6.
779 3825 1085 3880 Benedicam
1111 3831 1278 3876 autem
1315 3838 1464 3888 eam,
1505 3830 1554 3874 et
1593 3820 1722 3874 dabo
1758 3820 1847 3873 tibi
1887 3837 1948 3874 ea:
1972 3836 2033 3874 ea

435 3923 633 3991 ﬁlium,
665 3930 712 3974 et
734 3918 1022 3974 benedicam
1045 3915 1224 3980 illum,
1257 3923 1303 3967 et
1329 3914 1422 3968 erit
1458 3913 1510 3965 in
1533 3921 1764 3984 gentem,
1811 3923 1856 3966 et
1891 3928 2031 3983 reges

430 4016 654 4087 gentium
689 4028 751 4066 ea:
794 4027 852 4065 eo
881 4009 1103 4065 exibunt.
1139 4007 1342 4061 Idcirco
1382 4005 1528 4075 prius
1569 4005 1777 4059 literam
1820 4002 2025 4074 adjeci,

430 4117 492 4163 ut
516 4107 653 4162 scias
678 4104 899 4159 omnino
931 4104 1105 4158 futura
1137 4115 1261 4156 esse
1289 4115 1407 4168 qum
1432 4115 1462 4154 a
1493 4114 1580 4153 me
1612 4098 1749 4154 dicta
1777 4109 1919 4153 sunt.
1951 4098 2028 4154 Ne

432 4201 588 4271 igitur
615 4197 681 4252 ad
712 4195 1072 4250 inﬁrmitatem
1102 4202 1304 4246 natura:
1333 4200 1584 4262 spectans
1605 4232 1620 4257 ,
1650 4191 1886 4245 aninmm
1927 4191 2026 4246 de-

429 4290 654 4362 sponde,
684 4292 777 4343 sed
806 4286 981 4357 potius
1005 4284 1071 4339 ad
1101 4283 1309 4338 virtutis
1337 4297 1471 4336 mea:
1500 4281 1920 4352 magnitudinem
1948 4299 2025 4338 re-

426 4381 681 4451 spiciens,
715 4376 875 4433 ﬁdem
903 4375 1039 4431 habe
1067 4375 1130 4430 iis
1157 4388 1277 4443 qua:
1303 4387 1334 4426 a
1365 4387 1450 4426 me
1470 4371 1608 4426 dicta
1631 4381 1774 4426 sunt.
1806 4371 2025 4426 Benedi-

427 4489 542 4525 cam
569 4472 712 4527 enim
737 4486 847 4524 eam
865 4509 882 4535 ,
905 4475 956 4521 et
978 4465 1108 4520 dabo
1138 4465 1226 4518 tibi
1255 4479 1318 4517 ea:
1341 4479 1399 4517 ea
1433 4463 1596 4526 ﬁlium
1613 4506 1627 4530 ,
1669 4474 1715 4516 et
1737 4464 2024 4518 benedicam

426 4565 596 4629 illum,
626 4571 674 4616 et
709 4563 803 4615 erit
826 4561 879 4614 in
906 4569 1097 4631 gentes,
1125 4567 1170 4610 et
1196 4573 1336 4627 reges
1363 4555 1572 4609 exibunt
1594 4571 1658 4610 ea:
1677 4571 1752 4609 eo.
1782 4557 2022 4611 Excede-

427 4659 558 4713 bant
582 4657 869 4711 humanam
897 4663 1140 4708 naturam
1167 4650 1460 4722 promissa:
1489 4657 1544 4703 et
1567 4648 1789 4718 perinde
1815 4649 1931 4712 fuit,
1960 4666 2022 4704 ac

425 4754 471 4808 si
500 4752 692 4822 aliquis
723 4748 1063 4819 polliceretur
1099 4761 1163 4800 ex
1190 4742 1458 4813 lapidibus
1487 4741 1736 4796 homines
1760 4757 1820 4796 se
1850 4745 2018 4797 factu-

426 4861 566 4899 rmn.
595 4842 735 4898 Nihil
762 4842 903 4896 enim
930 4855 959 4893 a
990 4837 1254 4908 lapidibus
1282 4834 1598 4890 dilferebant
1617 4876 1632 4899 ,
1663 4843 1920 4904 quantum
1951 4835 2016 4888 ad

424 4937 825 5008 generationem
855 4933 1046 4987 attinet
1071 4929 1147 5002 (b)
1173 4971 1188 4997 ,
1207 4938 1260 4984 et
1283 4927 1582 5000 patriarcha
1605 4941 1716 4996 pra:
1742 4937 2018 4983 senectute

490 5123 562 5188 (α)
598 5131 647 5171 tn
671 5121 876 5171 Hebraeo
896 5128 1008 5169 ante
1055 5116 1370 5166 mutationem
1411 5113 1640 5172 nominis,
1685 5119 1822 5177 rm,
1847 5115 2013 5178 Sami,

423 5197 704 5251 vocabatur;
717 5200 824 5254 post
846 5193 1158 5242 mutationem
1173 5198 1356 5246 autem,
1381 5191 1519 5246 mli],
1546 5199 1683 5240 sara.
1701 5193 2015 5251 SBplUnginLa

425 5279 545 5317 vero
566 5265 891 5336 interpretes,
910 5276 1059 5336 eam,
1086 5263 1382 5336 exprimunt,
1483 5260 1724 5336 duplicato
1747 5290 1767 5324 ρ
1790 5266 2013 5336 mutatio~

425 5341 538 5392 nem
565 5326 692 5392 illam
708 5325 927 5373 iudicant
952 5325 1087 5392 :guo
1112 5326 1284 5392 tactum
1308 5329 1384 5392 est
1420 5327 1473 5368 ut.
1495 5325 1856 5392 (:hrysostonms
1879 5333 2015 5389 puta-

423 5391 550 5439 verit
572 5389 826 5438 addituma
850 5394 950 5435 Deo
973 5385 1124 5434 ﬂiisse
1146 5385 1322 5432 nomini
1347 5389 1471 5430 Sat-aa
1494 5385 1811 5438 elementum,
1840 5385 1895 5436 Αἱ
1917 5400 2012 5436 non

422 5452 636 5501 additum
657 5450 958 5498 elementum
989 5450 1093 5505 fuit,
1118 5448 1205 5496 sed
1231 5452 1465 5494 mutatum
1486 5447 1504 5486 ν
1529 5451 1575 5496 in
1597 5455 1652 5500 τι,

489 5523 559 5584 (b)
591 5521 805 5584 Oratorio
828 5532 983 5577 more,
1009 5519 1087 5569 vel
1113 5515 1404 5584 attentionis
1417 5521 1570 5584 lapsu,
1594 5519 1709 5584 dicit
1740 5518 2014 5584 tzhrysosto-

421 5579 786 5632 mus'Abrabam
809 5589 859 5630 et
880 5589 1039 5630 sarum
1064 5580 1338 5642 nongmagis
1362 5579 1562 5632 idoneos
1581 5580 1638 5629 ad
1659 5579 1844 5642 prolem
1860 5582 2012 5629 susei-

423 5645 648 5708 piendam
673 5652 786 5692 tunc
810 5645 977 5708 fuisse,
1001 5656 1146 5708 quam
1164 5641 1375 5708 lapides;
1397 5644 1447 5708 _id
1473 5641 1670 5706 quidem
1697 5642 1762 5708 de
1785 5642 2010 5708 Sara_dici

421 5703 609 5774 potuit;
648 5718 794 5757 secus
813 5705 878 5753 de
897 5703 1178 5765 Alu'ahamo,
1203 5703 1285 5769 qui
1311 5705 1475 5756 multis
1493 5703 1604 5774 post
1621 5706 1759 5756 annis
1781 5717 1870 5754 sex
1888 5703 2010 5754 lilios

420 5770 634 5830 Suscepit
656 5780 720 5821 ex
745 5774 934 5818 cetera.

2159 506 2380 561 omnino
2408 507 2640 574 inutilis,
2669 519 2724 564 et
2752 507 2913 563 Sarra
2951 508 3017 563 ad
3049 507 3150 564 hoc
3173 509 3317 580 quod
3345 521 3528 566 natura
3559 514 3760 568 sterilis

2159 607 2295 664 erat,
2325 598 2602 653 laborabat
2627 608 2682 654 et
2708 600 2882 654 aetatis
2908 609 2962 654 et
2987 601 3282 656 senectutis
3308 601 3455 657 vitio.
3487 603 3756 660 Caeterum

2156 689 2330 759 justus
2352 689 2466 744 lucc
2490 690 2732 758 audiens,
2757 701 3053 762 putansque
3072 693 3201 747 olim
3229 693 3320 748 Dei
3345 696 3754 765 promissionem

2161 781 2429 850 impletum
2458 783 2510 836 in
2543 781 2765 840 lsmaele
2797 801 2811 838 :
2841 785 2964 856 quia
2993 785 3136 840 enim
3162 785 3302 841 dixit
3329 804 3341 840 :
3370 786 3484 842 Tibi
3508 799 3558 842 et
3577 792 3757 844 semini

2160 881 2246 925 tuo
2266 873 2396 926 dabo
2417 875 2604 928 terram
2632 875 2784 940 hanc,
2812 891 2911 931 nec
2931 876 3176 932 distinxit
3202 892 3260 934 se
3282 878 3352 935 de
3376 880 3484 934 lilio
3504 896 3572 935 ex
3596 882 3754 937 Sarra

2160 967 2432 1022 nascituro
2461 967 2641 1036 loqui,
2672 967 2764 1024 ille
2791 968 3060 1038 cogitabat
3094 958 3276 1026 secum
3301 971 3411 1040 jam
3439 974 3754 1043 promissio-

2161 1072 2257 1112 ncs
2303 1058 2550 1129 impletas
2593 1074 2715 1114 esse
2748 1079 2762 1114 :
2796 1077 2938 1116 nunc
2978 1071 3156 1116 autem
3202 1062 3428 1118 audiens
3474 1065 3752 1122 Dominum

2163 1149 2328 1203 Deum
2349 1150 2637 1217 dicentem,
2669 1151 2972 1206 Benedicam
3002 1153 3240 1219 Sarram,
3265 1165 3316 1208 et
3345 1157 3476 1210 dabo
3496 1158 3586 1210 tibi
3606 1175 3669 1212 ea;
3692 1175 3754 1212 ea

2158 1240 2343 1308 ﬁlium,
2374 1251 2420 1296 et
2446 1242 2732 1296 benedicam
2767 1244 2933 1309 illum,
2956 1254 3003 1298 et
3025 1245 3119 1298 erit
3138 1245 3192 1299 in
3212 1254 3427 1316 gentes;
3450 1257 3506 1302 et
3527 1248 3750 1304 iterum:

2157 1328 2244 1384 Ea:
2271 1331 2361 1384 illo
2391 1349 2530 1403 reges
2570 1335 2796 1403 gentium
2833 1334 3150 1404 egredientur
3171 1350 3191 1390 :
3209 1349 3331 1390 cum
3371 1337 3602 1392 nesciret
3625 1340 3752 1408 quid

2158 1422 2360 1478 diceret
2392 1425 2605 1496 (neque
2640 1427 2781 1481 enim
2809 1427 2898 1481 Dei
2938 1428 3116 1484 verbis
3151 1429 3374 1485 credere
3413 1447 3516 1485 non
3546 1442 3756 1503 poterat

2159 1516 2239 1569 vir
2269 1525 2374 1570 tam
2402 1518 2748 1589 religiosus),
2801 1519 2868 1573 ad
2902 1534 3051 1574 suam
3100 1521 3396 1590 respiciens
3421 1533 3631 1579 mtatem
3657 1566 3672 1588 ,
3701 1537 3755 1580 et

2156 1609 2332 1665 Same
2356 1612 2712 1678 sterilitatem,
2731 1628 2849 1682 quae
2878 1613 2942 1666 ad
2973 1613 3114 1667 illam
3131 1629 3301 1684 usque
3324 1623 3534 1671 aetatem
3561 1617 3755 1687 perdu-

2157 1712 2410 1768 raverat,
2438 1703 2645 1757 consilii
2693 1703 2846 1773 inops
2892 1713 2946 1758 et
2987 1703 3372 1774 obstupescens
3413 1705 3483 1761 ob
3517 1708 3749 1778 promis-

2155 1795 2359 1850 sionem
2404 1796 2492 1850 Dei
2525 1814 2539 1850 :
2571 1795 2656 1850 l7.
2687 1794 2910 1859 Cecidit,
2945 1797 3136 1868 inquit,
3161 1797 3216 1852 in
3235 1797 3439 1867 facient,
3467 1809 3512 1852 et
3540 1800 3671 1854 risit.

2226 1887 2281 1941 2.
2312 1887 2508 1944 Videas
2540 1889 2725 1944 miram
2751 1890 3192 1958 promissionem,
3219 1900 3274 1946 et
3303 1893 3595 1961 potentiam
3629 1894 3750 1964 ejus

2154 1980 2244 2049 qui
2293 1981 2612 2049 promiserat
2650 1982 2910 2051 cogitans,
2951 1980 3146 2041 Cecidit
3167 1984 3222 2037 in
3259 1985 3476 2055 faciem,
3523 1996 3575 2040 et
3613 1988 3746 2054 risit,

2157 2071 2262 2127 hoc
2305 2085 2408 2137 est,
2456 2074 2730 2144 voluptate
2758 2075 3008 2145 perfusus
3050 2088 3169 2146 est;
3199 2088 3255 2134 et
3293 2080 3346 2134 in
3390 2081 3573 2138 animo
3607 2084 3753 2155 cogi-

2157 2163 2322 2229 tabat,
2354 2167 2624 2235 quomodo
2650 2167 2942 2223 secundum
2972 2169 3261 2224 humanam
3308 2174 3750 2231 consuetudinem

2157 2253 2259 2310 hoc
2285 2255 2400 2310 ﬁeri
2430 2267 2632 2326 posset,
2669 2275 2795 2313 num
2823 2263 3138 2316 centenario
3161 2276 3475 2320 nasceretur
3504 2267 3662 2332 filius,
3688 2283 3750 2324 ac

2157 2363 2282 2402 num
2327 2349 2530 2404 sterilis
2577 2359 2632 2406 et
2676 2353 3036 2421 nonagenaria
3077 2362 3300 2423 repente
3337 2366 3522 2425 posset
3560 2357 3749 2414 idonea

2154 2439 2266 2493 fieri
2291 2439 2356 2493 ad
2385 2451 2595 2508 partum
2628 2439 2699 2511 (υ.
2733 2442 2847 2514 l7).
2879 2443 3056 2513 Atque
3079 2459 3200 2498 cum
3240 2445 3357 2500 haec
3386 2446 3567 2506 animo
3606 2451 3748 2519 cogi-

2154 2539 2336 2594 tasset.
2369 2546 2475 2586 non
2505 2531 2738 2589 audebat
2775 2535 2881 2590 tale
2921 2535 3175 2604 quiddam
3219 2537 3396 2608 lingua
3439 2538 3621 2608 elfari;
3650 2542 3745 2596 sed

2151 2635 2358 2693 gratum
2403 2625 2665 2682 exhibens
2701 2628 2938 2682 animum
2967 2629 3140 2683 oravit
3169 2644 3268 2699 pro
3305 2629 3528 2690 lsmaele
3548 2674 3562 2698 ,
3593 2635 3745 2703 quasi

2150 2715 2391 2772 diceret:
2424 2716 2672 2782 Domine,
2703 2718 2833 2774 satis
2863 2734 2949 2774 me
2970 2720 3278 2776 consulatus
3305 2736 3390 2787 es,
3421 2731 3480 2777 et
3500 2721 3743 2782 dolorem

2149 2822 2307 2877 quem
2337 2822 2404 2862 ex
2437 2809 2600 2877 prolis
2623 2809 2799 2879 inopia
2824 2811 3098 2879 gerebam,
3129 2811 3255 2866 dato
3285 2813 3578 2872 lsmaeleiu
3607 2815 3742 2875 imi.-

2152 2900 2276 2954 tiam
2304 2900 2532 2956 vertisti.
2560 2900 2694 2956 Nato
2714 2901 2856 2955 enim
2882 2901 2993 2964 illo,
3020 2919 3192 2972 neque
3217 2904 3268 2956 in
3297 2913 3528 2960 mentem
3561 2915 3742 2974 postea

2148 2992 2352 3060 accepi,
2401 2993 2484 3046 vel
2529 2992 2755 3063 cogitavi
2803 2993 3092 3062 aliquando
3134 3011 3164 3048 e
3207 2995 3365 3053 Sarra
3413 2997 3740 3058 nasciturum

2147 3085 2275 3138 mihi
2305 3085 2494 3148 lilimn,
2521 3084 2613 3139 sed
2644 3099 2817 3152 neque
2845 3085 2954 3152 ipsa
2989 3086 3088 3137 hoc
3109 3087 3438 3155 exspectavit
3466 3105 3481 3145 ;
3516 3087 3740 3156 ideoque

2147 3179 2288 3246 Agar
2340 3175 2470 3230 mihi
2525 3176 2764 3243 tradidit,
2815 3191 3029 3230 onmem
3083 3177 3182 3232 sibi
3243 3193 3390 3247 spem
3444 3177 3736 3250 denegans.

2145 3267 2386 3336 Magnam
2435 3267 2852 3322 consolationem
2898 3267 3059 3322 ambo
3111 3267 3417 3337 accepimus
3467 3277 3596 3327 nato
3631 3270 3739 3327 lilio

2144 3358 2386 3412 lsmaele.
2411 3359 2508 3413 llic
2535 3359 2712 3428 igitur,
2736 3359 2822 3428 qui
2846 3375 2874 3411 a
2905 3368 2957 3414 te
2985 3359 3142 3414 datus
3161 3369 3266 3428 est,
3284 3361 3418 3414 vivat
3447 3373 3734 3426 coramte.

2142 3460 2200 3505 et
2224 3450 2439 3505 abunde
2485 3451 2614 3504 satis
2645 3451 2872 3504 recreati
2917 3452 3122 3506 erimus
3143 3491 3158 3516 ,
3189 3461 3243 3506 et
3272 3461 3602 3512 senectutem
3636 3468 3732 3510 no.-

2141 3553 2309 3598 stram
2355 3542 2498 3597 illius
2528 3542 2636 3596 vita
2676 3541 2958 3596 solabitur.
2998 3542 3135 3610 Quid
3181 3543 3341 3612 igitur
3376 3543 3440 3598 ad
3486 3543 3612 3602 haec
3635 3544 3734 3601 bet-

2140 3635 2332 3704 nignus
2363 3634 2658 3688 Dominus?
2679 3633 2810 3701 Quia
2839 3635 2978 3704 piam
2998 3634 3128 3705 justi
3155 3646 3393 3691 mentem
3419 3646 3566 3692 tanto
3597 3646 3734 3694 tem-

2138 3743 2270 3799 pore
2297 3729 2426 3782 satis
2456 3728 2796 3797 probaverat,
2828 3737 2884 3784 et
2921 3729 3102 3783 Sarra:
3149 3729 3340 3794 iidem;
3373 3732 3496 3801 quia
3527 3733 3752 3790 viderat

2138 3829 2428 3890 utrumque
2474 3819 2604 3874 nihil
2648 3821 2748 3884 sibi
2795 3820 2863 3875 de
2901 3821 3014 3876 suis
3055 3822 3452 3890 promittentem
3492 3825 3729 3888 viribus,

2137 3911 2410 3967 Abraham
2440 3913 2656 3982 quidem
2683 3923 2904 3982 propter
2924 3923 3278 3980 senectutem,
3306 3915 3521 3971 Sarram
3548 3927 3726 3974 autem

2135 4016 2356 4077 propter
2385 4006 2722 4062 sterilitatem
2753 4018 2914 4078 atque
2939 4015 3150 4062 mtatem
3175 4049 3191 4073 ,
3218 4007 3347 4062 dicit
3372 4027 3384 4063 :
3417 4009 3568 4065 Nunc
3605 4011 3739 4080 quia.

2135 4099 2356 4152 omnino
2380 4097 2533 4153 vobis
2575 4098 2677 4152 hoc
2715 4113 2835 4153 esse
2875 4097 3083 4153 videtur
3110 4098 3441 4170 impOSsihile
3475 4119 3488 4155 :
3527 4100 3728 4158 idcirco

2133 4191 2278 4245 enim
2306 4199 2361 4245 et
2380 4206 2480 4260 ego
2511 4189 2710 4244 tamdiu
2754 4189 2967 4255 distuli,
2998 4199 3057 4244 ut
3091 4190 3368 4245 ostendam
3401 4191 3560 4262 longe
3587 4193 3743 4249 ultra.

2133 4291 2376 4336 naturam
2418 4297 2538 4336 esse
2585 4281 2784 4336 donum
2832 4281 2974 4351 quod
3021 4283 3295 4346 concedo,
3341 4283 3482 4350 quod
3523 4293 3580 4338 et
3631 4301 3734 4339 vos.

2130 4372 2327 4441 aliique
2370 4387 2558 4427 omnes
2598 4371 2683 4427 his
2722 4371 2874 4428 factis
2915 4372 3123 4429 discant
3152 4389 3239 4428 me
3263 4383 3318 4428 et
3360 4384 3566 4430 natura:
3615 4375 3739 4431 Do-.

2131 4467 2334 4520 minum
2391 4479 2540 4529 esse,
2593 4473 2649 4519 et
2691 4463 2758 4518 ad
2801 4463 3178 4534 quodcumque
3225 4465 3438 4520 libuerit
3481 4483 3542 4521 ea
3601 4468 3720 4530 uti,

2129 4559 2407 4629 ipsamque
2425 4557 2668 4628 obsequi,
2692 4567 2744 4612 et
2761 4557 2953 4613 cedere
2971 4559 3252 4629 praeceptis
3280 4559 3432 4612 meis.
3457 4558 3555 4626 Qui
3579 4559 3720 4612 enim

2128 4667 2247 4707 eam
2271 4667 2336 4707 ex
2361 4651 2528 4706 nihilo
2555 4650 2824 4720 produxi,
2849 4652 3019 4705 multo
3059 4652 3228 4720 magis
3257 4666 3378 4704 cum
3401 4650 3526 4721 jam
3550 4651 3640 4716 sit,
3668 4662 3724 4710 et

2126 4743 2406 4806 claudicet,
2441 4743 2649 4812 erigere
2677 4757 2912 4812 possum.
2945 4741 3016 4798 Ut
3042 4740 3202 4812 igitur
3231 4741 3419 4796 melius
3446 4740 3722 4796 conlidere

2127 4837 2323 4906 possis,
2371 4835 2497 4890 audi
2537 4845 2586 4890 et
2633 4836 3039 4906 expergiscere,
3070 4835 3406 4904 repulsisque
3439 4834 3722 4905 cogitatio-

2125 4928 2282 4982 nibus
2311 4927 2510 4982 mentis
2544 4935 2682 4991 tute,
2713 4925 2940 4994 accipito
2984 4941 3050 4980 ex
3095 4926 3162 4980 iis
3189 4941 3309 4995 qua:
3339 4924 3429 4979 tibi
3471 4925 3721 4999 dicuntur

2124 5030 2330 5077 certum
2376 5027 2770 5089 argumentum.
2825 5019 2962 5073 Ecce
3004 5020 3146 5074 enim
3201 5017 3361 5073 Sarra
3411 5033 3548 5072 uxor
3595 5026 3717 5083 tua,

2123 5129 2282 5185 quam
2311 5123 2466 5181 putas
2493 5121 2603 5165 tum
2637 5121 2853 5180 propter
2874 5111 3232 5174 sterilitatem,
3265 5119 3374 5164 tmn
3400 5119 3615 5180 propter
3635 5124 3721 5164 se-

2123 5208 2269 5260 nium
2295 5219 2485 5274 parere
2507 5219 2612 5258 non
2639 5218 2820 5272 posse,
2851 5203 2962 5273 ipsa
2985 5203 3158 5275 pariet
3179 5205 3271 5257 tibi
3297 5203 3464 5258 ﬁlium
3492 5207 3562 5274 (ν.
3593 5200 3716 5271 19)ε

2120 5306 2175 5350 et
2223 5307 2279 5350 ut
2313 5295 2444 5350 nihil
2499 5295 2746 5360 hmsites,
2795 5310 2920 5349 ecce
2959 5295 3055 5349 tibi
3101 5304 3154 5350 et
3205 5311 3399 5367 nomen
3458 5296 3576 5366 ejus
3623 5295 3717 5364 qui

2121 5398 2373 5442 nascetur
2406 5387 2847 5456 prannonstrabo.
2883 5388 3014 5441 Eum
3044 5389 3186 5442 enim
3222 5391 3310 5458 qni
3345 5399 3591 5444 nascetur
3617 5405 3706 5444 vo-

2119 5481 2270 5536 cabis
2297 5481 2460 5535 Isaac.
2491 5479 2560 5534 Et
2589 5496 2776 5534 nonam
2813 5488 3162 5535 testamentum
3202 5497 3367 5535 nteant
3408 5483 3477 5534 ad
3503 5497 3616 5534 eum
3661 5481 3714 5534 in

2119 5582 2470 5628 testamentum
2495 5572 2882 5641 sempiternum,
2907 5579 2953 5625 et
2971 5571 3150 5626 semini
3178 5573 3290 5643 ejus
3315 5583 3428 5644 post
3453 5590 3589 5627 eum.
3617 5573 3711 5628 llic

2117 5664 2318 5718 etenim
2348 5673 2435 5718 est
2463 5678 2618 5733 quem
2643 5663 2874 5733 primum
2905 5671 2961 5717 et
2984 5663 3053 5717 ab
3076 5663 3230 5717 initio
3251 5664 3348 5718 tibi
3381 5665 3620 5734 promisi.
3648 5680 3713 5720 ac

2121 5757 2174 5812 in
2215 5755 2318 5812 hoc
2355 5755 2739 5828 promissioucs
2776 5771 2911 5811 mea:
2952 5755 3337 5827 implebuntur.
3388 5756 3618 5813 Proinde
3659 5768 3720 5819 et
