4092 6408
445 300 545 361 871

449 438 630 497 omnia
660 439 757 497 tibi
788 440 1053 513 predico,
1084 456 1193 498 non
1218 443 1395 502 solum
1425 443 1569 515 quod
1597 446 1899 503 nasciturus
1925 448 2031 515 sit,

445 534 543 591 sed
563 542 619 591 et
637 533 910 606 quomodo
935 549 1059 592 eum
1084 549 1279 591 vocare
1297 535 1517 602 debeas,
1538 545 1699 608 atque
1725 553 1813 594 me
1832 539 1881 595 ei
1901 553 2036 595 con-

440 630 751 682 stituturum
774 634 1151 683 testamentum
1173 643 1351 683 meum
1373 645 1386 681 :
1412 643 1585 698 neque
1601 631 1706 686 hoc
1719 632 1915 697 solum,
1938 633 2033 688 sed

445 719 511 776 Et
540 720 718 776 semini
745 721 857 791 ejus
906 730 1019 792 post
1058 737 1193 776 eum.
1226 722 1428 779 Deinde
1468 722 1705 779 liberalis
1742 724 2029 793 Dominus,

442 812 530 881 qui
578 826 797 882 semper
842 812 1183 869 accumulare
1232 814 1372 869 solet
1423 814 1717 881 beneﬁcia,
1767 825 1823 871 et
1871 816 2031 887 longe

443 913 655 961 nostras
699 905 965 961 excedere
992 905 1307 976 petitiones,
1334 909 1587 978 quoniam
1627 920 1863 965 mentem
1899 909 2029 980 justi

435 1007 702 1065 erexerat,
744 1007 801 1054 ct
826 1014 921 1069 per
959 1014 1022 1054 ea
1048 1014 1169 1069 qum
1216 1000 1479 1070 promisit,
1526 1001 1638 1056 fere
1674 1000 1927 1070 juvenem
1959 1016 2026 1057 cx

436 1104 569 1146 sene.
595 1089 817 1156 fecerat,
846 1104 1077 1163 eumque
1097 1090 1189 1162 qui
1212 1100 1457 1147 mortuus
1485 1100 1621 1160 erat,
1650 1101 1709 1147 ut
1735 1092 1804 1149 ita
1825 1092 2022 1159 dicam,

433 1182 611 1239 verbis
636 1182 972 1251 fecundarat,
1005 1184 1281 1241 beneﬁciis
1312 1200 1435 1241 eum
1472 1186 1787 1257 largissimis
1833 1200 2021 1256 prose-

429 1290 622 1346 quens,
655 1276 828 1347 inquit
853 1292 868 1330 :
896 1277 962 1331 Et
988 1276 1103 1331 hac
1133 1276 1369 1347 quidem,
1395 1291 1515 1347 quae
1540 1278 1745 1333 scilicet
1774 1280 2018 1349 promisi,

428 1382 593 1437 opere
625 1367 913 1437 complebo
943 1386 957 1422 :
986 1378 1041 1423 et
1067 1369 1227 1423 etiam
1269 1369 1410 1439 quod
1441 1369 1509 1425 de
1536 1369 1759 1427 lsmaele
1797 1372 2017 1441 rogasti,

427 1459 719 1516 concedam
749 1461 867 1515 tibi.
904 1461 1093 1517 Audivi
1121 1463 1264 1518 enim
1294 1464 1593 1519 orationem
1622 1476 1766 1521 tuam
1784 1507 1800 1532 ,
1828 1466 1919 1520 20.
1948 1465 2018 1520 Et

427 1551 660 1607 benedixi
678 1568 811 1616 eum,
842 1563 889 1607 et
908 1553 1099 1625 augebo
1120 1570 1234 1608 eum
1260 1564 1307 1609 et
1330 1555 1679 1625 multiplicabo
1705 1574 1818 1612 eum
1846 1558 2014 1626 valde,

427 1644 589 1698 valde.
617 1643 894 1699 Duodecim
919 1655 1090 1716 gentes
1114 1648 1405 1718 generabit,
1436 1657 1483 1701 et
1513 1648 1644 1702 dabo
1673 1666 1787 1703 eum
1814 1650 1867 1703 in
1892 1666 2017 1721 gen-

424 1746 522 1795 tem
566 1754 826 1808 magnam.
874 1737 1319 1809 Quandoquidem
1364 1741 1531 1807 enim,
1577 1740 1781 1813 inquit,
1828 1756 2013 1797 semen

427 1839 576 1885 tuum
605 1838 689 1884 est
708 1870 723 1895 ,
753 1829 832 1883 sic
860 1829 1068 1901 augebo
1091 1846 1239 1897 eum,
1269 1840 1324 1886 et
1348 1832 1716 1902 multiplicabo
1740 1834 1925 1899 valde,
1957 1844 2014 1891 ut

422 1922 704 1978 duodecim
730 1934 919 1994 gentes
944 1940 1009 1979 ex
1039 1939 1106 1980 eo
1128 1925 1439 1995 procedant.
1464 1925 1557 1983 2i.
1583 1926 1834 1983 Cancrum
1861 1939 2013 1984 testa-

421 2025 646 2071 mentum
684 2032 850 2069 meunt
896 2025 1114 2070 statuam
1158 2033 1274 2071 eum
1308 2015 1497 2083 Isaac,
1525 2035 1672 2089 quem
1714 2020 1804 2074 tibi
1848 2020 2013 2077 Sarra

421 2107 584 2177 pariet
605 2117 829 2175 tempore
868 2111 982 2176 hoc,
1005 2125 1140 2163 anno
1175 2118 1426 2180 sequente.
1452 2109 1608 2177 Vide,
1630 2112 1877 2177 obsecro,
1900 2113 2006 2180 hic,

418 2197 647 2263 dilecte,
676 2199 949 2269 quomodo
986 2200 1164 2268 justus
1206 2202 1257 2254 in
1291 2215 1397 2255 uno
1435 2203 1693 2272 temporis
1737 2215 2010 2261 momento

421 2289 700 2345 mercedes
733 2291 909 2345 omnis
951 2292 1208 2360 temporis
1250 2293 1486 2363 accepit,
1514 2302 1571 2349 et
1618 2294 1895 2365 impletum
1925 2304 2011 2351 est

417 2380 551 2439 illud
579 2381 723 2453 quod
742 2380 989 2438 Christus
1018 2383 1289 2454 discipulis
1312 2385 1426 2440 suis
1450 2386 1587 2441 dixit
1616 2404 1629 2442 :
1665 2387 1905 2458 Quisquis
1928 2406 2007 2444 re-

417 2476 621 2546 liquerit
642 2475 719 2530 uel
738 2486 957 2548 patrem,
988 2477 1066 2531 uel
1090 2486 1321 2541 matrem,
1348 2478 1424 2532 vet
1458 2478 1685 2544 domum,
1716 2479 1795 2534 uel
1823 2485 2008 2551 fratres

421 2575 628 2638 propter
654 2583 841 2623 nomen
868 2585 1058 2634 meum,
1089 2580 1138 2623 et
1163 2570 1246 2624 hic
1270 2570 1563 2640 centuplum
1590 2572 1833 2643 accipiet,
1862 2584 1909 2627 et
1928 2575 2004 2627 vi-

417 2668 524 2713 tam
565 2667 807 2714 wternam
851 2658 1123 2729 possidebit
1168 2659 1380 2730 (Matth.
1424 2660 1515 2717 i9.
1560 2660 1675 2734 29).
1711 2662 2006 2721 Considera

413 2752 559 2807 enim
588 2752 718 2806 mihi
746 2752 948 2823 justum
981 2754 1152 2818 illum,
1182 2755 1303 2825 quia
1336 2766 1583 2827 prompte
1606 2767 1874 2828 praecepto
1895 2758 2004 2813 Do-

416 2842 550 2899 mini
580 2842 850 2911 obedivit,
883 2854 938 2900 et
971 2846 1153 2901 relicta
1181 2846 1343 2901 domo
1370 2858 1588 2917 paterna
1619 2850 1851 2919 praetulit
1871 2851 2005 2905 alie-

415 2947 539 2989 nam
571 2934 732 2990 natali
760 2952 772 2989 :
796 2936 1067 3005 quomodo
1088 2938 1343 3007 paulatim
1366 2940 1586 2994 multam
1609 2957 1718 3011 pra:
1738 2957 1799 2998 se
1827 2942 2005 2999 ferens

416 3026 729 3098 patientiam
752 3068 766 3093 ,
795 3027 848 3081 in
876 3027 1143 3099 fastigium
1176 3030 1385 3085 virtutis
1421 3047 1757 3102 progressus,
1789 3034 1859 3089 ita
1888 3035 2007 3089 illu-

412 3118 541 3174 stris
560 3130 615 3173 et
640 3119 945 3189 Spectabilis
966 3119 1136 3176 factus
1156 3131 1259 3189 est,
1278 3130 1336 3176 ut
1361 3138 1423 3177 ex
1447 3138 1514 3179 eo
1536 3124 1645 3179 nati
1668 3126 2005 3182 multitudine

414 3212 578 3268 asuis
604 3212 722 3268 caeli
764 3213 1135 3284 adaequentur.
1167 3214 1418 3271 Fortasse
1457 3217 1501 3271 si
1529 3219 1647 3287 quis
1678 3219 1842 3289 probe
1879 3222 2006 3276 velit

412 3304 734 3376 intelligere,
767 3321 874 3362 non
904 3308 1078 3363 solum
1106 3309 1416 3380 centuplum
1457 3313 1664 3381 accepit
1706 3312 1794 3367 hic
1824 3313 2003 3383 justus

410 3396 536 3462 ille,
568 3397 663 3452 sed
700 3408 951 3454 sexcenta
999 3401 1185 3456 millia.
1212 3401 1369 3470 Quod
1410 3404 1454 3458 si
1484 3402 1570 3460 bic
1607 3414 1752 3461 tanta
1803 3421 2001 3463 conse-

410 3498 610 3559 quutus
626 3500 729 3557 est,
756 3493 876 3563 quis
892 3506 1071 3548 sermo
1093 3509 1314 3551 narrare
1329 3506 1532 3567 posset,
1552 3499 1745 3568 quibus
1762 3500 2003 3570 postbiec

411 3582 672 3639 fruiturus
702 3582 794 3639 ille
816 3584 924 3640 sit?
950 3584 1062 3640 lmo
1090 3587 1250 3642 etiam
1274 3588 1395 3652 hoc,
1425 3599 1684 3658 quantum
1712 3591 1866 3647 nobis
1886 3607 2003 3663 pos-

409 3676 585 3742 sibile,
615 3690 796 3733 sermo
825 3676 1112 3734 ostendere
1150 3680 1369 3749 poterit.
1401 3680 1626 3749 Quando
1663 3682 1806 3737 enim
1847 3683 2002 3739 audis

410 3781 599 3822 omnes
622 3766 799 3836 justos
824 3768 891 3823 ab
921 3768 1013 3823 illo
1035 3768 1103 3824 ad
1131 3768 1234 3825 hoc
1277 3785 1446 3841 usque
1478 3782 1688 3842 tempus
1707 3816 1721 3837 ,
1756 3784 1812 3830 et
1830 3790 2001 3844 usque

409 3856 479 3915 ad
504 3859 1021 3917 consummationem
1048 3869 1350 3931 temporum
1372 3902 1387 3927 ,
1422 3863 1472 3918 id
1499 3866 1735 3921 maxime
1776 3866 1830 3921 in
1863 3868 2001 3923 votis

411 3950 631 4018 habere,
664 3960 724 4007 ut
763 3952 830 4008 ad
874 3954 1051 4009 sinum
1096 3955 1416 4024 patriarcha:
1458 3958 1791 4027 perveniant,
1838 3975 1996 4029 quem

407 4041 569 4095 alium
628 4041 733 4099 hoc
798 4043 1056 4114 majorem
1112 4044 1371 4101 honorent
1437 4047 1691 4104 exhibere
1746 4050 2000 4120 poteris?

409 4130 600 4187 Vidisti
672 4146 867 4204 quanta
922 4151 1011 4192 res
1068 4136 1142 4193 sit
1200 4138 1490 4207 patientia,
1544 4150 1741 4211 quanta
1793 4143 1993 4210 virtus,

410 4236 667 4293 quantum
713 4227 784 4283 sit
827 4243 948 4285 esse
995 4230 1341 4303 religiosum,
1398 4242 1454 4288 et
1506 4242 1715 4304 gratum
1779 4251 1889 4306 ιιι-ω
1937 4252 1999 4293 se

408 4316 551 4371 ferre
591 4317 828 4371 animum
866 4334 991 4390 erga
1038 4321 1295 4377 beneﬁcia
1336 4323 1587 4380 Domini?
1636 4326 1771 4393 Quia
1828 4327 1995 4394 enim,

409 4406 623 4473 quando
646 4408 948 4477 oportebat,
977 4424 1069 4464 sua
1102 4412 1297 4479 attulit,
1326 4428 1445 4468 cum
1474 4418 1761 4485 gratiarum
1788 4418 1997 4474 actione

407 4497 584 4552 oumia
614 4496 818 4566 ferens,
842 4500 1217 4569 tamjncunda,
1234 4519 1393 4574 quam
1417 4505 1724 4574 injucunda,
1753 4519 1999 4577 propter-

410 4608 472 4645 ea
518 4592 824 4648 misericors
846 4593 987 4649 Deus
1016 4594 1203 4649 ultimo
1228 4606 1391 4667 caput
1443 4598 1702 4654 bonorum
1731 4602 1993 4671 omnium,

404 4693 457 4737 et
484 4683 536 4739 id
569 4684 710 4755 quod
734 4682 910 4755 justus
930 4686 1165 4742 maxime
1185 4688 1616 4757 concupiscebat.
1645 4691 1867 4760 largitus
1891 4704 1993 4749 est.

404 4773 695 4831 Considera
726 4777 892 4839 enim,
918 4777 1189 4847 quomodo
1214 4778 1397 4849 viginti
1419 4791 1651 4850 quatuor
1677 4798 1846 4838 annos
1872 4800 1998 4853 pro-

406 4867 619 4922 bavcrit
661 4867 792 4937 justi
819 4868 1093 4925 virtutem.
1138 4869 1363 4939 Quando
1392 4873 1535 4928 enim
1562 4874 1725 4929 exivit
1767 4890 1797 4929 a
1827 4876 1998 4931 Char-

406 4973 502 5015 ran
526 4998 542 5024 ,
573 4966 630 5013 et
674 4958 909 5015 obedivit
932 4973 1203 5032 praecepto
1226 4962 1456 5027 Domini,
1485 4966 1817 5037 septuaginta
1841 4968 1996 5035 quin-

404 5062 511 5118 que
542 5062 804 5103 annorum
848 5060 984 5118 erat,
1035 5052 1253 5122 inquit;
1306 5069 1450 5109 nunc
1489 5064 1669 5111 autem
1712 5067 1992 5126 postquam

403 5138 522 5195 ha-c
563 5139 796 5206 audivit,
844 5142 1130 5214 nonaginta
1159 5153 1216 5200 et
1245 5159 1436 5201 novem
1467 5161 1639 5201 annos
1664 5157 1990 5204 excesserat.

474 5232 528 5287 5.
570 5232 785 5289 Moralis
803 5232 1102 5289 exhortatio.
1126 5265 1199 5279 ——
1218 5235 1344 5291 Haec
1363 5237 1655 5303 audientes,
1679 5238 1882 5301 dilecti,
1906 5240 1991 5295 di-

400 5342 614 5383 scamus
640 5327 863 5382 multam
902 5328 1157 5386 exhibere
1184 5332 1517 5401 patientiam,
1540 5341 1595 5387 et
1620 5350 1907 5404 numquam
1939 5336 1991 5390 in

400 5419 673 5479 laboribus
692 5420 949 5475 virtutum
972 5422 1056 5477 vel
1078 5422 1385 5492 desperare,
1419 5426 1499 5479 vel
1528 5434 1838 5493 torpescere
1859 5443 1872 5490 ;
1895 5426 1991 5481 sed

403 5510 635 5567 sciamus
672 5510 953 5566 Dominum
977 5522 1215 5571 nestrum
1247 5513 1530 5585 benignum
1554 5531 1671 5571 esse
1695 5527 1749 5571 et
1773 5517 1991 5573 muniﬁ-

401 5615 547 5667 cum,
576 5616 640 5657 ac
687 5617 787 5673 pro
806 5604 983 5675 parvis
1007 5603 1277 5660 laboribus
1325 5622 1512 5677 magna
1558 5608 1711 5663 nobis
1765 5609 1991 5667 reddere

406 5692 643 5764 praemia,
673 5711 776 5773 non
795 5697 967 5751 solum
996 5698 1049 5751 in
1080 5698 1312 5751 futurum
1336 5699 1651 5754 immortalia
1675 5701 1810 5756 bona
1835 5718 1991 5773 repo-

410 5788 587 5843 uendo
613 5824 627 5850 ,
657 5771 752 5844 sed
778 5799 829 5843 et
862 5789 911 5843 in
941 5790 1191 5858 praesenti
1222 5792 1327 5844 vita
1370 5802 1565 5846 nostra:
1612 5804 1813 5853 natura:
1844 5771 1989 5851 iulir—

1148 305 1205 361 S.
1247 304 1526 365 JOANNIS
1560 307 2032 383 CHRYSOSTOMI
2068 313 2385 389 ABClllEP.
2424 320 2953 392 CONSTANTINOP.

3636 355 3743 412 372

2152 451 2391 551 mitatem
2422 459 2603 517 multis
2632 462 2999 534 largitionibus
3014 474 3365 543 eonsolande;
3389 481 3734 551 Quandoouie

2148 543 2272 601 dem
2322 551 2629 617 patriarcha
2655 557 2756 613 iste
2793 574 2899 619 non
2944 564 3282 627 mediocriter
3321 543 3600 642 interiecto

2145 646 2385 741 tempore
2403 642 2642 702 adversis
2670 648 2831 708 rebus
2848 657 3111 715 exercitus
3127 668 3230 727 est,
3259 678 3498 732 quamvis
3524 684 3737 741 semper

2141 728 2367 827 adversa
2403 742 2825 807 temperarentur
2852 749 3139 817 prOSpel'ia'.
3173 728 3556 823 Universorutn
3586 728 3733 827 enim

2142 824 2284 926 Deus
2336 840 2533 887 nostrae
2559 834 2885 893 inﬁrmitatis
2931 855 3116 901 curam
3146 861 3333 917 agens,
3368 867 3473 911 non
3521 824 3735 926 semper

2141 916 2196 971 in
2225 917 2467 977 adversis
2487 939 2585 980 nos
2613 940 2834 985 manere
2862 931 3010 998 sinit,
3058 916 3246 993 utnon
3276 916 3609 1010 opprimatur

2135 1016 2246 1064 stra
2265 1010 2573 1072 inﬁrmitas:
2596 1018 2691 1074 sed
2712 1022 2957 1079 celeriter
2975 1037 3031 1082 et
3050 1027 3162 1096 ipse
3176 1031 3487 1101 opitulatur,
3514 1010 3735 1103 firmans

2135 1109 2374 1159 nostram
2427 1106 2780 1175 alacritatem,
2839 1125 2894 1170 et
2935 1130 3171 1178 mentem
3228 1124 3489 1181 excitans.
3539 1127 3726 1200 Neque

2133 1207 2347 1264 semper
2374 1203 2426 1251 in
2448 1203 2799 1270 prosperitate
2819 1220 2917 1261 nos
2944 1223 3062 1264 esse
3088 1210 3234 1276 sinit,
3261 1222 3406 1273 utne
3426 1217 3614 1273 ﬁamus
3642 1235 3732 1275 ne-

2130 1284 2495 1378 gligentiores,
2540 1300 2596 1346 et
2642 1292 2695 1348 in
2752 1296 3000 1353 vitiorum
3061 1310 3239 1370 partes
3292 1306 3725 1378 transfugiamns,

2133 1376 2372 1435 llumana
2402 1383 2546 1437 enim
2595 1395 2816 1455 natura,
2855 1390 3070 1459 quando
3109 1394 3333 1457 multum
3391 1376 3642 1470 prospere
3678 1403 3728 1458 ei

2126 1470 2385 1536 succedit,
2416 1487 2527 1529 suze
2552 1475 2889 1535 obliviscitur
2909 1481 3221 1551 nobilitatis,
3245 1502 3416 1557 neque
3442 1490 3576 1544 intra
3595 1507 3727 1547 suos

2127 1559 2321 1618 limites
2346 1564 2626 1623 subsistit:
2656 1567 2855 1627 idcirco
2874 1573 3026 1642 quasi
3050 1562 3448 1643 amantissimus
3466 1592 3617 1650 pater
3629 1583 3727 1643 an.

2124 1654 2341 1723 quando
2385 1658 2541 1715 nobis
2578 1660 2838 1734 indulget,
2868 1665 3155 1737 aliquando
3184 1673 3428 1742 castigat,
3462 1686 3517 1733 ut
3563 1680 3725 1741 variis

2123 1745 2224 1800 viis
2249 1758 2447 1803 nostrae
2484 1752 2678 1808 anima:
2700 1755 2927 1815 salutem
2970 1770 3141 1819 curet.
3170 1762 3434 1831 Quoniam
3461 1777 3518 1829 et
3545 1772 3722 1835 medi?

2124 1848 2243 1905 cus,
2262 1840 2476 1908 quando
2501 1841 2767 1905 inﬁrmum
2783 1857 2952 1917 curat,
2974 1866 3149 1922 neque
3168 1868 3383 1926 semper
3413 1859 3587 1929 impia
3618 1863 3723 1929 cibi

2121 1935 2354 2000 torquet,
2374 1947 2546 2003 neque
2559 1950 2772 2007 semper
2788 1939 2932 2011 larga
2949 1958 3134 2009 mensa
3152 1946 3252 2007 frui
3273 1948 3420 2015 sinit,
3436 1966 3504 2017 ne
3516 1954 3723 2009 *οι-»εῖτ

2121 2027 2205 2114 tas
2247 2023 2435 2079 febrim
2479 2026 2693 2095 pariens
2731 2042 2922 2101 augeat
2948 2036 3214 2101 morbum,
3240 2039 3344 2094 cibi
3378 2057 3502 2096 vero
3544 2046 3719 2114 inopia

2118 2110 2467 2172 inﬁrmiorem
2494 2131 2618 2173 eum
2662 2119 2861 2177 efﬁciat
2897 2124 3030 2181 :sed
3085 2129 3396 2197 coniectans
3438 2136 3579 2204 apud
3631 2110 3715 2204 se,

2118 2215 2332 2273 quanta:
2379 2209 2489 2263 sint
2538 2213 2848 2279 aegrotantis
2909 2216 3087 2285 vires.
3135 2230 3190 2277 et
3231 2222 3516 2294 diligenter
3564 2238 3720 2295 utens

2115 2305 2233 2351 arte
2292 2298 2470 2353 omnia
2536 2314 2630 2357 sua
2688 2302 2741 2359 in
2800 2306 3037 2365 medium
3090 2309 3244 2373 affert
3298 2334 3313 2366 :
3362 2316 3609 2383 similiter
3662 2332 3720 2375 et

2116 2386 2376 2459 benignus
2426 2391 2569 2448 Deus
2624 2396 2802 2453 sciens
2842 2400 2970 2469 quid
3027 2403 3197 2463 cuivis
3259 2408 3530 2478 expediat,
3614 2414 3716 2468 ali-

2112 2480 2329 2549 quando
2404 2485 2653 2542 concedit
2734 2489 2889 2545 nobis
2967 2496 3322 2564 prosperitate
3400 2498 3524 2563 frui,
3610 2503 3714 2558 ali.

2113 2572 2327 2639 quando
2351 2584 2531 2631 autem
2554 2580 2953 2639 exercitationis
2981 2587 3149 2655 gratia
3183 2592 3566 2649 tentationibus
3616 2612 3715 2657 nos

2114 2660 2431 2754 circumdat.
2496 2666 2631 2725 Nam
2656 2671 2703 2726 si
2728 2671 2931 2730 virtute
2959 2676 3174 2745 przediti
3223 2690 3349 2736 sunt
3398 2685 3487 2754 qui
3535 2694 3715 2741 lenta-

2116 2753 2294 2809 tiones
2316 2759 2684 2829 experiuntur,
2710 2763 2967 2822 clariores
2986 2769 3239 2839 evadunt,
3269 2753 3710 2841 abundantiorem

2112 2843 2214 2901 sibi
2256 2860 2546 2916 supernam
2585 2854 2813 2923 gratiam
2839 2859 3187 2917 conciliantes
3216 2880 3230 2917 :
3263 2864 3304 2919 si
3333 2876 3511 2929 autem
3534 2879 3588 2931 ut
3614 2884 3714 2929 nos

2115 2947 2426 3005 peccatores
2466 2942 2591 3010 sint,
2618 2952 2673 2999 et
2711 2960 2833 3002 cum
2875 2948 3164 3019 gratiarum
3201 2954 3413 3011 actione
3462 2959 3712 3014 tentatio-

2113 3041 2209 3084 nes
2237 3027 2428 3097 ferant,
2450 3047 2666 3102 gravem
2718 3035 2996 3107 deponent
3037 3052 3377 3111 peccatorum
3418 3049 3708 3119 sarcinam,

2110 3119 2381 3191 multaque
2406 3124 2561 3179 venia
2583 3137 2635 3181 ct
2663 3128 2760 3197 ipsi
2792 3132 3078 3198 potientur.
3107 3134 3235 3191 Ideo
3279 3138 3528 3203 obsecro,
3585 3157 3707 3203 etun

2110 3210 2343 3266 sciamus
2375 3216 2666 3284 potentiam
2714 3228 2768 3274 et
2794 3222 3107 3291 sapientiam
3161 3226 3349 3284 Medici
3405 3232 3707 3292 animarum

2111 3312 2435 3370 nostrarum,
2472 3325 2763 3380 numquam
2789 3316 3003 3372 curiose
3023 3317 3139 3386 ejus
3166 3317 3590 3388 dispensationes
3623 3325 3707 3376 in-

2109 3395 2404 3463 quiramus.
2431 3399 2563 3455 Cum
2592 3404 2734 3458 enim
2758 3420 2851 3461 eas
2871 3422 3024 3464 mens
3043 3418 3224 3464 nostra
3251 3412 3707 3481 comprehendere

2109 3499 2363 3558 nequeat,
2421 3489 2544 3553 hinc
2588 3494 2756 3565 magis
2779 3497 3241 3569 obstupescamus,
3264 3512 3318 3557 et
3343 3504 3706 3573 gloriﬁcemus

2109 3578 2277 3634 Deum
2331 3597 2427 3651 pro
2465 3586 2734 3653 omnibus,
2786 3590 2929 3658 quod
2970 3592 3128 3647 talem
3184 3593 3473 3659 habeamus
3511 3596 3702 3651 Domi-,-

2107 3685 2254 3737 num,
2296 3672 2449 3742 cujus
2494 3675 2920 3746 dispensationes
2958 3697 3133 3752 neque
3176 3700 3328 3739 mens
3368 3698 3570 3756 nostra,
3604 3704 3699 3743 nco

2106 3779 2212 3831 que
2270 3764 2519 3823 bumante
2576 3780 2780 3833 naturae
2830 3774 2968 3829 ratio
3021 3791 3215 3847 capere
3269 3788 3461 3848 potest.
3518 3779 3703 3849 Neque

2107 3855 2251 3911 enim
2280 3866 2387 3915 tam
2440 3859 2578 3917 bene
2606 3862 2807 3918 scimus
2837 3865 2964 3934 quid
3016 3867 3171 3922 nobis
3225 3869 3491 3939 expediat,
3539 3886 3701 3941 quam

2108 3945 2225 4017 ipse
2250 3948 2386 4015 scit;
2417 3966 2590 4022 neque
2617 3954 2695 4011 sic
2725 3964 2904 4013 nostra
2940 3973 3041 4013 nos
3069 3974 3341 4026 curamus,
3376 3970 3434 4021 ut
3462 3960 3575 4030 ipse
3615 3977 3704 4016 Sa-

2106 4037 2270 4095 lutem
2298 4052 2555 4109 nostram,
2584 4054 2639 4099 et
2657 4047 2833 4101 omnia
2863 4047 2990 4103 facit
3012 4058 3066 4104 et
3095 4050 3331 4123 molitur,
3352 4061 3410 4107 ut
3434 4051 3500 4106 ad
3531 4052 3702 4115 virtu-

2108 4138 2212 4187 tem
2245 4145 2343 4188 nos
2364 4133 2596 4201 inducat,
2625 4145 2683 4192 et
2708 4153 2739 4193 a
2764 4137 2961 4194 diaboli
2982 4141 3227 4196 manibus
3246 4143 3454 4212 eripiat.
3482 4144 3550 4198 Et
3575 4160 3698 4200 cum

2107 4221 2249 4279 videt
2282 4223 2413 4278 nihil
2437 4225 2696 4295 prodesse
2740 4228 2897 4286 nobis
2951 4232 3349 4306 prosperitates,
3387 4244 3513 4288 tunc
3564 4235 3701 4289 sicut

2104 4311 2278 4368 bonus
2303 4315 2564 4383 medicus,
2589 4318 2681 4388 qui
2724 4319 3103 4382 animadvertit
3128 4323 3401 4379 obesiores
3429 4324 3540 4378 ﬁeri
3578 4340 3695 4401 eos,

2101 4419 2333 4475 quorum
2356 4423 2540 4467 curam
2563 4410 2722 4481 gerit,
2748 4411 2979 4484 propter
2999 4415 3292 4485 crapulam,
3324 4414 3389 4469 ad
3414 4417 3697 4471 sanitatem

2105 4511 2202 4566 per
2253 4498 2599 4557 sobrietatem
2642 4502 2893 4559 reducit:
2924 4504 2994 4559 ita
3049 4515 3104 4561 et
3145 4507 3369 4565 eximius
3399 4508 3697 4562 animarmn

2104 4601 2420 4648 nostrarum
2462 4590 2697 4647 Medicus
2737 4595 2998 4663 permittit
3032 4597 3303 4666 paulisper
3340 4613 3438 4651 nos
3482 4600 3697 4663 tentari,

2104 4694 2163 4738 ut
2184 4682 2477 4739 sentiamus
2501 4694 2757 4754 quantum
2784 4686 2961 4741 damni
2989 4704 3053 4743 ex
3086 4690 3435 4757 prosperitate
3470 4706 3697 4761 accepe-

2105 4778 2273 4833 rimus
2307 4792 2323 4842 ;
2364 4784 2419 4830 et
2462 4777 2678 4846 quando
2716 4776 2860 4835 videt
2886 4780 3511 4847 restitutamsanitatcm,
3573 4793 3696 4839 tunc

2101 4869 2264 4925 celeri
2286 4868 2439 4923 nobis
2466 4868 2703 4924 subsidio
2731 4871 2978 4927 concedit
3006 4881 3062 4927 ut
3087 4889 3114 4924 ει
3139 4874 3518 4927 tentatiouibus
3566 4875 3701 4929 lilio-

2103 4976 2304 5027 rentur,
2345 4968 2402 5015 et
2457 4974 2569 5015 suae
2614 4961 2966 5031 providentia:
3010 4979 3196 5021 curam
3236 4966 3461 5020 ubertim
3515 4965 3698 5020 decla-

2101 5060 2203 5107 rat.
2233 5053 2415 5123 ltaque
2436 5052 2535 5107 etsi
2570 5053 2733 5124 aliqui
2778 5055 2975 5111 virtute
3019 5056 3226 5127 praediti
3275 5060 3326 5113 in
3376 5060 3699 5117 tentatioues

2102 5142 2353 5199 incidant.
2416 5159 2482 5198 ne
2530 5145 2842 5211 turbentur,
2891 5147 2985 5203 sed
3038 5148 3161 5203 hinc
3221 5150 3497 5209 meliorem
3545 5167 3696 5220 spem

2100 5234 2423 5304 concipiam,
2472 5235 2596 5304 quia
2653 5238 3004 5295 tentationum
3053 5240 3315 5305 incursus,
3373 5256 3698 5297 coronarum

2101 5335 2157 5389 et
2205 5326 2548 5397 praemiorum
2582 5328 2662 5382 eis
2707 5340 2835 5384 sunt
2883 5334 3129 5388 materia.
3182 5334 3335 5400 Quod
3384 5336 3427 5388 si
3464 5336 3517 5389 in
3566 5352 3698 5405 pm:-

2100 5421 2233 5476 catis
2284 5435 2408 5475 cum
2449 5421 2572 5479 sint.
2622 5421 2673 5475 in
2721 5422 2945 5479 adversa
3014 5425 3284 5491 incidant,
3328 5442 3396 5480 ne
3454 5437 3699 5497 propter-

2098 5531 2160 5571 ea
2186 5514 2443 5585 gravatim
2489 5513 2680 5577 ferant,
2724 5520 2955 5573 scientes
3003 5522 3148 5575 omni
3194 5529 3433 5591 tempore
3480 5533 3696 5591 peccata

2099 5606 2334 5661 adversis
2354 5606 2587 5675 purgari,
2608 5608 2766 5664 modo
2782 5625 2901 5664 cum
2918 5612 3203 5681 gratiarum
3218 5613 3425 5666 actione
3440 5613 3696 5682 suscipia-

2098 5714 2217 5755 mus
2236 5715 2296 5755 ea
2315 5714 2432 5768 quze
2450 5700 2716 5756 eveniunt.
2738 5703 2883 5758 Grati
2907 5705 3049 5760 enim
3069 5704 3249 5761 famuli
3265 5716 3368 5772 est,
3396 5723 3499 5761 non
3522 5709 3693 5763 solum

2105 5794 2297 5866 gratias
2315 5806 2479 5862 agere
2518 5793 2732 5850 domino
2753 5839 2766 5863 ,
2788 5797 2999 5868 quando
3029 5797 3254 5856 ubertim
3294 5814 3392 5871 pro
3418 5797 3688 5853 sententia
