4092 6408
553 352 661 415 375

560 476 759 548 ριστεῖν
794 473 872 544 τῷ
898 469 1154 541 δεσπότῃ,
1186 467 1321 521 ἀλλά
1357 467 1453 522 καὶ
1499 468 1557 520 ἐν
1590 469 1703 530 τοῖς
1745 463 2009 548 ἐναντίοις

557 544 727 631 αὐτήν
755 553 1176 627 εὐγνωμοσύνην
1198 549 1627 606 ἐπιδείκνυσθαι.
1657 547 1811 602 Οὐτω
1845 546 1953 616 γάρ
1988 545 2080 631 καὶ

559 628 903 716 πατριάρχης
928 631 1083 701 οὗτος
1105 635 1452 706 εὐδοκίμησε,
1486 633 1581 686 καὶ
1603 632 1870 701 τοσαύτης
1900 630 2049 716 παρά
2069 628 2146 700 τῷ

554 713 683 799 Θεῷ
707 724 884 796 τυχὼν
914 720 1248 796 παρρησίας,
1294 719 1388 772 καὶ
1413 716 1627 787 δωρεάς
1667 716 1879 787 ἐδέχετο
1910 713 2146 777 νικώσας

556 811 655 877 τὴν
688 808 852 877 φύσιν
875 807 974 877 τὴν
1003 801 1374 874 ἀνθρωπίνην.

613 894 655 946 δ’
666 932 678 945 .
699 891 1019 957 Ἀναγκαῖον
1036 887 1091 939 δὲ
1106 885 1268 938 πάλιν
1282 886 1374 937 ἐπὶ
1389 885 1488 955 τὴν
1506 882 1824 936 ἀκολουθίαν
1836 879 2147 933 ἐπανελθεῖν

556 976 652 1029 τοῦ
673 975 854 1043 λόγου,
874 973 968 1026 καὶ
991 972 1118 1024 ἰδεῖν
1133 968 1229 1022 τοῦ
1249 968 1460 1021 δικαίου
1478 966 1575 1039 τὴν
1600 965 1865 1037 ὑπακοὴν,
1890 965 1982 1017 καὶ
2002 965 2149 1027 ὅπως

557 1062 638 1122 εἰς
666 1060 824 1129 ἔργον
854 1057 1031 1127 ἤγαγε
1061 1053 1132 1107 τὰ
1162 1052 1317 1124 παρὰ
1354 1053 1446 1105 τοῦ
1470 1050 1606 1104 Θεοῦ
1640 1050 2059 1118 ἐπιταττόμενα,
2086 1046 2149 1100 οὐ

559 1142 738 1214 ζητῶν
764 1140 856 1192 τὸν
882 1139 1061 1206 λόγον,
1096 1136 1215 1189 οὐδὲ
1248 1135 1480 1198 εὐθύνας
1517 1134 1786 1197 ἀπαιτῶν,
1815 1130 2065 1202 καθάπερ
2099 1130 2149 1182 οί

558 1225 744 1279 πολλοὶ
761 1224 869 1278 τῶν
893 1225 1137 1293 ἀνοήτων
1157 1220 1369 1274 ποιοῦσι
1393 1218 1881 1293 περιεργαζόμενοι
1910 1218 1978 1270 τὰ
2000 1216 2151 1286 παρά

558 1309 654 1362 τοῦ
675 1309 811 1363 Θεοῦ
840 1307 1121 1377 γινόμενα,
1155 1306 1249 1358 καὶ
1276 1305 1559 1373 λέγοντες*
1585 1305 1677 1366 Εἰς
1703 1303 1755 1355 τί
1783 1302 1971 1367 τοῦτο;
2004 1302 2084 1364 εἰς
2099 1300 2151 1353 τί

561 1396 766 1456 ἐκεῖνος
796 1394 891 1447 καὶ
918 1392 971 1444 τί
998 1390 1059 1443 τὸ
1088 1389 1281 1459 ὄφελος
1309 1389 1418 1442 ἀπὸ
1441 1388 1534 1441 τοῦ
1561 1387 1679 1440 τόδε
1708 1385 2032 1455 γενέσθαι,ἢ
2064 1385 2154 1438 τό·

558 1477 647 1541 δε;
688 1476 827 1529 Ἀλλ’
857 1474 959 1545 οὐχ
980 1474 1008 1525 6
1036 1472 1243 1535 δίκαιος
1269 1470 1463 1534 οὕτως·
1497 1470 1635 1523 ἀλλά
1666 1469 1915 1539 καθάπερ
1935 1467 2151 1538 οἰκέτης

561 1559 963 1628 φιλοδέσποτος,
989 1556 1165 1619 οὕτως
1194 1555 1338 1625 άπερ
1360 1554 1425 1608 ἂν
1454 1554 1720 1623 ἐπετάγη,
1742 1556 1822 1616 είς
1844 1552 2002 1622 ἔργον
2024 1553 2154 1620 ἀγα·

559 1648 678 1714 γείν
706 1643 958 1706 έσπευδε,
995 1642 1070 1713 μή
1099 1638 1619 1711 περιεργαζόμενος.
1671 1638 1783 1691 Καὶ
1819 1637 1908 1691 ἵνα
1952 1636 2151 1707 μάθῃς,

564 1728 730 1782 ἄκουε
752 1726 861 1779 τῶν
887 1726 1032 1795 ἐξῆς.
1074 1722 1293 1794 Ἐπειδὴ
1313 1722 1421 1793 γάρ
1448 1721 1546 1792 τήν
1576 1720 1869 1789 ὑπόσχεσιν
1894 1720 2154 1789 ἐποιήσα-

559 1829 624 1864 το
649 1812 785 1883 πρὸς
808 1810 969 1864 αὐτὸν
988 1811 1017 1862 6
1043 1806 1342 1877 Δεσπότης,
1366 1807 1460 1858 καὶ
1488 1804 1702 1857 ἐτέλεσε
1726 1802 1824 1871 τὴν
1851 1801 1998 1874 [409]
2018 1802 2153 1873 πρὸς

561 1896 726 1950 αὐτὸν
775 1894 1033 1959 διάλεξιν,
1080 1891 1283 1953 εὐθέως
1340 1891 1368 1942 6
1420 1888 1626 1952 δίκαιος
1670 1886 1741 1940 τά
1795 1885 2156 1940 κελευσθέντα

562 1979 824 2050 ἐπλήρου,
853 1978 946 2030 καὶ
967 1974 1029 2028 τὸ
1058 1975 1284 2045 σημεῖον
1321 1971 1382 2024 τὸ
1410 1971 1561 2043 παρά
1591 1969 1685 2023 τοῦ
1711 1969 1846 2022 Θεοῦ
1870 1968 2155 2023 κελευσθὲν

563 2061 803 2115 ἐπετίθει
840 2060 919 2131 τῷ
960 2057 1205 2129 Ἰσμαὴλ,
1238 2055 1336 2127 τήν
1365 2054 1664 2126 περιτομὴν
1698 2054 1859 2122 λέγω,
1898 2057 1992 2107 καὶ
2021 2054 2154 2106 πᾶσι

564 2147 677 2208 τοῖς
694 2141 1017 2211 οἰκογενέσι,
1040 2140 1135 2194 καὶ
1150 2142 1262 2202 τοῖς
1283 2139 1713 2210 ἀργυρωνήτοις,
1732 2135 1875 2190 καθὰ
1896 2135 2157 2204 ἐλάλησεν

564 2227 716 2297 αὐτῷ
738 2229 766 2280 6
787 2226 940 2289 Θεός.
971 2223 1336 2296 Περιετέμετο
1358 2220 1415 2273 δέ
1438 2222 1533 2275 καὶ
1555 2220 1735 2283 αὐτός.
1769 2221 2156 2282 Ἐννενήκον-

566 2326 640 2364 τα
670 2311 781 2380 γάρ
809 2309 905 2362 καὶ
939 2306 1117 2361 ἐννέα
1144 2303 1296 2359 ἐτῶν
1324 2300 1425 2374 ἦν,
1467 2304 1655 2373 φησὶν,
1685 2304 1868 2369 ἡνίκα
1896 2301 2156 2371 περιετέ-

564 2411 705 2462 pato
731 2392 845 2460 τὴν
875 2395 1074 2459 σάρκα
1106 2388 1217 2456 τῆς
1238 2388 1643 2455 ἀκροϐυστίας
1668 2387 1875 2441 αὐτοῦ·
1913 2385 2159 2455 Ἰσμαήλ

565 2475 634 2528 δὲ
660 2471 739 2545 ἦν
766 2473 919 2528 ἐτῶν
944 2470 1286 2539 δεκατριῶν.
1310 2470 1401 2540 Μὴ
1428 2470 1656 2541 νομίσῃς
1681 2463 1869 2532 ἀπλῖῶς
1899 2470 2029 2539 ἡμῖν
2050 2467 2158 2520 τῶν

565 2558 705 2614 ἐτῶν
724 2558 814 2612 τὸν
832 2557 1066 2629 ἀριθμὸν
1084 2556 1183 2625 τὴν
1207 2554 1245 2607 Γ
1250 2554 1428 2626 ραφὴν
1447 2556 1608 2623 ἐπιση
1619 2552 1909 2623 μήνασθαι·
1934 2551 2048 2605 ἀλλ’
2072 2552 2159 2604 ἵνα

567 2643 662 2696 καὶ
688 2644 750 2695 ἐκ
774 2640 964 2694 τούτου
992 2638 1169 2711 μάθῃς
1189 2636 1285 2691 τοῦ
1311 2636 1521 2689 δικαίου
1548 2635 1645 2705 τὴν
1669 2634 1866 2705 πολλὴν
1892 2632 2157 2703 ὑπακοήν,

566 2727 650 2779 ὅτι
679 2726 737 2778 ἐν
766 2724 980 2795 ἐσχάτῳ
1008 2724 1154 2794 γήρα
1184 2719 1261 2774 ὢν
1287 2720 1478 2790 πράως
1505 2720 1704 2790 ήνεγκε
1735 2719 1833 2789 τήν
1859 2716 2051 2785 ὀδύνην
2071 2715 2160 2769 διά

567 2808 629 2863 τὸ
657 2808 753 2863 τοῦ
784 2807 919 2860 Θεοῦ
955 2806 1258 2874 ἐπίταγμα,
1295 2802 1383 2856 διά
1406 2802 1563 2854 τοῦτο
1596 2803 1829 2855 ποιεῖται
1858 2799 1955 2871 τήν
1981 2799 2160 2853 αὐτῶν

568 2890 965 2961 ἀπαρίθμησιν,
982 2887 1077 2941 καὶ⁸
1091 2887 1193 2941 οὐκ
1216 2886 1378 2948 αὐτὸς
1405 2884 1583 2955 μόνος,
1609 2884 1744 2937 ἀλλά
1771 2884 1864 2935 καὶ
1883 2887 1911 2936 6
1941 2882 2162 2954 Ἰσμαὴλ

570 2976 666 3028 καὶ
702 2973 901 3036 πάντες
938 2974 986 3025 of.
1024 2972 1339 3039 οἰκογενεῖς.
1389 2968 1523 3021 Οὐδὲ
1554 2968 1664 3037 γάρ
1695 2967 1756 3019 τὸ
1794 2967 1956 3035 τυχόν
1991 2967 2158 3029 ἐστιν,

570 3056 841 3128 ἀγαπητέ,
881 3055 1231 3123 ὑγιαίνουσαν
1284 3052 1463 3121 σάρκα
1509 3051 1803 3120 ἀποτεμεῖν
1848 3050 1942 3103 καὶ
1980 3049 2161 3113 κακῶς

556 3140 818 3210 .ἐχουσαν.
847 3138 911 3191 Εἰ
948 3137 1057 3206 γὰρ
1088 3136 1183 3189 καὶ
1222 3133 1423 3205 ίατρῶν
1453 3133 1642 3195 παῖδες
1683 3131 1843 3202 μέλος
1870 3132 2160 3203 ἀρῤωστῆ-

574 3240 672 3276 σαν
691 3222 1089 3292 ἀποτέμνουσιν
1106 3231 1155 3283 α,
1180 3218 1294 3271 ἀλλ’
1312 3217 1411 3270 οὐκ
1440 3216 1528 3286 ῐση
1552 3214 1761 3283 γίνεται
1780 3214 1901 3268 τότε
1922 3219 1953 3284 ή
1977 3216 2158 3286 ὀδύνη.

572 3304 862 3376 Νεκρωθέν
890 3301 1021 3375 γὰρ,
1048 3302 1124 3364 ώς
1145 3302 1339 3363 εἰπεῖν,
1369 3298 1554 3351 λοιπὸν
1578 3298 1671 3351 καὶ
1698 3299 1795 3367 τῆς
1825 3297 2063 3368 ζωτικῆς
2081 3298 2163 3351 δυ-

571 3390 789 3459 νάμεως
810 3385 1181 3457 ἀποπερηθέν
1210 3382 1588 3453 ἐκτέμνουσιν.
1620 3381 1879 3435 Ἐνταῦθα
1908 3382 1964 3434 δέ
1985 3381 2161 3454 γέρων

573 3473 670 3527 καὶ
700 3470 1011 3542 πρεσϐύτης
1064 3466 1279 3527 (ἑκατὸν
1321 3466 1429 3537 γὰρ
1479 3465 1615 3518 ἐτῶν
1655 3465 1939 3537 ἐτύγχανε)
1972 3468 2163 3534 πράως

572 3556 771 3626 ἤνεγκε
812 3554 910 3624 τήν
952 3551 1165 3623 ὀδύνην,
1195 3548 1330 3621 ὁμοῦ
1367 3548 1460 3601 καὶ
1494 3547 1587 3601 τοῦ
1619 3548 1753 3601 Θεοῦ
1785 3549 1845 3601 τὺ
1883 3548 2162 3619 ἐπίταγμα

572 3640 653 3701 εἰς
677 3637 837 3708 ἔργον
861 3637 1087 3705 ἀγαγεῖν
1114 3633 1381 3695 σπεύδων,
1412 3632 1506 3685 καὶ
1534 3632 1624 3685 τὸν
1657 3631 1769 3683 υἱὸν
1801 3633 1893 3685 καὶ
1925 3633 2050 3694 τοὺς
2081 3634 2163 3684 οἱ·

574 3722 815 3789 κογενεῖς
849 3719 1095 3781 ἅπαντας
1121 3715 1558 3788 προθυμοτέρους
1602 3714 1988 3785 ἐργαζόμενος,
2020 3714 2161 3768 ὥστε

577 3804 654 3875 μὴ
689 3804 977 3867 ἐνδοιάσαι,
1012 3801 1148 3856 ἀλλά
1187 3800 1326 3870 μετά
1352 3798 1548 3852 πολλοῦ
1583 3799 1678 3851 τοῦ
1701 3799 1897 3869 τάχους
1921 3799 1982 3851 τὸ
2011 3800 2161 3870 παρά

574 3888 670 3941 τοῦ
710 3887 844 3940 Θεοῦ
885 3884 1225 3959 προσταχθὲν
1273 3882 1603 3937 ἐπιτελέσαι.
1651 3877 1803 3945 Εἶδες
1847 3883 1969 3935 ὅσον
2014 3884 2161 3936 ἐστὶν

575 3972 715 4042 ἀνὴρ
745 3971 1020 4042 ἐνάρετος,
1048 3970 1195 4031 ὅπως
1222 3966 1316 4021 καὶ
1344 3967 1468 4028 τοὺς
1491 3965 1967 4037 ὑπηρετουμένους
1991 3964 2163 4021 ᾶπαν-

575 4071 674 4115 τας
715 4053 1000 4106 ἐπαίδευσε
1034 4052 1154 4104 κατ’
1191 4051 1334 4120 ἴχνος
1372 4048 1538 4103 αὐτοῦ
1574 4048 1809 4119 βαίνειν;
1849 4050 2023 4119 Ὅπερ
2052 4050 2160 4122 γάρ

578 4134 703 4204 χθὲς
739 4135 944 4203 ἔλεγον,
985 4134 1141 4187 τοῦτο
1170 4132 1332 4186 πάλιν
1370 4133 1464 4185 καὶ
1500 4131 1592 4184 νῦν
1619 4131 1749 4202 ἐρῶο
1780 4133 1862 4185 ὅτι
1890 4132 1975 4184 διά
2006 4132 2162 4186 τοῦτο

578 4218 763 4271 λοιπὸν
793 4218 853 4283 ἐξ
878 4218 1085 4270 ἐκείνου
1116 4218 1447 4287 πρόσταγμα
1476 4215 1667 4283 γέγονε
1699 4214 1849 4285 παρά
1875 4215 1968 4267 τοῦ
2002 4215 2159 4280 Θεοῦ,

579 4301 722 4355 ὥστε
753 4303 811 4355 ἐν
852 4301 1017 4372 ἀώρῳ
1052 4305 1120 4371 τῇ
1159 4300 1347 4371 ἡλικία
1370 4299 1527 4352 τοῦτο
1553 4300 1844 4368 ὑπομένειν
1878 4300 2005 4363 τοὺς
2038 4303 2163 4353 παῖ-

578 4384 697 4449 δας,
734 4386 820 4437 ἵνα
842 4385 899 4437 ἐν
932 4383 1259 4454 ἀναισθησίᾳ
1280 4383 1376 4453 τὴν
1401 4382 1639 4451 ἐκτομὴν
1663 4382 1762 4451 τῆς
1793 4382 1996 4453 σαρκὸς
2028 4382 2162 4435 ὑπο-

584 4470 839 4541 μένοντες
869 4466 1139 4538 μηδεμίαν
1169 4467 1270 4536 τῆς
1296 4465 1488 4535 ὀδύνης
1511 4468 1704 4536 πεῖραν
1727 4464 1983 4518 λάϐωσιν.

664 4550 823 4604 Ἀλλά
858 4550 1050 4604 σκόπει
1084 4567 1194 4619 μοι,
1226 4549 1497 4617 ἀγαπητὲ,
1537 4547 1633 4601 τοῦ
1677 4547 1811 4602 Θεοῦ
1845 4550 1943 4618 τὴν
1977 4548 2163 4617 φιλαν-

580 4634 847 4705 θρωπίαν,
874 4633 1081 4704 κα“ιτὴν
1102 4634 1305 4700 ἄφατον
1331 4633 1460 4701 περὶ
1491 4633 1637 4701 ήμᾶς
1664 4632 1999 4701 εὐεργεσίαν.
2019 4633 2166 4687 Ἐκεῖ

583 4718 677 4770 καὶ
700 4716 857 4787 ὀδύνη
876 4716 968 4769 καὶ
988 4716 1149 4777 πόνος
1171 4718 1235 4767 ἐκ
1256 4714 1347 4768 τοῦ
1375 4715 1684 4783 γινομένου,
1699 4716 1793 4767 καὶ
1810 4715 1961 4767 οὐδὲν
1977 4715 2162 4786 ἓτερον

582 4804 645 4855 ἐκ
670 4802 769 4872 τῆς
797 4800 1098 4873 περιτομῆς
1118 4799 1309 4868 ὄφελος
1328 4794 1419 4868 ἦν,
1441 4798 1474 4867 ἢ
1501 4797 1658 4850 τοῦτο
1678 4797 1857 4868 μόνον,
1876 4799 1934 4852 τὸ
1961 4800 2048 4852 διά
2069 4800 2164 4853 τοῦ

583 4886 810 4956 σημείου
843 4884 1032 4938 τούτου
1058 4883 1371 4954 γνωρίμως
1401 4881 1597 4944 αὐτοὺς
1625 4876 1786 4947 εἶναι,
1808 4883 1900 4934 καὶ
1926 4881 2034 4934 τῶν
2054 4883 2161 4935 λοι-

581 4970 700 5025 πῶν
739 4968 908 5022 ἐθνῶν
938 4967 1288 5039 κεχωρίσθαι.
1334 4965 1399 5018 Ἦ
1429 4965 1484 5017 δέ
1532 4964 1772 5034 ἡμετέρα
1805 4965 2090 5036 περιτομὴ.
2129 4968 2164 5037 ή

580 5053 674 5107 τοῦ
705 5051 1075 5123 βαπτίσματος
1117 5048 1258 5117 λέγω
1299 5047 1477 5119 χάρις,
1517 5046 1783 5100 ἀνώδυνον
1812 5047 1923 5117 ἔχει
1956 5048 2053 5118 τὴν
2085 5050 2167 5101 ἱα-

580 5137 786 5208 τρείαν,
806 5136 900 5188 καὶ
924 5133 1129 5205 μυρίων
1152 5131 1371 5201 ἀγαθῶν
1393 5129 1649 5202 πρόξενος
1671 5129 1875 5198 γίνεται
1897 5131 2044 5200 ἡμῖν,
2068 5130 2165 5182 καὶ⁵

579 5220 678 5291 τῆς
698 5219 793 5272 τοῦ
825 5218 1138 5288 Πνεύματος
1162 5218 1307 5287 ἡμᾶς
1330 5215 1636 5287 ἐμπίπλησι
1661 5214 1900 5285 χάριτος,
1925 5214 2020 5267 καὶ
2044 5213 2164 5267 οὐδὲ

579 5303 885 5377 ὡρισμένον
912 5302 1023 5372 ἔχει
1048 5301 1258 5371 καιρὸν,
1291 5298 1545 5368 καθάπερ
1576 5300 1711 5361 ἐκεῖ,
1734 5297 1847 5350 ἀλλ’
1871 5297 2045 5363 ἔξεστι
2070 5299 2164 5351 καῖ⁷

580 5387 640 5443 ἐν
675 5385 839 5461 ἀώρῳ
866 5385 1073 5455 ἡλικίᾳ,
1115 5384 1209 5437 καὶ¹
1239 5385 1295 5435 ἐν
1329 5382 1489 5456 μέσῃ,
1531 5383 1625 5434 καὶ
1656 5384 1713 5434 ἐν
1742 5380 1890 5451 αὐτῷ
1914 5380 1992 5451 τῷ
2017 5383 2163 5453 γήρᾳ

579 5469 871 5539 γενόμενόν
909 5484 1028 5520 τινα
1067 5466 1272 5536 ταύτην
1307 5464 1564 5529 δέξασθαι
1607 5465 1706 5535 τὴν
1750 5465 2162 5535 ἀχειροποίητον

580 5551 903 5627 περιτομὴν,
933 5552 989 5602 ἐν
1071 5550 1170 5602 οὐκ
1194 5542 1308 5601 ἐστι
1335 5549 1492 5618 μόνον
1520 5548 1827 5617 ὑπομείναι,
1847 5547 1961 5600 ἀλλ’
1985 5549 2163 5619 ἀμαρ-

581 5634 839 5705 τημάτων
870 5632 1066 5705 φορτία
1093 5632 1413 5697 ἀποθέσθαι,
1452 5631 1546 5685 καὶ
1574 5631 1684 5685 τῶν
1712 5634 1771 5686 ἐν
1797 5633 1958 5686 παντὶ
1987 5632 2160 5704 χρόνῳ

645 5813 673 5845 ⁸
699 5814 924 5875 Quinque
951 5825 1064 5862 mss.
1096 5811 1413 5877 ἀρρωστῆσαν
1445 5811 1554 5861 τότε
1578 5811 1942 5873 ἀποτέμνουσιν.

1233 350 1292 407 S.
1326 347 1612 406 JOANNIS
1644 342 2141 403 CIIRYSOSTOMI
2177 341 2497 399 ARCHIEP.
2536 340 3090 400 CONSTANTINOP.

3728 336 3837 398 374

2254 459 2741 533 πλημμελημάτων
2777 458 2878 530 τὴν
2920 455 3264 527 συγχώρησιν
3296 451 3573 524 εὑρέσθαι.
3620 454 3837 527 Ἐπειδὴ

2253 545 2361 615 γὰρ
2395 540 2534 597 εἶδεν
2577 545 2606 596 ὁ
2642 542 3022 613 φιλάνθρωπος
3062 538 3192 601 Θεὸς
3224 538 3323 609 τῆς
3361 537 3643 603 ἀσθενείας
3678 540 3840 610 ήμῶν

2254 629 2351 700 τὴν
2398 627 2727 699 ὑπερϐολὴν,
2781 626 2875 680 κα.)⁸
2915 626 2997 678 ὅτι
3042 623 3233 676 ἀνίατα
3272 622 3551 687 νοσοῦντες
3597 624 3839 694 μεγάλης

2252 721 2485 793 δεόμεθα
2517 720 2615 789 τῆς
2648 720 2909 791 ίατρείας,
2933 718 3027 771 καὶ
3055 717 3261 786 ἀφάτου
3283 717 3380 786 τῆς
3409 717 3836 787 φιλανθρωπίας,

2254 802 2555 873 οίκονομῶν
2588 802 2688 873 τήν
2726 801 3001 873 ἡμετέραν
3039 798 3331 869 σωτηρίαν,
3384 799 3673 869 ἐχαρίσατο
3705 802 3842 868 ἡμῖν

2255 888 2354 960 τὴν
2388 887 2477 940 διά
2507 886 2601 940 τοῦ
2630 885 2855 957 λουτροῦ
2893 885 2993 955 τῆς
3027 881 3443 950 παλιγγενεσίας
3477 883 3837 945 ἀνακαίνισιν,

2256 972 2344 1026 ἵνα
2368 970 2693 1041 ἀποθέμενοι
2722 970 2813 1023 τὸν
2841 968 3068 1022 παλαιὸν
3097 967 3401 1038 ἄνθρωπον,
3436 967 3579 1020 τοῦτ’
3610 967 3841 1030 ἐπιτάς

2255 1053 2484 1128 πράξεις
2520 1054 2619 1117 τὰς
2643 1052 2906 1124 πονηράς,
2942 1052 3038 1106 καὶ
3070 1051 3418 1121 ἐνδυσάμενοι
3456 1051 3545 1104 τὸν
3569 1051 3709 1116 νέον,
3746 1050 3841 1103 ἐπὶ

2256 1139 2356 1210 τὴν
2386 1138 2487 1208 τῆς
2524 1137 2729 1209 ἀρετῆς
2770 1136 2891 1189 ὁδὸν
2932 1134 3254 1206 βαδίζωμεν.
3298 1134 3479 1196 Ἀλλὰ,
3513 1134 3839 1204 παρακαλῶ,

2261 1222 2336 1293 μὴ
2358 1221 2466 1274 τῶν
2486 1221 2839 1291 ἀγνωμόνων,
2862 1219 2970 1275 τῶν
2997 1219 3338 1289 ἀναισθήτων
3369 1218 3583 1289 χείρους
3604 1217 3844 1288 γενώμε-

2259 1306 2329 1358 θα
2370 1303 2652 1357 Ἰουδαίων.
2699 1304 2927 1356 Ἐκεῖνοι
2962 1302 3061 1373 μὲν
3082 1302 3190 1374 γάρ
3218 1301 3496 1371 δεχόμενοι
3526 1301 3586 1353 τὸ
3616 1302 3843 1370 σημεῖον

2261 1386 2411 1463 [MO]
2452 1386 2608 1441 τοῦτο
2645 1386 2746 1455 τῆς
2779 1386 3103 1459 περιτομῆς,
3140 1381 3285 1455 εἶχον
3324 1384 3512 1454 ἱκανὴν
3543 1384 3845 1453 ἀσφάλειαν

2260 1473 2397 1544 πρὸς
2424 1471 2486 1524 τὸ
2512 1469 2708 1542 μηκέτι
2738 1468 3234 1541 συναναμίγνυσθαι
3259 1472 3371 1531 τοῖς
3400 1468 3573 1521 ἔθνεσι
3594 1468 3733 1521 κατά
3751 1468 3847 1521 τὸν

2260 1556 2361 1627 τῆς
2392 1554 2674 1617 κοινωνίας
2708 1553 2883 1622 λόγον·
2922 1552 3063 1607 κατὰ
3092 1553 3201 1624 γὰρ
3232 1552 3328 1622 τὴν
3358 1552 3611 1606 ἀσέϐειαν
3646 1551 3846 1604 πολλά-

2260 1659 2348 1705 κις
2380 1640 2576 1703 αὐτοὺς
2619 1639 2710 1692 καὶ
2742 1638 3172 1709 ὐπερηκόντισαν
3198 1634 3513 1707 ἀγνώμονες
3541 1636 3845 1703 γεγονότες.

2274 1724 2411 1779 Ἀλλ’
2438 1726 2597 1796 ἡμεῖς
2624 1721 2770 1787 ἅπαξ
2795 1721 3075 1792 δεχόμενοι
3109 1720 3207 1790 τὴν
3231 1720 3319 1772 διά
3343 1720 3437 1772 τοῦ
3471 1720 3848 1789 βαπτίσματος

2261 1808 2583 1879 περιτομήν,
2635 1804 2772 1875 μετά
2802 1804 3102 1873 ἀσφαλείας
3130 1803 3197 1858 τά
3226 1803 3346 1857 καθ’
3380 1805 3605 1866 ἑαυτοὺς
3636 1806 3846 1856 οἰκονο-

2266 1895 2547 1964 μήσωμεν.
2591 1890 2666 1943 Θύ
2705 1888 2847 1957 λέγω
2887 1888 2975 1941 ἴνα
3019 1888 3093 1959 μὴ
3134 1884 3695 1956 συναναμιγνυώμεθα
3733 1888 3849 1948 τοῖς

2264 1977 2492 2039 ἔθνεσιν,
2515 1974 2629 2029 ἀλλ’
2656 1974 2742 2027 ἵνα
2766 1973 2861 2026 ἐπὶ
2884 1973 2983 2043 τῆς
3005 1972 3212 2035 οἰκείας
3233 1971 3433 2044 ἀρετῆς
3458 1971 3726 2040 μένοντες,
3752 1971 3849 2023 καὶ

2262 2060 2489 2121 ἐκείνοις
2516 2055 3043 2129 συναναμιγνύμενοι
3063 2055 3311 2124 ἕλκωμεν
3338 2055 3534 2117 αὐτοὺς
3552 2056 3627 2116 είς
3648 2053 3745 2123 τὴν
3761 2054 3853 2105 εὐ-

2265 2142 2503 2207 σέϐειαν,
2544 2142 2639 2195 καὶ
2681 2140 2768 2193 διὰ
2803 2142 2903 2210 τῆς
2945 2138 3055 2191 τῶν
3090 2137 3308 2206 ἀγαθῶν
3354 2138 3531 2210 ἔργων
3575 2135 3850 2199 πολιτείας

2262 2226 2611 2289 διδασκαλίας
2636 2226 2816 2288 αὐτοῖς
2838 2223 3093 2285 ὑπόθεσις
3118 2220 3416 2292 γινώμεθα,
3442 2220 3540 2274 Διά
3561 2221 3669 2291 γὰρ
3692 2219 3853 2272 τοῦτο

2264 2311 2357 2365 καὶ
2381 2312 2410 2363 6
2433 2310 2609 2374 κοινὸς
2644 2310 2896 2363 ἀπάντων
2936 2306 3210 2377 Δεσπότης
3244 2305 3617 2377 συνεχώρησεν
3642 2306 3851 2374 ἀναμε-

2269 2394 2459 2466 μίχθαι
2479 2396 2571 2447 καὶ
2591 2395 2716 2456 τούς
2742 2392 3011 2463 πονηροὺς
3037 2392 3131 2444 κα“ι
3162 2391 3287 2454 τοὺς
3307 2390 3563 2457 ἀγαθοὺς,
3599 2389 3692 2442 καὶ
3722 2388 3851 2451 τοὺς

2266 2479 2511 2541 εὐσεϐεῖς
2534 2479 2628 2531 καὶ
2654 2478 2779 2539 τοὺς
2802 2474 3038 2537 ἀσεϐεῖς,
3068 2475 3153 2526 ἵνα
3176 2475 3227 2525 οί
3257 2473 3481 2543 πονηροὶ
3500 2472 3853 2542 κερδαίνωσιν

2266 2562 2375 2616 ἀπὸ
2405 2562 2514 2614 τῶν
2547 2560 2788 2629 ἀγαθῶν,
2825 2558 2920 2611 καὶ
2952 2559 3001 2612 οί
3033 2558 3090 2609 ἐν
3124 2556 3347 2627 ἀσεϐείᾳ
3388 2556 3467 2608 ἐτι
3497 2554 3853 2624 κατεχόμενοι

2265 2644 2710 2715 χειραγωγῶνται
2736 2641 2872 2713 πρὸς
2908 2641 3008 2711 τὴν
3037 2640 3336 2693 εὐσέϐειαν.
3373 2638 3537 2691 Οὐδὲν
3575 2638 3683 2707 γάρ
3708 2636 3853 2689 οὓτω

2266 2728 2344 2797 τῷ
2363 2726 2482 2797 Θεῷ
2507 2725 2985 2797 περισπούδαστον,
3008 2724 3084 2787 ώς
3113 2722 3358 2792 σωτηρία
3384 2721 3578 2791 ψυχῆς.
3615 2721 3706 2791 Μὴ
3736 2721 3853 2773 τοί·-

2268 2827 2363 2865 νυν
2397 2808 2711 2881 ἀμελῶμεν,
2749 2807 3075 2878 παρακαλῶ,
3122 2807 3260 2876 μήτε
3298 2804 3527 2867 ἑαυτῶν,
3570 2804 3704 2873 μήτε
3743 2803 3855 2855 τῶν

2268 2893 2514 2965 πλησίον·
2542 2892 2750 2946 ἐαυτῶν
2784 2892 2902 2962 μὲν,
2937 2889 3027 2943 διὰ
3054 2888 3148 2941 τοῦ
3180 2888 3250 2942 τά
3281 2888 3400 2941 καθ’
3428 2888 3655 2949 ἐαυτοὺς
3678 2886 3857 2948 οὐτως

2267 2982 2589 3049 οἰκονομεῖν,
2612 2977 2688 3040 ώς
2714 2977 2862 3029 δοκεῖ
2883 2975 2960 3045 τῷ
2986 2973 3125 3043 Θεῷ·
3150 2972 3256 3025 τῶν
3271 2972 3327 3025 δὲ
3353 2971 3599 3043 πλησίον,
3620 2971 3685 3023 ἵν’
3710 2970 3858 3024 οὕτω

2268 3063 2573 3133 λάμπωμεν
2595 3063 2651 3112 ἐν
2676 3061 2868 3130 ἀρετῇ,
2891 3056 3031 3110 ὥστε
3060 3055 3154 3109 καὶ
3183 3055 3457 3123 σιγώντων
3478 3056 3510 3124 ή
3519 3055 3632 3123 μῶν
3662 3055 3858 3123 ἱκανὴν

2269 3149 2413 3218 ἐχειν
2437 3142 2783 3198 διδασκαλίαν
2806 3144 2929 3205 τοὺς
2968 3143 3047 3205 είς
3083 3134 3228 3211 ήμᾶς
3255 3140 3517 3212 ὁρῶντας.
3534 3140 3745 3208 Ὥσπερ
3761 3136 3858 3191 οὖν

2269 3230 2515 3300 ἐνάρετοι
2549 3228 2700 3289 ὄντες
2749 3224 2818 3277 τὰ
2863 3225 3093 3296 μέγιστα
3144 3224 3237 3277 καὶ
3277 3223 3427 3277 αὐτοὶ
3464 3221 3855 3292 κερδανοῦμεν,

2270 3313 2365 3366 καὶ
2388 3316 2512 3374 τοὺς
2542 3307 2799 3372 ἀπίστους
2819 3307 3195 3377 ὠφελήσομεν,
3220 3304 3411 3368 οὕτως,
3433 3308 3480 3357 εί
3504 3305 3720 3375 meum
3731 3320 3857 3356 σαιο

2272 3412 2393 3466 μεν,
2442 3394 2536 3447 καὶ
2571 3392 2724 3445 αὐτοὶ
2759 3390 2961 3461 πολλὴν
3008 3387 3426 3459 ὑποπησόμεθα
3466 3389 3565 3456 τὴν
3608 3387 3857 3454 κόλασιν,

2270 3479 2364 3532 καὶ
2397 3477 2602 3547 ἐτέροις
2632 3474 2930 3527 σκανδάλου
2973 3472 3226 3533 ὑπόθεσις
3263 3471 3623 3541 γενησόμεθα.
3667 3469 3858 3521 Καθά-

2271 3580 2375 3635 περ
2409 3562 2519 3632 γὰρ
2551 3559 2647 3631 τήν
2677 3558 2875 3630 ἀρετὴν
2911 3558 3183 3628 μετιόντες
3212 3556 3372 3627 διπλῇ
3402 3557 3490 3609 τὸν
3524 3556 3713 3625 μισθὸν
3748 3573 3859 3609 πα.-

2271 3647 2341 3719 ρά
2379 3644 2474 3699 τοῦ
2522 3642 2655 3697 Θεοῦ
2695 3641 3074 3713 καρπούμεθα,
3109 3642 3203 3695 καὶ
3235 3640 3376 3711 ὑπὲρ
3410 3635 3485 3692 ὧν
3531 3640 3596 3691 ἂν
3650 3641 3857 3705 ταύτην

2272 3717 2569 3802 μετίωμεν,
2613 3727 2705 3779 καὶ⁵
2750 3725 2890 3795 ὑπὲρ
2944 3717 3019 3778 ὧν
3059 3724 3185 3786 τούς
3225 3722 3451 3793 πλησίον
3493 3722 3857 3791 ἐφελκώμεθα

2270 3817 2350 3877 είς
2382 3812 2480 3883 τὴν
2512 3810 2610 3881 τῆς
2637 3809 2841 3880 ἀρετῆς
2878 3807 3185 3861 κοινωνίανο
3220 3807 3313 3859 τὸν
3345 3806 3506 3858 αὑτὸν
3539 3806 3604 3876 δὴ
3648 3806 3857 3876 τρόπον

2270 3897 2363 3950 καὶ
2391 3896 2482 3948 ἐπὶ
2513 3893 2611 3962 τῆς
2640 3892 2859 3954 κακίας,
2888 3891 2988 3961 οὐχ
3027 3890 3168 3960 ὑπὲρ
3206 3883 3279 3942 ὧν
3320 3891 3717 3959 ἡμαρτήκαμεν
3758 3905 3855 3940 κο-

2268 3976 2543 4049 λαζόμεθά
2572 3976 2751 4046 μόνον,
2785 3973 2899 4029 ἀλλ’
2923 3975 3063 4046 ὑπὲρ
3084 3968 3159 4027 ὧν
3189 3974 3283 4027 καὶ
3314 3973 3531 4044 ἐτέρους
3558 3972 3855 4025 ὑποσκελί-

2270 4062 2456 4132 ζομεν.
2494 4058 2653 4112 ’Δλλά
2682 4058 2755 4128 μὴ
2779 4057 2987 4126 γένοιτο
3015 4056 3126 4109 τῶν
3155 4056 3388 4109 ἐνταῦθά
3410 4074 3531 4108 τινα
3563 4056 3858 4108 συνιόντων

2270 4144 2508 4198 τοιοῦτον
2531 4141 2804 4210 γενέσθαι,
2834 4138 2969 4192 ἀλλά
2997 4142 3203 4202 πάντας
3229 4141 3374 4209 ἡμᾶς
3402 4140 3536 4208 πρὸς
3563 4138 3856 4209 οἰκοδομὴν

2271 4228 2378 4281 τῶν
2405 4225 2656 4297 ὁρώντων
2684 4224 2775 4277 τὸν
2805 4225 3012 4276 ἐαυτῶν
3040 4223 3155 4294 βίον
3185 4222 3399 4284 ἰθύνειν,
3428 4222 3513 4274 ἵνα
3533 4220 3859 4290 δυνηθῶμεν

2274 4309 2414 4382 μετά
2456 4308 2767 4379 παρρησίας
2820 4307 3010 4375 στῆναι
3066 4306 3157 4359 ἐπὶ
3194 4304 3287 4357 τοῦ
3319 4305 3557 4375 βήματος
3594 4304 3687 4356 τοῦ
3719 4306 3859 4373 Χρι-

2272 4392 2422 4458 στοῦ,
2469 4393 2564 4446 καὶ
2608 4391 2715 4443 τῶν
2743 4390 3071 4461 ἀπορρήτων
3102 4390 3325 4441 ἐκείνων
3354 4387 3573 4457 ἀγαθῶν
3608 4387 3857 4456 ἀξιωθῆ-

2270 4494 2381 4540 ναι,
2421 4469 2497 4529 ὧν
2537 4474 2749 4543 γένοιτο
2781 4472 2991 4535 πάντας
3032 4473 3177 4541 ἡμᾶς
3220 4474 3515 4540 ἐπιτυχεῖν,
3547 4470 3731 4540 χάριτι
3758 4469 3858 4521 καὶ

2272 4558 2654 4631 φιλανθρωπίᾳ
2685 4555 2778 4609 τοῦ
2802 4554 3001 4626 Κυρίου
3038 4554 3194 4626 ήμῶν
3234 4553 3406 4625 Ἰησοῦ
3433 4552 3691 4623 Χριστοῦ,
3731 4551 3857 4621 μεθ’

2269 4640 2332 4700 οῦ
2363 4644 2442 4716 τῷ
2486 4644 2659 4711 Πατρὶ
2686 4642 2804 4710 ἅμα
2833 4640 2911 4709 τῷ
2950 4641 3090 4710 ἁγίῳ
3134 4638 3410 4709 Πνεύματι
3446 4637 3592 4702 δόξα,
3625 4637 3854 4707 κράτος,

2270 4727 2425 4799 τιμὴ,
2456 4724 2551 4780 νῦν
2583 4723 2674 4777 καὶ
2710 4724 2819 4789 ἀεὶ,
2859 4723 2954 4777 καὶ
2988 4725 3068 4786 εἰς
3091 4723 3217 4786 τοὺς
3254 4720 3455 4786 αἰῶνας
3484 4721 3590 4775 τῶν
3616 4720 3855 4775 αἰώνων.

2285 4811 2479 4883 Ἀμήν.

2834 4948 3080 5004 ΟΜΙΛΙΑ
3117 4950 3254 5007 MA'.

2276 5123 2465 5190 Ὠερθη
2512 5120 2580 5175 δὲ
2616 5124 2649 5176 δ
2695 5121 2839 5188 Θεὸς
2884 5120 2963 5188 τῷ
3007 5121 3252 5191 Ἀϐραὰμ
3299 5122 3446 5190 πρὸς
3490 5120 3566 5188 τῇ
3593 5122 3730 5186 δρυῒ
3775 5120 3858 5191 τῇ

2338 5192 2590 5273 Μαμϐρῆ
2610 5232 2625 5255 ,
2657 5192 2997 5273 καθημένου
3027 5192 3214 5273 αὐτοῦ
3245 5194 3345 5246 ἐπὶ
3383 5191 3493 5260 τῆς
3526 5195 3708 5260 θύρας
3738 5191 3859 5260 τῆς

2339 5263 2580 5331 σκηνῆς
2607 5263 2794 5316 αὐτοῦ
2817 5264 3213 5331 μεσημϐρίας.

2340 5392 2407 5441 α’.
2438 5384 2612 5437 Ὀκνῶ
2645 5384 2738 5437 καὶ
2766 5384 3066 5454 ἀναδύομαι
3090 5386 3327 5456 σήμερον
3352 5385 3486 5456 πρὸς
3516 5382 3612 5454 τὴν
3641 5386 3740 5455 τῆς
3774 5386 3859 5439 δι-

2267 5468 2563 5531 δασκαλίας
2600 5468 2880 5538 ἐξήγησιν.
2931 5470 3100 5522 Ὅταν
3145 5468 3254 5539 γὰρ
3289 5470 3563 5539 ἐννοήσω,
3604 5469 3688 5519 ὅτι
3728 5469 3857 5521 καθ’

2268 5553 2504 5621 ἑκάστην
2528 5551 2742 5622 ἡμέραν
2788 5551 2945 5621 ήμῶν
2992 5551 3325 5622 ἐνηχούντων
3350 5590 3364 5613 ,
3402 5550 3810 5620 παραινούντων
3836 5592 3855 5615 ,

2269 5634 2679 5704 παρατιθέντων
2698 5636 2826 5704 ὑμῖν
2846 5635 2942 5703 τὴν
2972 5633 3345 5703 πνευματικὴν
3366 5633 3565 5703 ταύτην
3584 5634 3857 5699 ἑστίασιν,

2267 5720 2448 5773 πολλοὶ
2479 5719 2585 5772 τῶν
2616 5719 2848 5773 ἐνταῦθα
2879 5720 3360 5791 παραγενομένων,
3394 5720 3487 5772 καὶ
3512 5720 3859 5789 μετεχόντων

2266 5804 2363 5876 τῆς
2400 5805 2773 5876 πνευματικῆς
2815 5805 3019 5875 ταύτης
3064 5802 3410 5867 διδασκαλίας
3446 5805 3538 5857 καὶ
3578 5803 3675 5871 τῆς
3724 5817 3858 5873 φρι-
