4092 6408
355 354 465 411 373
1345 350 1410 406 IN
1448 352 1601 407 CAP.
1645 351 1831 407 XVIII.
1873 352 2117 410 GENES.
2163 351 2395 409 IIOMIL.
2440 353 2577 409 XLI.
2611 405 2620 412 _
3544 359 3650 420 576

352 468 530 523 omnia
575 467 869 524 succedunt
893 483 909 533 ;
941 467 1033 523 sed
1054 474 1108 521 et
1128 467 1171 521 si
1191 466 1241 521 in
1264 465 1525 532 adversis,
1544 466 1785 520 eamdem
1807 467 1940 536 grati

350 564 518 617 animi
539 561 981 632 significationem
1004 560 1114 615 det.
1137 558 1226 613 Sic
1246 558 1390 611 enim
1415 556 1712 625 patriarcha
1750 556 1839 610 ille
1856 570 1945 608 ce.-

353 655 515 709 lebris
534 663 589 709 et
606 653 826 708 illustris
848 652 965 716 fuit,
986 660 1040 707 et
1058 658 1256 705 tantam
1277 648 1417 719 apud
1443 648 1613 703 Deum
1629 647 1856 702 obtinuit
1877 647 1940 699 li-

352 744 562 800 duciam
594 786 608 811 ,
662 761 726 800 ac
768 745 908 800 dona
970 743 1176 814 accepit
1229 758 1349 813 qua:
1426 756 1584 812 supra
1653 740 1940 795 humanam

351 848 474 894 sunt
504 848 769 893 naturam.

419 933 473 986 4.
514 932 622 987 Sed
651 946 832 1000 operae
862 931 1090 1002 pretium
1114 941 1197 987 est
1224 940 1283 987 ut
1302 930 1368 986 ad
1398 932 1697 987 institntnm
1728 916 1936 985 sermo-

350 1041 471 1079 nem
499 1025 803 1089 redeamus,
823 1034 879 1080 et
897 1025 1173 1080 videamus
1183 1025 1310 1095 justi
1328 1024 1710 1086 obedientiam,
1731 1031 1786 1076 et
1804 1035 1937 1089 quo-

350 1118 510 1171 modo
542 1116 726 1172 fecerit
752 1116 892 1186 quod
934 1133 964 1173 a
995 1118 1102 1172 Deo
1133 1118 1453 1187 imperatum
1499 1125 1613 1180 est,
1648 1130 1755 1168 non
1783 1128 1934 1181 quae-

333 1225 474 1262 trens
522 1224 760 1273 causam,
818 1225 989 1279 neque
1019 1210 1279 1264 rationem
1312 1210 1554 1279 exigens,
1602 1206 1742 1261 sicut
1782 1202 1933 1258 multi

345 1301 660 1371 insipientes
690 1300 912 1364 faciunt,
942 1302 1009 1355 tle
1038 1301 1101 1354 iis
1129 1316 1248 1371 qua:
1276 1300 1416 1354 Deus
1447 1306 1701 1368 operatur
1723 1296 1933 1350 curiose

343 1402 663 1462 qnzerentes,
690 1402 745 1447 ct
770 1394 1037 1448 dicentes:
1067 1392 1244 1460 Quare
1272 1392 1394 1459 hoc,
1422 1400 1476 1446 et
1495 1406 1661 1461 quare
1688 1388 1851 1443 illud?
1876 1396 1933 1441 et

343 1502 461 1553 qua:
493 1483 759 1553 hinc,;vel
783 1501 902 1555 qum
933 1486 1079 1540 illinc
1110 1485 1312 1539 utilitas
1358 1482 1669 1539 enascitur?
1712 1483 1778 1536 At
1822 1497 1928 1536 non

340 1579 405 1633 ad
444 1594 566 1634 eum
596 1566 812 1634 modum
857 1579 980 1634 fecit
1012 1580 1187 1649 justus
1219 1578 1340 1645 ille;
1388 1577 1485 1633 sed
1540 1577 1677 1631 sicut
1703 1576 1929 1661 famnlps

340 1672 566 1742 diligens
593 1672 892 1736 dominum,
921 1686 1273 1743 quzccumque
1300 1668 1647 1740 praecepisset
1704 1667 1929 1734 implere

338 1764 563 1826 studuit,
595 1763 726 1818 nihil
758 1763 979 1818 ulterius
1004 1772 1345 1834 percontans.
1380 1763 1446 1817 Et
1471 1770 1531 1817 ut
1569 1760 1765 1825 discas,
1801 1759 1927 1815 audi

335 1874 455 1928 qum
498 1870 812 1929 sequuntur.
854 1858 1144 1928 Postquam
1196 1855 1339 1912 enim
1391 1854 1649 1910 Dominus
1697 1853 1927 1925 promis-

334 1954 540 2004 sionem
563 1951 609 2004 ei
634 1950 757 2003 fecit
776 1948 858 2020 (υ.
888 1948 982 2018 22)
999 1990 1013 2013 ,
1043 1958 1098 2005 et
1116 1947 1725 2018 complevitsermonem
1745 1961 1920 2011 suum,

332 2043 702 2111 statitnjustns
727 2058 845 2111 qua:
865 2043 1118 2111 imperata
1142 2037 1355 2094 fuerunt
1377 2039 1619 2109 perfecit,
1643 2048 1695 2093 et
1713 2037 1920 2107 signum

333 2136 433 2189 hoc
454 2134 593 2204 qnnd
626 2150 654 2187 a
686 2134 794 2188 Deo
823 2142 941 2188 erat
964 2133 1169 2200 datum,
1194 2131 1385 2186 indidit
1411 2130 1623 2186 Ismaeli
1671 2129 1755 2201 (υ.
1782 2128 1872 2196 25)
1902 2169 1919 2194 ,

330 2227 792 2282 circumcisioueltt
811 2226 952 2290 dico,
977 2234 1032 2280 et
1055 2224 1303 2280 omnibus
1328 2223 1627 2279 vernaculis
1653 2232 1708 2278 et
1730 2221 1922 2291 empti-

330 2319 437 2380 tiis,
469 2320 605 2372 sicut
627 2318 877 2388 loquutus
900 2326 981 2372 est
1004 2317 1053 2371 ei
1076 2317 1232 2371 Deus.
1255 2314 1613 2371 Circumcisus
1634 2323 1718 2370 est
1742 2323 1919 2368 autem

326 2422 382 2465 et
402 2413 534 2481 ipse.
565 2411 654 2464 24.
696 2409 988 2481 Nonaginta
1012 2408 1156 2466 enim
1182 2417 1229 2463 et
1255 2424 1429 2462 novem
1466 2422 1721 2461 annorum
1761 2414 1869 2459 erat
1899 2444 1916 2468 ,

327 2504 518 2575 inquit,
553 2504 755 2573 quando
800 2502 1113 2557 circumcidit
1153 2518 1357 2555 carnem
1403 2500 1640 2571 prteputii
1689 2498 1914 2564 sni;25.

324 2596 517 2651 Ismael
542 2608 711 2650 autent
737 2603 845 2648 erat
871 2610 1122 2648 annorum
1148 2592 1405 2647 tredecim.
1431 2590 1509 2647 Ne
1540 2601 1694 2661 putes
1715 2591 1917 2660 absque

322 2702 480 2741 causa
511 2687 839 2757 Scripturam
864 2699 1163 2755 proponere
1207 2683 1362 2738 nobis
1410 2697 1691 2737 numerum
1740 2696 1915 2735 anno.

323 2794 440 2832 rum
469 2795 482 2831 :
515 2778 608 2832 sed
632 2787 690 2832 ut
710 2792 775 2832 ex
792 2777 895 2831 hoc
909 2776 1225 2845 discasjusti
1252 2789 1496 2845 magnam
1528 2772 1909 2839 obedientiam,

321 2872 461 2946 quod
489 2888 608 2927 cum
627 2871 735 2940 jam
768 2871 820 2925 in
850 2870 1118 2939 decrepita
1145 2878 1289 2924 esset
1311 2878 1487 2933 aetate,
1520 2866 1712 2922 leniter
1735 2865 1913 2920 tulerit

319 2964 558 3017 dolorem
584 2970 803 3031 propter
827 2970 1154 3030 prteceptnm
1177 2960 1285 3023 Dei,
1319 2970 1600 3028 propterea
1617 2957 1739 3012 facit
1765 2956 1909 3012 illam

319 3054 799 3117 enumerationem,
833 3063 1008 3109 etnon
1040 3052 1155 3121 ipse
1183 3052 1376 3114 solum,
1403 3050 1497 3105 sed
1545 3059 1600 3104 et
1620 3050 1829 3113 lsmael,
1857 3059 1913 3103 et

319 3164 508 3204 omnes
535 3146 812 3202 vernaculi
843 3143 1321 3200 circumciduntur.
1356 3142 1542 3213 Neque
1564 3143 1666 3196 hoc
1688 3157 1907 3211 parvum

318 3251 374 3298 et
396 3242 512 3297 leve
542 3241 719 3295 fuerit.
748 3240 863 3294 Non
896 3239 1036 3294 enim
1061 3237 1200 3292 idem
1236 3244 1340 3301 est,
1372 3235 1667 3297 carissime,
1691 3249 1907 3288 carnem

317 3336 526 3399 Sanam,
556 3342 610 3388 et
659 3332 798 3387 male
841 3330 1125 3386 habentem
1155 3344 1362 3384 secare.
1398 3327 1530 3382 Nam
1569 3327 1669 3383 etsi
1715 3325 1908 3381 medici

318 3440 532 3494 quoque
555 3423 792 3477 membra
825 3421 1065 3477 morbida
1087 3419 1373 3488 aliquando
1399 3418 1661 3483 incidunt,
1717 3427 1771 3471 at
1800 3433 1906 3471 non

315 3525 401 3571 est
429 3515 619 3569 similis
639 3514 812 3568 dolor.
842 3512 1159 3567 Emortunm
1191 3511 1334 3566 enim
1366 3511 1688 3573 membrum,
1735 3519 1792 3563 ut
1836 3509 1907 3562 ita

315 3607 513 3672 dicam,
538 3606 648 3674 jam
694 3616 749 3660 et
772 3605 919 3659 vitali
945 3604 1257 3674 Operatione
1277 3603 1589 3657 destitutum
1623 3613 1746 3656 tunc
1772 3603 1907 3657 inci-

315 3699 468 3754 dunt.
503 3697 599 3753 llic
636 3708 811 3752 autem
839 3712 1003 3752 senex
1035 3707 1089 3751 et
1133 3696 1437 3765 decrepitus
1464 3697 1715 3767 (centum
1761 3696 1904 3749 enim

315 3807 575 3847 annorum
603 3794 756 3857 erat)
783 3791 1073 3845 cruciatum
1096 3790 1287 3845 leniter
1310 3789 1447 3855 tulit,
1499 3789 1655 3843 simul
1684 3796 1737 3842 et
1766 3804 1905 3857 prte-

314 3893 529 3955 ceptum
560 3884 652 3937 Dei
675 3882 900 3949 implere
926 3883 1134 3949 volens,
1192 3892 1242 3936 et
1275 3882 1439 3935 filium
1485 3892 1539 3937 et
1594 3882 1906 3935 vernaculos

317 3989 510 4030 omnes
537 3974 895 4043 promptiores
928 3972 1181 4036 reddens,
1209 3981 1262 4026 ut
1293 3987 1360 4027 ne
1380 3981 1777 4035 cunctarentur,
1810 3970 1903 4025 sed

316 4080 508 4136 magna
536 4066 814 4119 alacritate
855 4064 946 4119 Dei
995 4074 1318 4134 praeceptum
1362 4062 1666 4132 implerent.
1714 4062 1904 4117 Vidisti

314 4168 625 4229 quanta-res
665 4158 734 4212 sit
764 4158 843 4212 vir
864 4168 1122 4227 prmstans
1174 4156 1388 4221 virtute,
1432 4156 1700 4226 quomodo
1745 4158 1904 4210 mitti-

316 4261 459 4307 stros
479 4266 668 4306 onmes
695 4253 885 4306 doceat
905 4260 963 4305 ut
988 4266 1082 4305 sua
1105 4249 1324 4319 vestigia
1350 4249 1666 4319 sequantur?
1690 4248 1822 4303 Nam
1851 4248 1903 4303 id

314 4343 457 4414 quod
502 4343 617 4398 heri
646 4343 910 4410 dicebam,
937 4340 1039 4396 hoc
1066 4342 1191 4397 item
1219 4350 1271 4396 et
1309 4355 1451 4394 nunc
1494 4340 1614 4393 dico
1644 4356 1658 4393 :
1691 4349 1905 4410 propter

318 4436 423 4491 hoc
444 4436 555 4490 fere
584 4451 648 4489 ex
683 4435 774 4489 illo
800 4434 888 4489 die
918 4443 1240 4504 praeceptum
1266 4431 1430 4487 fuisse
1457 4447 1484 4484 a
1511 4432 1640 4498 Deo,
1689 4440 1746 4486 ut
1799 4432 1902 4485 im—

316 4538 524 4585 matura
553 4536 710 4582 artate
731 4527 835 4581 hoc
861 4526 1103 4581 subirent
1125 4524 1301 4596 pueri,
1355 4538 1463 4593 quo
1491 4523 1694 4594 absque
1739 4538 1901 4579 sensu

314 4628 369 4673 et
396 4617 581 4672 dolore
606 4617 921 4672 incisionem
952 4615 1131 4670 carnis
1155 4613 1380 4671 ferrent.

385 4710 559 4766 Brevis
597 4710 993 4764 circumcisionis
1025 4687 1157 4762 .Cttm
1219 4708 1518 4778 baptismate
1564 4708 1899 4778 comparatio.

314 4802 454 4859 Licet
484 4802 786 4857 Christianis
811 4803 940 4856 inter
963 4810 1133 4872 gentes
1184 4800 1370 4854 versari
1396 4800 1665 4872 quomodo.
1694 4831 1766 4842 -—
1796 4800 1902 4856 Ve-

316 4910 435 4949 rum
460 4892 739 4948 considera
768 4892 859 4946 Dei
888 4892 1288 4961 benignitatem,
1336 4900 1392 4946 et
1432 4891 1753 4945 ineffabilem
1784 4890 1903 4959 ejus

314 5002 441 5057 erga
472 4999 570 5040 nos
595 4983 1024 5039 beneficentiam.
1076 4984 1165 5037 Illa
1194 4984 1335 5038 enim
1364 4982 1701 5037 circumcisio
1745 4980 1903 5035 dulo-

317 5093 430 5132 rem
460 5075 646 5132 habuit
668 5087 723 5132 et
747 5076 1004 5141 laborem,
1038 5084 1093 5130 et
1118 5076 1260 5131 nulla
1291 5074 1392 5130 alia
1406 5090 1472 5130 ex
1491 5073 1904 5129 circumcisione

316 5171 415 5228 fuit
440 5172 658 5236 utilitas,
676 5186 833 5241 quam
856 5170 969 5225 haec
980 5170 1112 5234 sola,
1129 5169 1269 5240 quod
1290 5184 1354 5224 ex
1374 5168 1474 5223 hoc
1490 5170 1639 5238 signo
1664 5167 1901 5238 dignosci

318 5274 558 5336 possent,
588 5273 645 5319 et
669 5265 737 5319 ab
762 5264 881 5318 aliis
901 5261 1148 5333 gentibus
1173 5271 1675 5331 sequestrarentur;
1720 5268 1902 5313 nostra

315 5368 494 5417 autem
524 5355 883 5418 circumcisio,
912 5355 994 5409 vel
1024 5353 1379 5421 baptismatis,
1424 5353 1657 5422 inquam,
1692 5351 1860 5421 gratia
1883 5390 1899 5416 ,

316 5449 635 5508 medicinam
662 5448 824 5503 habet
850 5448 981 5502 citra
1004 5445 1266 5509 dolorem,
1325 5445 1713 5513 innumeraqne
1762 5443 1901 5498 bona

317 5541 473 5597 nobis
503 5539 675 5606 affert,
700 5538 930 5610 Spiritus
957 5537 1126 5592 sancti
1154 5536 1320 5607 gratia
1354 5550 1451 5589 nos
1480 5536 1684 5604 implet,
1706 5545 1761 5589 et
1785 5533 1905 5589 nul-

317 5636 425 5689 lum
449 5631 728 5688 definitum
760 5630 920 5684 habet
945 5640 1155 5699 tempus
1174 5629 1314 5682 sicut
1335 5626 1476 5681 illic:
1497 5627 1591 5682 sed
1621 5628 1747 5683 licet
1769 5637 1823 5681 et
1848 5628 1901 5682 in

318 5728 508 5801 prima,
538 5731 594 5778 et
623 5723 676 5777 in
704 5721 902 5788 media,
930 5728 986 5777 et
1008 5721 1061 5775 in
1090 5720 1270 5774 ultima
1297 5726 1454 5772 attate
1484 5719 1622 5773 hanc
1647 5734 1753 5774 non
1783 5735 1901 5773 ma-

319 5818 584 5878 nufactatn
611 5811 1070 5873 circumcisioncm
1104 5811 1363 5881 recipere,
1394 5809 1445 5865 in
1472 5824 1574 5881 qua
1602 5823 1708 5864 non
1735 5809 1899 5865 susti-

2054 476 2210 520 netur
2238 469 2408 533 labor,
2454 467 2548 522 sed
2576 479 2916 538 peccatorum
2960 469 3301 539 deponuntur
3343 487 3544 539 onera,
3588 484 3645 529 et

2053 561 2301 616 remissio
2330 563 2600 617 invenitur
2629 566 2868 619 omnium
2896 576 3254 633 peccatorum,
3285 584 3405 636 quae
3429 585 3524 637 per
3553 580 3636 624 to-

2052 661 2157 706 tam
2185 653 2350 709 vitam
2379 663 2529 724 gesta
2555 665 2698 710 sunt.
2730 655 2938 726 Quippe
2963 672 3085 711 cutn
3114 656 3374 727 benignus
3394 659 3533 713 Deus
3562 660 3644 713 vi-

2047 742 2127 795 dit
2152 757 2370 812 gravem
2389 754 2626 798 nostram
2655 743 3039 811 infirmitatem,
3074 762 3138 802 ac
3161 762 3259 802 nos
3278 748 3644 804 incurabiliter

2047 849 2391 908 aegrotantes,
2414 854 2626 894 summa
2654 840 2895 911 indigere
2926 842 3209 907 medicina,
3255 852 3416 912 atque
3455 842 3644 897 ineffa-

2047 929 2137 984 bili
2168 930 2497 1001 benignitate
2520 948 2532 983 :
2560 940 2797 986 nostram
2819 948 3012 989 curans
3031 935 3281 1001 salutem,
3314 936 3536 1006 largitus
3557 946 3640 991 est

2043 1023 2198 1076 nobis
2230 1038 2325 1090 per
2352 1022 2622 1078 lavacrum
2664 1025 3084 1094 regenerationis
3114 1026 3548 1081 innovationent:
3584 1038 3640 1082 nt

2043 1114 2291 1183 deposito
2316 1115 2535 1171 homine
2558 1124 2766 1184 vetere,
2789 1115 2888 1171 hoc
2919 1127 3022 1185 est,
3078 1119 3330 1188 operibus
3352 1120 3525 1186 malis,
3584 1131 3638 1176 et

2042 1205 2215 1260 induti
2242 1222 2460 1272 novum,
2506 1208 2558 1262 in
2588 1208 2672 1265 via
2696 1208 2907 1263 virtutis
2938 1208 3269 1265 incedamus.
3304 1210 3497 1265 Verum
3530 1214 3633 1267 ite-

2040 1313 2159 1353 rum
2185 1314 2303 1362 oro,
2330 1315 2399 1355 ne
2425 1300 2721 1355 deteriores
2769 1301 2938 1357 simus
2983 1302 3205 1372 ingratis
3245 1311 3300 1358 et
3348 1303 3632 1359 insensatis

2037 1389 2257 1445 Jndzeis.
2291 1392 2366 1446 Illi
2386 1396 2528 1447 enim
2550 1393 2912 1464 'suscipientes
2940 1395 3360 1451 circumcisionis
3381 1397 3631 1465 signacu-

2037 1484 2169 1550 lum,
2198 1486 2327 1539 satis
2370 1486 2470 1540 sibi
2500 1492 2784 1553 cavebant,
2811 1502 2881 1543 ne
2924 1488 3061 1543 ultra
3111 1504 3232 1543 cum
3280 1490 3524 1559 gentibus
3571 1505 3632 1544 se

2035 1576 2345 1645 miscerent,
2374 1587 2631 1649 quantum
2662 1579 2728 1634 ad
2752 1581 3153 1635 communionis
3174 1581 3433 1636 rationem
3462 1582 3626 1650 perti-

2035 1680 2163 1727 net:
2193 1679 2448 1742 quantum
2474 1682 2654 1728 autem
2677 1672 2742 1727 ad
2777 1674 3127 1744 impietatem,
3180 1690 3324 1744 serpe
3382 1675 3499 1729 illos
3545 1677 3627 1729 in—

2031 1765 2169 1835 grati
2200 1766 2545 1833 superabant.
2575 1766 2683 1822 Nos
2731 1782 2862 1822 vero
2906 1782 3025 1822 cum
3077 1768 3244 1822 semel
3295 1767 3628 1834 suscepimus

2031 1856 2281 1926 baptismi
2316 1858 2798 1923 circumcisionem,
2826 1859 3007 1914 caute
3038 1869 3258 1929 tuteqne
3288 1872 3468 1913 nostra
3518 1860 3627 1913 dis-

2030 1964 2338 2020 pensemus.
2372 1949 2487 2004 Non
2519 1950 2748 2005 dixerim
2772 1968 2877 2005 non
2911 1952 3073 2006 licere
3118 1951 3274 2006 nobis
3296 1951 3496 2007 versari
3552 1953 3626 2004 in~

2032 2052 2115 2097 ter
2137 2051 2327 2113 gentes
2360 2060 2373 2097 :
2400 2044 2496 2098 sed
2522 2043 2574 2096 in
2611 2043 2823 2113 propria
2849 2044 3003 2098 nobis
3041 2045 3239 2099 virtute
3290 2055 3570 2099 manentes
3603 2087 3621 2111 ,

2028 2134 2099 2188 ita
2126 2150 2247 2189 cum
2279 2134 2385 2189 illis
2414 2136 2863 2190 commisceantur
2884 2179 2898 2202 ,
2942 2145 3001 2191 ut
3027 2137 3092 2190 ad
3121 2137 3262 2208 piam
3295 2153 3390 2192 eos
3416 2148 3625 2209 pertra-

2027 2224 2218 2280 hamus
2251 2223 2589 2296 religionem,
2638 2242 2702 2282 ac
2729 2242 2824 2297 per
2853 2227 3115 2283 honorum
3168 2244 3390 2297 operum
3445 2243 3623 2282 exem-

2025 2316 2173 2387 plum
2195 2317 2455 2373 doctrina:
2485 2318 2565 2373 eis
2579 2327 2827 2375 auctores
2851 2319 3041 2374 simus.
3069 2320 3143 2375 Ea
3169 2320 3311 2375 enim
3342 2320 3409 2375 de
3452 2334 3611 2375 causa

2024 2408 2325 2464 communis
2372 2410 2611 2465 omnium
2655 2411 2913 2466 Dominus
2953 2411 3195 2480 permisit
3220 2411 3378 2466 simul
3414 2412 3617 2466 versari

2024 2499 2194 2555 bonos
2211 2509 2267 2555 et
2290 2500 2483 2567 malos,
2513 2504 2633 2572 pios
2660 2514 2714 2556 et
2742 2501 2958 2571 impius,
3013 2511 3071 2555 ut
3102 2501 3229 2555 boni
3282 2500 3615 2556 lucrifaciant

2023 2592 2217 2659 malos,
2240 2603 2295 2648 et
2337 2593 2427 2663 qni
2477 2593 2531 2647 in
2556 2594 2754 2647 malitia
2801 2594 2976 2648 adhuc
3002 2594 3327 2661 detinentur,
3360 2594 3617 2648 manudn-

2020 2696 2207 2740 cantur
2229 2684 2297 2739 ad
2322 2685 2593 2754 pietatem.
2624 2684 2769 2739 Nihil
2809 2685 2951 2741 enim
3002 2685 3136 2740 adeo
3176 2686 3416 2741 studiose
3458 2694 3616 2740 curat

2021 2780 2184 2844 Deus,
2213 2788 2270 2833 ut
2296 2779 2525 2833 salutem
2552 2778 2876 2833 animarum.
2904 2777 3139 2833 Proinde
3160 2778 3407 2843 obsecro,
3435 2792 3502 2833 ne
3526 2793 3617 2832 cu-

2018 2888 2131 2926 ram
2156 2871 2475 2942 abjiciamus
2504 2887 2679 2941 neque
2712 2871 2901 2937 nostri,
2946 2886 3121 2941 neque
3148 2871 3394 2924 aliorum.
3441 2870 3613 2938 Quan-

2019 2975 2129 3021 tum
2156 2965 2222 3019 ad
2254 2980 2354 3021 nos
2377 2966 2589 3030 attinet,
2620 2966 2692 3019 ita
2742 2965 3084 3019 instituamus
3134 2965 3295 3018 vitam
3320 3005 3335 3029 ,
3385 2973 3444 3018 ut
3497 2964 3612 3018 Deo

2017 3058 2269 3127 placitum
2291 3066 2377 3112 est
2403 3072 2420 3109 :
2450 3066 2711 3126 quantum
2740 3066 2918 3110 autem
2938 3055 3004 3109 ad
3031 3055 3355 3124 proximum,
3406 3056 3485 3110 sic
3530 3055 3610 3108 ln-

2015 3165 2241 3205 ceamtts
2262 3150 2571 3212 virtutibus,
2597 3156 2658 3202 ut
2684 3148 2846 3203 etiam
2875 3147 3164 3201 silentibus
3192 3145 3372 3211 nobis,
3420 3160 3609 3199 omnes

2014 3254 2276 3313 quotquot
2304 3258 2404 3297 nos
2445 3241 2632 3297 vident
2670 3241 2801 3297 satis
2841 3239 3157 3295 doceantur.
3206 3239 3338 3294 Nam
3386 3240 3524 3292 sicut
3564 3239 3607 3291 si

2015 3335 2210 3388 virtute
2233 3334 2437 3403 praediti
2456 3336 2646 3398 simus,
2669 3333 2902 3387 maxima
2932 3343 2986 3387 et
3007 3332 3109 3401 ipsi
3134 3330 3460 3386 lucrabimur
3486 3371 3501 3395 ,
3552 3340 3608 3384 et

2014 3426 2322 3482 infidelibus
2350 3427 2468 3480 usui
2490 3427 2693 3480 erimus
2720 3442 2733 3478 :
2764 3424 2835 3477 ita
2866 3424 2910 3477 si
2940 3424 3276 3493 negligentes
3304 3420 3559 3475 fuerimus
3589 3460 3605 3481 ,

2012 3528 2066 3571 et
2088 3517 2187 3587 ipsi
2218 3532 2463 3595 magnam
2492 3515 2730 3571 feremus
2757 3530 2993 3582 poenam,
3026 3525 3080 3569 et
3100 3513 3444 3567 aliisoccasio
3460 3527 3607 3565 scan-

2012 3609 2117 3664 dali
2137 3609 2358 3664 erimus.
2381 3609 2530 3663 Sicut
2555 3608 2697 3661 enim
2718 3607 2966 3660 virtutem
2997 3604 3286 3674 amplexati
3329 3603 3596 3672 duplicem

2012 3701 2317 3757 mercedem
2345 3716 2377 3755 a
2406 3701 2520 3755 Deo
2548 3700 2863 3769 accipimus,
2909 3707 3018 3751 tum
3046 3696 3187 3766 quod
3219 3695 3319 3764 ipsi
3351 3696 3604 3748 virtutem

2010 3806 2382 3857 exerceamus,
2407 3799 2516 3845 tum
2534 3789 2677 3859 quod
2699 3789 2835 3844 alios
2856 3787 2922 3842 ad
2936 3787 3150 3842 virtutis
3168 3787 3599 3841 communionem

2012 3886 2284 3939 trahamus
2309 3902 2323 3937 :
2351 3886 2425 3939 ita
2467 3885 2512 3938 si
2542 3883 2595 3937 in
2640 3882 2881 3953 nequitia
2923 3896 3238 3945 versemur,
3280 3895 3385 3934 non
3431 3880 3602 3934 solum

2013 3979 2263 4048 punimur
2291 3975 2434 4046 quod
2484 3976 2583 4045 ipsi
2626 3974 2989 4045 peccavimus,
3046 3971 3142 4027 sed
3194 3981 3249 4026 et
3291 3971 3431 4040 quod
3484 3971 3604 4025 aliis

2010 4069 2264 4123 seandalo
2292 4067 2511 4122 fuimus.
2551 4066 2750 4121 Verum
2778 4066 2923 4119 absit
2951 4074 3009 4119 ut
3037 4064 3232 4133 aliquis
3276 4078 3463 4117 eorum
3512 4064 3601 4131 qni

2010 4162 2097 4217 hic
2123 4170 2270 4226 sunt,
2294 4160 2344 4214 in
2373 4159 2679 4230 huiusmodi
2703 4167 2844 4213 statu
2869 4164 3139 4220 versetur,
3169 4154 3262 4209 sed
3284 4170 3383 4209 nos
3411 4168 3602 4208 omnes

2009 4252 2075 4306 ad
2097 4250 2470 4307 aedificandum
2492 4265 2586 4305 eos
2603 4250 2693 4319 qui
2716 4263 2815 4302 nos
2828 4246 3031 4313 vident,
3050 4246 3217 4300 vitam
3240 4246 3601 4309 instituamus,

2012 4354 2066 4400 ut
2091 4345 2360 4414 possimus
2396 4357 2586 4412 magna
2615 4341 2807 4395 fiducia
2852 4348 2999 4395 stare
3028 4337 3171 4409 apud
3199 4337 3431 4391 tribunal
3457 4334 3583 4389 Chri

2008 4437 2097 4503 sti,
2123 4435 2478 4493 etinefl'abilia
2502 4436 2590 4490 illa
2614 4435 2749 4489 bona
2777 4433 3037 4503 consequi
3065 4449 3077 4484 :
3103 4447 3222 4502 quae
3250 4430 3403 4485 nobis
3429 4429 3601 4483 omni-

2009 4531 2112 4587 bus
2140 4530 2531 4595 concedantur,
2564 4529 2733 4599 gratia
2761 4537 2817 4582 et
2836 4526 3167 4597 benignitate
3193 4523 3401 4577 Domini
3433 4520 3599 4576 nostri

2007 4624 2136 4680 Jesn
2162 4624 2386 4688 Christi,
2431 4638 2553 4678 cum
2594 4637 2703 4693 quo
2754 4620 2897 4675 Patri
2946 4628 3001 4674 et
3050 4628 3239 4674 sancto
3272 4615 3491 4686 Spiritui
3532 4615 3603 4669 sit

2007 4717 2200 4787 gloria,
2224 4716 2398 4771 honor
2425 4722 2481 4770 et
2510 4714 2818 4784 imperium,
2849 4726 2994 4766 nunc
3018 4720 3074 4766 et
3088 4724 3328 4780 semper,
3354 4716 3412 4765 et
3430 4706 3483 4761 in
3501 4720 3604 4759 sae-

2008 4808 2125 4864 cula
2148 4808 2489 4863 smculorum.
2519 4807 2713 4860 Amen.

2582 4934 2860 4991 IIOMILIA
2891 4933 3029 4989 XLI.

2008 5051 2261 5123 Apparuit
2304 5060 2470 5105 autem
2516 5048 2652 5102 Deus
2706 5046 2923 5099 Abrahae
2956 5044 3094 5113 apud
3135 5059 3373 5109 quercum
3432 5039 3599 5094 Mam-

2080 5144 2166 5197 bre
2188 5185 2203 5209 ,
2230 5143 2432 5196 cedente
2465 5141 2575 5209 ipsa
2599 5139 2667 5194 ad
2695 5139 2907 5209 ianuam
2937 5134 3249 5191 tabernaculi
3288 5132 3368 5186 sui
3394 5132 3604 5185 meridie

2084 5235 2251 5307 (Gen.
2283 5234 2370 5290 I8.
2404 5230 2494 5302 I).

2082 5348 2135 5402 I.
2163 5343 2579 5402 Cunctabundus
2617 5341 2799 5406 hodie,
2828 5355 2928 5396 nec
2957 5338 3249 5394 admodum
3295 5337 3488 5391 alacris
3536 5335 3603 5389 ad

2009 5436 2307 5494 docendum
2342 5433 2813 5501 enarrandumque
2855 5430 3073 5485 accedo.
3110 5428 3245 5483 Nam
3271 5442 3393 5481 cum
3425 5436 3605 5481 mente

2011 5538 2222 5600 reputo,
2242 5528 2395 5583 nobis
2410 5526 2648 5597 quotidie
2667 5522 3129 5586 concionantibus,
3166 5519 3601 5577 admonentibus,

2011 5632 2065 5678 et
2092 5619 2365 5691 spirituale
2394 5618 2497 5673 hoc
2527 5615 2677 5671 vobis
2705 5614 3008 5671 convivium
3032 5610 3441 5682 apponentibus,
3471 5610 3609 5663 tnui-

2013 5724 2097 5770 tos
2148 5729 2212 5768 ex
2255 5712 2336 5767 his
2365 5711 2495 5781 ipsis
2546 5709 2636 5779 qui
2662 5707 2879 5774 adsunt,
2920 5715 2975 5761 et
3004 5705 3296 5775 spiritualis
3324 5703 3482 5770 hujus
3506 5702 3605 5755 do-

2015 5808 2224 5877 ctrinae,
2252 5822 2314 5863 ac
2342 5803 2632 5863 tremendae
2659 5798 3016 5872 terribilisque
3045 5812 3247 5856 mensa:
3287 5806 3413 5854 sunt
3435 5792 3602 5870 parti-
