4092 6408
489 387 600 447 376

486 503 657 571 cipes,
698 507 839 555 totos
861 496 976 551 dies
1009 497 1060 550 in
1086 495 1388 566 Spectandis
1416 495 1552 549 ludis
1590 493 1928 563 equestribus
1959 506 2078 560 per-

489 594 654 655 clo-re,
708 601 764 647 et
815 589 1034 659 perinde
1081 597 1241 657 atque
1296 588 1341 640 si
1402 602 1507 640 non
1550 586 1901 648 docerenms,
1952 581 2083 637 nihil

490 684 772 753 prolicere,
796 682 889 736 sed
927 680 1078 752 quasi
1105 678 1477 737 consuetudini
1513 678 1743 745 cuipiam
1764 677 2081 741 servientes,

489 776 533 828 si
581 784 782 829 tantttm
821 782 1022 827 annuat
1048 772 1125 827 eis
1156 771 1423 835 diabolus,
1464 785 1559 823 sua
1589 780 1780 839 Sponte
1806 783 2086 823 accurrere

489 866 557 921 ad
587 867 746 938 impia
778 867 865 923 illa
911 865 1238 936 Spectacula,
1270 874 1321 919 et
1364 864 1570 932 seipsos
1615 862 1843 927 libenter
1870 863 2084 933 maligni

490 959 750 1013 dzcmonis
792 957 1084 1027 illaqueare
1112 956 1338 1022 retibus,
1366 964 1422 1009 et
1445 968 1619 1024 neque
1639 963 1875 1008 nostram
1905 953 2089 1007 admo-

490 1049 774 1116 nitionem,
828 1065 1001 1118 neque
1050 1047 1344 1118 periculum
1388 1047 1583 1115 ipsum,
1634 1059 1807 1115 neque
1844 1044 2085 1100 inutilem

491 1142 660 1210 ipsam
685 1140 1164 1211 lrequentationem
1192 1139 1453 1199 doctrinae
1480 1140 1599 1192 loco
1630 1138 1710 1192 eis
1731 1151 1853 1192 esse
1876 1151 2035 1207 posse
2069 1154 2085 1191 :

492 1247 600 1302 quo
628 1247 758 1302 ergo
783 1232 1006 1303 posthac
1029 1232 1210 1285 animo
1253 1230 1551 1284 doctrinam
1600 1228 1904 1297 impertiam
1957 1227 2089 1285 viris

493 1341 565 1381 ex
590 1325 747 1380 dictis
767 1326 964 1380 nostris
1002 1324 1129 1378 nihil
1158 1324 1288 1379 lucri
1321 1323 1497 1377 facere
1520 1322 1900 1391 cupientibus?
1929 1321 1995 1376 Et
2021 1336 2089 1376 ne

494 1417 727 1471 mireris.
754 1416 1027 1487 Siquidem
1059 1424 1114 1470 et
1138 1414 1390 1485 agricola,
1417 1428 1537 1469 cum
1566 1422 1687 1482 post
1712 1412 1909 1469 multos
1937 1413 2090 1468 labo-

493 1525 582 1564 res
608 1518 661 1563 et
682 1523 949 1563 azrumnas
976 1508 1214 1563 sterilem
1249 1506 1395 1562 videt
1420 1521 1626 1577 agrum,
1676 1520 1848 1575 neque
1873 1504 2088 1575 dignam

494 1602 765 1657 laboribus
793 1600 1095 1657 mercedem
1143 1599 1479 1666 reddentem,
1527 1598 1743 1668 segnior
1779 1599 1844 1653 ad
1885 1599 2091 1668 jacieu-

492 1695 621 1748 dum
650 1709 855 1759 semen,
885 1710 991 1748 non
1013 1693 1125 1763 pari
1154 1693 1430 1748 alacritate
1454 1692 1831 1762 agriculturam
1850 1703 2088 1749 exercet.

496 1788 557 1841 lit
577 1786 815 1841 medicus
837 1786 1022 1841 videns
1044 1784 1310 1840 inﬁrmum
1333 1784 1444 1840 suis
1462 1783 1727 1841 mandatis
1750 1800 1859 1841 non
1885 1785 2094 1845 obtem-

496 1895 706 1948 perare,
750 1878 845 1933 sed
888 1888 1165 1939 vacantem
1203 1877 1441 1947 quotidie
1468 1877 1535 1934 iis
1562 1893 1680 1948 qua:
1717 1879 1964 1934 morbum
1991 1894 2091 1949 au-

495 1982 641 2041 gent,
677 1986 1047 2040 srcpenumero
1075 1971 1129 2024 in
1167 1985 1262 2025 sua
1288 1969 1436 2024 illum
1476 1968 1793 2040 aegritudine
1818 1969 2088 2041 relinquit,

499 2075 556 2117 ut
583 2063 912 2133 experientia
944 2064 1059 2133 ipsa
1098 2072 1275 2117 utatur
1316 2063 1593 2132 magistra,
1633 2071 1692 2117 ut
1723 2076 1788 2120 ea
1829 2078 1953 2133 qua:
1991 2063 2094 2129 sibi

498 2156 704 2223 prosint
741 2154 963 2208 ediscat.
1002 2153 1260 2209 Similiter
1292 2162 1349 2208 et
1394 2153 1486 2224 qui
1536 2152 1851 2223 disciplinas
1896 2168 2094 2224 pueros

496 2248 711 2312 docent,
743 2247 985 2307 videntes
1038 2247 1155 2301 illos
1210 2246 1389 2317 priora
1438 2261 1715 2317 respuere,
1762 2256 1819 2303 et
1861 2248 2095 2319 abjicere

496 2354 684 2392 eorum
715 2354 833 2407 qua:
862 2348 1017 2392 antea
1045 2337 1222 2393 edocti
1244 2347 1371 2393 sunt
1396 2342 1729 2404 memoriam,
1762 2353 1910 2410 saepe
1934 2356 2094 2396 aver-

498 2439 685 2484 santur
704 2472 718 2493 ,
747 2430 825 2484 sic
851 2428 1224 2499 negligentiam
1256 2444 1441 2484 eorum
1468 2429 1786 2498 correcturi,
1808 2440 1863 2487 et
1880 2430 1949 2487 ad
1974 2447 2093 2488 ma-

495 2524 585 2593 jus
607 2522 838 2576 studium
872 2522 1165 2576 redueturi.

575 2616 863 2671 Smculares
907 2616 1105 2669 labores
1153 2631 1267 2668 cum
1316 2615 1665 2685 spiritualibus
1706 2628 2091 2689 comparantur.

501 2706 556 2761 Ν
560 2724 624 2761 on
645 2707 918 2777 fraudetur
938 2707 1181 2773 mercede,
1198 2710 1284 2778 qui
1301 2708 1557 2764 auditores
1579 2726 1679 2764 non
1703 2711 1878 2780 ﬂectit.
1898 2740 1968 2761 ε-
1984 2710 2092 2768 Ve-

500 2810 800 2854 rumtamen
818 2800 1048 2869 agricola
1061 2798 1276 2870 quidem
1291 2800 1481 2855 merito
1495 2801 1712 2871 segnior
1728 2816 1874 2873 sape
1893 2803 2093 2873 evadit,

498 2892 621 2960 quia
652 2892 795 2945 videt
812 2892 1065 2945 damnum
1101 2905 1257 2945 suum
1289 2891 1464 2961 majus
1497 2892 1632 2958 ﬁeri,
1678 2902 1862 2964 utpote
1885 2896 1976 2966 qui
2012 2896 2096 2952 la—

502 2983 687 3038 borem
714 2992 1027 3052 ctsumptus
1054 2982 1212 3047 ferat,
1236 2992 1292 3038 et
1333 2984 1595 3041 fructibus
1617 2984 1958 3045 destituatur.
1987 2988 2099 3044 Me-

501 3078 655 3131 dicus
702 3087 879 3131 autem
909 3092 1015 3131 non
1048 3077 1313 3135 immerito
1351 3092 1552 3149 aagrum
1604 3094 1749 3150 saepe
1797 3081 2094 3153 relinquit:

500 3182 699 3238 corpus
741 3169 885 3223 enim
919 3177 1001 3222 est
1028 3166 1167 3237 quod
1193 3178 1430 3234 curatur,
1463 3177 1518 3224 et
1546 3178 1766 3240 propter
1790 3171 1893 3228 hoc
1918 3173 2098 3230 dimit-

502 3261 599 3325 tit,
627 3274 684 3314 ut
711 3260 911 3313 doloris
940 3260 1179 3313 accessio
1207 3260 1261 3313 in
1288 3258 1460 3314 morbi
1481 3275 1701 3317 sensum
1726 3262 1906 3330 ducat,
1939 3273 1995 3320 et
2017 3267 2098 3321 sic

501 3352 714 3406 tandem
738 3351 1056 3405 medicinam
1084 3365 1187 3411 non
1218 3360 1456 3419 respuat.
1481 3351 1732 3423 Magister
1754 3365 1938 3412 autem
1960 3357 2094 3427 ludi,

500 3458 569 3495 c0
595 3441 735 3512 quod
765 3451 944 3496 tenera
972 3449 1096 3495 sunt
1121 3449 1300 3506 :ctate,
1331 3441 1529 3497 utiliter
1555 3459 1953 3517 nonnumquam
1985 3449 2095 3519 pla-

500 3537 584 3605 gis
614 3548 807 3605 pueros
841 3535 1086 3604 castigat.
1145 3533 1344 3589 Verum
1385 3550 1483 3590 nos
1513 3534 1673 3592 ltudie
1719 3549 1942 3603 cunctos
1973 3540 2098 3611 illos

500 3638 851 3698 superantes,
903 3627 1006 3681 hoc
1055 3642 1276 3698 agemus
1320 3636 1380 3682 ut
1417 3638 1700 3699 paternum
1744 3647 1870 3702 erga
1918 3634 2099 3705 lapsos

500 3734 742 3775 amorem
768 3718 1122 3782 declaremus,
1154 3729 1204 3773 et
1246 3719 1556 3785 doceamus,
1588 3721 1634 3776 si
1675 3723 1728 3777 in
1781 3724 1869 3778 illa
1925 3727 2096 3798 negli-

501 3814 677 3884 gentia
708 3812 1042 3877 manserint,
1072 3827 1167 3868 eos
1206 3813 1327 3867 inde
1352 3814 1612 3881 majorem
1636 3815 2097 3877 condemnationis

500 3920 719 3960 causam
768 3904 1063 3958 habituros.
1118 3903 1252 3958 Nam
1298 3906 1533 3975 agricola
1571 3907 1785 3975 quidem
1822 3924 1929 3964 non
1983 3913 2096 3980 pari

503 3997 780 4052 alacritate
800 3996 1031 4051 seminat
1055 4036 1070 4061 ,
1100 3996 1342 4065 cogitans
1372 4005 1617 4065 sumptus
1642 3998 1903 4055 hactenus
1931 4001 2097 4059 fuisse

502 4091 721 4148 inutiles
750 4109 765 4148 :
793 4103 891 4145 nos
914 4102 1093 4146 autem
1126 4090 1194 4144 ab
1222 4088 1325 4145 hac
1367 4105 1493 4144 cura
1522 4090 1674 4145 liberi
1723 4107 1927 4148 smnus.
1962 4094 2098 4151 Nam

508 4184 632 4238 licet
665 4182 812 4252 jacto
837 4182 1098 4253 spirituali
1138 4183 1379 4248 semine,
1406 4182 1476 4238 ob
1504 4183 1804 4239 auditorum
1837 4187 2097 4257 ignaviam

506 4275 736 4330 fructum
763 4290 867 4329 non
893 4275 1185 4345 capiamus,
1211 4277 1447 4345 perfecta
1494 4277 1647 4331 nobis
1691 4287 1865 4333 tamen
1922 4280 2097 4336 futura

508 4382 718 4423 merces
750 4384 764 4422 :
790 4368 1071 4436 pecuniam
1114 4368 1256 4422 enim
1288 4367 1653 4429 concreditum
1702 4372 2055 4439 expendimus
2078 4416 2094 4442 ,

505 4470 563 4516 et
590 4460 898 4515 mandatum
937 4460 1147 4517 Domini
1176 4460 1516 4530 implevimus
1549 4472 1842 4518 :c'eterum
1875 4467 2097 4534 posthac

505 4551 777 4605 auditores
829 4550 1091 4605 rationem
1133 4550 1360 4606 reddent
1395 4550 1445 4606 ei
1488 4551 1579 4620 qui
1626 4554 1930 4609 concredita
1974 4572 2097 4612 cum

509 4661 668 4701 usura
704 4644 1029 4714 repetiturus
1078 4652 1183 4699 est.
1216 4643 1413 4698 Verum
1439 4643 1544 4699 hoc
1586 4660 1685 4700 nos
1714 4661 1818 4701 non
1846 4648 2103 4705 consider

506 4754 708 4804 ramus,
735 4752 831 4792 nos
855 4745 1005 4793 extra
1041 4736 1295 4790 damnum
1319 4750 1462 4801 esse,
1490 4746 1547 4792 et
1573 4737 1714 4807 quod
1743 4748 1985 4795 nostrum
2016 4749 2101 4811 est

510 4832 735 4902 implere
767 4849 782 4887 :
811 4831 906 4885 sed
933 4830 1179 4884 volumus
1207 4837 1267 4883 ut
1294 4836 1349 4882 et
1386 4842 1484 4884 vos
1510 4844 1579 4884 ex
1616 4828 1965 4887 dinumeratis
2003 4847 2098 4901 pe-

505 4924 677 4978 cuniis
708 4923 933 4977 multum
976 4919 1339 4991 negotiemini,
1388 4929 1445 4975 ut
1473 4936 1540 4976 ne
1582 4920 1794 4976 obnoxii
1821 4923 1939 4979 sitis
1968 4940 2102 4995 sup-

508 5016 665 5086 plicio
700 5013 843 5083 quod
871 5013 968 5067 luit
993 5013 1083 5067 ille
1109 5015 1197 5083 qui
1228 5012 1481 5065 talentum
1502 5011 1819 5075 recondidit,
1847 5022 1902 5069 et
1926 5014 2098 5069 domi-

508 5108 681 5163 nicam
714 5104 992 5175 pecuniam
1036 5120 1139 5157 non
1165 5104 1337 5158 solum
1373 5119 1478 5157 non
1510 5103 1897 5175 multiplicavit,
1928 5106 2022 5161 sed
2046 5116 2102 5162 et

507 5200 675 5269 ipsam
721 5199 774 5252 in
804 5208 943 5252 terra
971 5195 1193 5251 defodit.
1221 5195 1378 5251 Tales
1418 5203 1563 5263 sunt,
1589 5196 1679 5266 qui
1700 5195 1956 5252 doctrina:
1980 5213 2099 5252 ser-

506 5306 694 5348 mones
741 5288 963 5343 audiunt
1011 5287 1313 5360 (talentum
1361 5288 1502 5342 enim
1552 5288 1653 5343 hoc
1681 5299 1835 5344 vocat
1861 5296 1916 5344 et
1941 5304 2101 5359 pecu-

508 5381 720 5463 niam),
770 5398 942 5451 neque
982 5367 1199 5451 operam
1248 5380 1377 5437 dant
1430 5389 1488 5434 ut
1524 5380 1755 5435 fructum
1794 5380 2020 5435 aﬁ'erant
2044 5390 2100 5436 et

506 5475 735 5530 tnultutn
798 5472 1155 5549 negoticntur.
1205 5471 1312 5527 Sed
1375 5470 1511 5526 forte
1562 5470 1756 5526 dixerit
1794 5471 2096 5541 quispiam,

506 5567 812 5639 parabolam
848 5566 1004 5621 istam
1055 5565 1374 5619 talentorum
1421 5562 1489 5618 de
1531 5562 1838 5619 doctoribus
1867 5579 1986 5617 esse
2012 5564 2097 5618 di-

508 5670 671 5715 ctam.
698 5659 754 5715 ld
784 5674 883 5729 ego
911 5672 1122 5728 quoque
1144 5657 1335 5711 fateor.
1368 5655 1566 5710 Verum
1592 5656 1636 5709 si
1667 5654 1953 5725 diligenter
1978 5671 2095 5712 eam

508 5749 846 5819 scrutemini,
886 5751 1065 5807 scietis
1101 5751 1379 5806 doctorum
1408 5748 1621 5819 quidem
1664 5749 1898 5803 officium
1941 5766 2094 5818 esse,

503 5844 851 5903 dinumerare
873 5843 1149 5914 pecuniam
1179 5858 1193 5896 :
1222 5840 1317 5899 sed
1349 5854 1442 5896 vos
1464 5856 1568 5896 non
1596 5840 1771 5896 solum
1797 5840 2092 5911 depositam

1243 385 1301 440 S.
1339 382 1619 440 JOANNIS
1654 376 2133 437 CHRYSOSTOMI
2172 376 2491 435 ABCHIEP.
2531 379 3072 439 CONSTANTINOP.
3680 387 3789 450 376

2197 489 2511 555 custodire,
2565 491 2663 548 sed
2712 493 2872 555 etiam
2920 492 3179 564 negotiari
3242 493 3468 565 debetis.
3524 497 3673 565 Quod
3730 513 3789 555 ut

2191 580 2400 647 discas,
2431 596 2611 651 operae
2636 586 2865 653 pretium
2888 584 3050 640 fuerit
3086 601 3205 641 eam
3231 587 3284 656 in
3312 588 3545 643 medium
3572 590 3783 646 aliene.

2193 668 2575 745 Paterfamilias
2623 677 2827 730 cuidam
2846 717 2860 740 ,
2910 677 3100 748 inquit,
3166 695 3373 751 peregre
3427 682 3748 751 proﬁciscens
3768 726 3786 745 .

2191 767 2381 820 vocavit
2406 782 2572 822 sentos
2594 785 2733 833 suos,
2765 780 2811 823 et
2833 770 2970 825 dedit
2994 773 3082 835 uni
3101 772 3304 842 quidem
3330 774 3521 829 talenta
3548 776 3785 847 quinque,

2192 856 2285 910 alii
2337 868 2507 911 autem
2545 859 2670 924 duo,
2718 861 2809 913 alii
2854 878 2969 915 vero
3010 880 3184 917 unum.
3218 863 3345 920 Post
3374 867 3589 935 multum
3621 879 3788 937 autem

2144 946 2151 953 ’
2193 950 2408 1017 tempus',
2454 967 2569 1011 cum
2620 952 2901 1009 advenisset
2952 954 3078 1025 ipse,
3117 967 3356 1021 venerunt
3402 961 3578 1014 servi:
3605 972 3653 1015 et
3703 962 3794 1027 ille

2192 1040 2393 1107 quidem
2421 1043 2508 1110 qui
2553 1054 2816 1114 acceperat
2852 1045 3072 1117 quinque
3096 1048 3308 1117 talenta,
3342 1050 3549 1121 accessit
3577 1051 3749 1107 dicens
3770 1068 3793 1107 :

2194 1129 2429 1199 Domine,
2461 1134 2680 1205 quinque
2703 1136 2891 1203 talenta
2928 1139 3185 1205 tradidisti
3211 1141 3358 1210 mihi,
3380 1158 3493 1197 ecce
3507 1144 3610 1197 alia
3651 1146 3794 1214 quiu-

2193 1240 2290 1291 que
2316 1227 2506 1281 talenta
2535 1226 2919 1298 superlucratus
2945 1246 3058 1295 sum
3102 1230 3329 1302 (Matth.
3355 1233 3448 1290 25.
3474 1234 3562 1290 14.
3586 1236 3673 1291 15.
3701 1237 3791 1291 l9.

2194 1313 2321 1381 20).
2355 1316 2541 1386 Magna
2574 1319 2714 1374 servi
2752 1321 2923 1389 gratia
2952 1328 3008 1387 et
3035 1321 3293 1391 probitas,
3338 1324 3485 1396 larga
3514 1326 3673 1383 etiam
3694 1327 3797 1382 do-

2196 1409 2325 1464 mini
2362 1410 2681 1481 benignitas.
2715 1413 2781 1485 Et
2824 1415 2951 1483 quid
2983 1415 3150 1471 dicit?
3192 1415 3358 1487 Euge,
3394 1434 3534 1472 serve
3578 1420 3708 1474 bone
3742 1429 3795 1473 et

2196 1500 2382 1567 ﬁdelis,
2413 1518 2568 1572 super
2594 1519 2759 1573 pauca
2787 1506 2931 1574 fuisti
2954 1506 3141 1575 ﬁdelis,
3175 1523 3327 1578 super
3350 1510 3511 1569 multa
3537 1520 3584 1564 te
3611 1511 3795 1565 consti-

2197 1602 2335 1693 tAuqm
2356 1609 2377 1648 :
2397 1594 2657 1665 ingredere
2682 1596 2733 1653 in
2760 1597 3005 1669 gaudium
3027 1600 3217 1653 domini
3243 1600 3316 1671 tui
3334 1600 3543 1671 (Matth.
3563 1602 3651 1659 25.
3674 1604 3792 1673 21).

2197 1684 2484 1754 Qu'ouiam,
2512 1687 2704 1758 inquit,
2737 1690 2788 1747 in
2813 1689 2877 1759 iis
2904 1705 3024 1762 quae
3062 1691 3156 1747 tibi
3182 1692 3383 1764 credita
3405 1702 3550 1762 sunt,
3581 1704 3794 1763 gratum

2201 1794 2312 1847 pra:
2342 1791 2394 1847 te
2420 1780 2587 1845 tulisti
2614 1781 2875 1851 animttm,
2900 1783 3092 1854 dignus
3135 1798 3195 1851 es
3236 1784 3323 1855 cui
3364 1794 3420 1839 et
3451 1787 3650 1857 majora
3679 1796 3796 1840 tra—

2198 1867 2413 1939 dantur.
2453 1869 2673 1941 Accessit
2698 1884 2871 1943 autem
2909 1883 2956 1941 et
3002 1874 3089 1944 qui
3142 1874 3244 1931 duo
3278 1874 3468 1935 talenta
3502 1888 3792 1946 acceperat,

2199 1960 2371 2031 dicens
2399 1982 2419 2018 :
2447 1961 2634 2031 Nonne
2666 1964 2769 2028 duo
2798 1966 2990 2031 talenta
3016 1967 3143 2033 mihi
3172 1967 3472 2021 tradidisti?
3515 1967 3649 2022 Ecce
3690 1971 3798 2023 alia

2201 2054 2302 2115 duo
2333 2056 2556 2121 lucratus
2597 2074 2711 2119 sunt
2750 2059 2959 2130 insuper
2987 2059 3008 2130 (
3025 2058 3054 2115 ι
3061 2060 3165 2126 bid.
3196 2078 3247 2115 v.
3274 2060 3403 2133 22).
3430 2061 3614 2130 Magna
3638 2063 3799 2133 hujus

2200 2163 2415 2220 quoque
2436 2150 2577 2205 circa
2608 2152 2858 2220 pecunias
2882 2152 3085 2208 domini
3119 2153 3201 2221 sui
3222 2168 3350 2209 cura
3372 2163 3428 2209 et
3456 2155 3797 2222 sollicitudo;

2203 2242 2345 2297 unde
2367 2250 2425 2297 et
2448 2242 2639 2299 eadem
2665 2259 2785 2314 qua:
2810 2246 3056 2315 superior
3099 2247 3324 2302 meritus
3374 2258 3478 2303 est.
3521 2248 3590 2303 Et
3630 2265 3800 2318 quare

2202 2333 2292 2389 ille
2311 2334 2401 2404 qui
2423 2333 2530 2391 duo
2549 2336 2725 2390 attulit
2744 2336 2963 2405 talenta,
2986 2338 3233 2401 eumdem
3257 2341 3601 2411 consequitur
3623 2342 3798 2397 hono-

2203 2440 2341 2492 rem,
2368 2441 2527 2496 quem
2561 2426 2647 2482 ille
2662 2428 2751 2497 qui
2777 2428 2970 2495 talenta
2994 2430 3228 2499 quinque
3249 2432 3539 2487 attulerat?
3566 2432 3756 2488 Merito
3782 2454 3797 2490 :

2204 2518 2562 2577 accretionem
2598 2520 2743 2574 enim
2774 2528 2829 2575 et
2876 2520 3301 2593 imminutionem
3353 2538 3461 2577 non
3504 2523 3588 2578 vel
3638 2525 3801 2593 hujus

2204 2611 2508 2682 diligentia,
2537 2611 2620 2666 vel
2645 2610 2784 2679 illius
2820 2613 3142 2684 negligentia
3165 2614 3314 2689 fecit,
3346 2615 3440 2671 sed
3466 2617 3799 2672 concredito-

2204 2721 2325 2760 rum
2348 2705 2561 2761 modus.
2586 2704 2720 2767 Nam
2747 2706 2889 2775 quod
2917 2707 2986 2761 ad
3036 2706 3363 2776 diligentiam
3392 2712 3600 2781 attinet,
3637 2710 3800 2764 ambo

2202 2811 2359 2869 pares
2381 2796 2634 2865 fuerunt;
2679 2798 2905 2869 proinde
2945 2807 3001 2855 et
3046 2799 3287 2869 eamdem
3313 2803 3798 2875 remunerationem

2203 2890 2344 2945 nacti
2378 2897 2521 2946 sunt.

2265 2980 2322 3036 2.
2350 2979 2546 3037 Verum
2569 2980 2711 3037 alius
2744 2981 2836 3037 ille
2876 2982 3009 3049 nihil
3064 2983 3171 3037 tale
3225 2982 3425 3039 fecerat
3454 2982 3585 3041 :sed
3631 2986 3800 3055 quid?

2202 3073 2465 3137 Accessit,
2490 3073 2675 3128 dicens
2702 3090 2717 3128 :
2741 3074 2963 3144 Cognovi
2998 3084 3065 3141 te,
3092 3075 3229 3145 quod
3269 3085 3502 3132 austeras
3530 3077 3679 3133 homo
3704 3080 3796 3144 sis,

2204 3178 2393 3221 metens
2414 3167 2500 3235 ubi
2527 3182 2629 3220 non
2663 3168 2942 3233 seminasti,
2973 3177 3019 3231 et
3039 3184 3351 3238 congregans
3371 3169 3454 3223 ubi
3480 3186 3579 3225 non
3599 3174 3799 3241 sparsi-

2203 3259 2320 3314 sti:
2349 3269 2395 3314 et
2447 3268 2672 3313 metuens
2716 3259 2817 3311 abii
2861 3268 2910 3312 et
2958 3259 3209 3313 occultavi
3254 3261 3495 3314 talentum
3535 3262 3587 3316 in
3640 3274 3797 3317 terra.

2204 3350 2338 3406 Ecce
2364 3351 2517 3405 habes
2543 3351 2675 3421 quod
2713 3359 2856 3413 tuum
2896 3358 2969 3405 est
2997 3348 3172 3423 (Ibid.
3203 3366 3252 3403 υ.
3296 3352 3386 3405 24.
3419 3352 3548 3420 25).
3575 3352 3620 3407 0
3646 3356 3802 3419 mali-

2204 3445 2333 3497 tiam
2377 3441 2592 3497 lamuli!
2640 3456 2674 3495 ο
2712 3456 2974 3495 summam
3024 3441 3450 3510 improbitatem!
3477 3460 3583 3497 non
3622 3445 3798 3500 solum

2205 3535 2339 3590 nihil
2392 3534 2692 3605 negotiatus
2739 3543 2822 3588 est
2866 3549 2934 3589 ex
2974 3534 3173 3587 talento
3203 3534 3304 3605 sibi
3349 3534 3575 3601 credito,
3604 3536 3699 3590 sed
3745 3547 3802 3591 et

2204 3642 2301 3697 pro
2328 3626 2528 3681 talento
2569 3625 2964 3680 accusationem
2995 3626 3191 3679 attulit.
3225 3624 3297 3679 Ita
3338 3626 3482 3685 enim
3512 3627 3651 3681 solet
3678 3642 3801 3681 ma-

2206 3718 2350 3784 litia;
2381 3716 2698 3773 obtenebrat
2738 3715 3000 3777 rationem
3032 3726 3087 3771 et
3126 3732 3247 3773 eum
3278 3718 3367 3785 qui
3396 3718 3563 3773 semel
3590 3733 3619 3770 a
3652 3728 3799 3773 recta

2203 3809 2287 3863 via
2316 3818 2400 3873 est
2450 3822 2691 3887 aversus,
2749 3808 2801 3862 in
2846 3808 3138 3883 praecipitia
3180 3808 3415 3878 conjicit.
3461 3806 3585 3863 llazc
3619 3819 3799 3871 autem

2203 3900 2381 3965 omnia
2409 3898 2477 3955 de
2502 3898 2771 3969 magistris
2790 3897 2931 3969 dicta
2961 3906 3107 3965 sunt,
3148 3909 3203 3951 ut
3231 3899 3423 3971 talenta
3451 3898 3552 3953 sibi
3572 3914 3798 3955 concre-

2203 3995 2312 4050 dita
2339 4008 2447 4049 non
2471 3991 2823 4057 abscondant,
2852 3990 2946 4046 sed
2977 3990 3121 4045 omni
3157 3990 3425 4060 diligentia
3451 3990 3659 4045 discere
3698 4007 3797 4059 cu-

2206 4083 2473 4155 pientibus
2517 4090 2812 4152 apponant.
2854 4080 3052 4143 Verum
3088 4081 3343 4149 deinceps
3368 4081 3489 4135 audi
3518 4121 3532 4143 ,
3560 4081 3756 4146 dilecte
3780 4122 3797 4150 ,

2204 4191 2270 4231 ex
2301 4174 2668 4245 indignatione
2687 4186 2813 4242 erga
2836 4172 3006 4243 illttm,
3034 4171 3306 4241 quomodo
3335 4172 3493 4225 etiam
3522 4172 3800 4239 auditores

2204 4267 2282 4324 rei
2312 4266 2562 4332 evadant,
2594 4274 2650 4320 et
2677 4279 2786 4322 non
2830 4265 3001 4321 solum
3042 4263 3135 4318 illa
3186 4274 3495 4332 repetantur
3520 4278 3638 4333 quae
3664 4278 3800 4317 con-

2204 4361 2405 4418 credita
2432 4369 2575 4426 sunt,
2607 4360 2707 4414 sed
2733 4366 2925 4415 etcum
2955 4372 3115 4411 usura
3142 4359 3475 4411 exactionem
3506 4358 3797 4425 patiantur.

2204 4453 2340 4521 Quid
2376 4453 2535 4523 igitur
2585 4451 2715 4506 dicit
2762 4450 2839 4505 illi
2885 4450 3168 4505 dominus?
3198 4449 3353 4517 Serve
3374 4465 3585 4519 nequam
3616 4447 3797 4516 (Ibid.

2204 4561 2253 4601 υ.
2284 4542 2416 4615 26).
2460 4543 2743 4600 Terribilis
2772 4541 3087 4615 indignatio,
3139 4550 3195 4607 et
3240 4541 3403 4603 min-.e
3434 4542 3674 4595 valentes
3705 4556 3799 4610 per

2205 4654 2265 4694 se
2290 4637 2585 4708 pet-cellere
2633 4635 2891 4690 animum.
2942 4634 3171 4705 Sciebas,
3200 4634 3388 4702 inquit,
3433 4633 3569 4704 quod
3614 4645 3799 4704 metant

2206 4730 2289 4789 ubi
2341 4747 2444 4784 non
2485 4727 2747 4797 seminavi,
2800 4735 2847 4783 et
2898 4734 3195 4797 congregem
3248 4725 3333 4791 ubi
3386 4740 3486 4796 non
3530 4724 3802 4792 dispersi:

2206 4822 2466 4894 oportebat
2508 4820 2662 4890 igitur
2696 4827 2746 4887 te
2790 4818 3058 4887 pecuniam
3100 4833 3264 4879 meam
3300 4816 3620 4877 dinumerare
3657 4833 3799 4868 men-

2204 4914 2388 4978 sariis,
2432 4922 2479 4967 et
2529 4929 2621 4982 ego
2654 4928 2770 4975 cum
2818 4911 3082 4983 venissem,
3133 4924 3250 4967 cum
3276 4912 3467 4979 [cenare
3491 4907 3803 4977 τεμειίἰδεεηι

2203 5006 2369 5060 illam.
2396 5005 2681 5065 Pecuniam
2712 5013 2867 5059 vocat
2885 5003 3095 5070 eloquia
3122 5002 3375 5071 pretiosa,
3409 5000 3801 5065 nummularius

2205 5109 2384 5154 autem
2425 5113 2521 5155 vos
2572 5099 2661 5168 qui
2692 5098 2983 5167 suscipitis.
3015 5095 3188 5159 Tuum
3218 5095 3434 5164 quidem
3463 5094 3655 5159 fuerat,
3688 5096 3799 5160 ait,

2206 5200 2411 5248 tantum
2443 5191 2802 5261 dinumerare,
2855 5204 3032 5259 meum
3064 5198 3242 5244 autem
3265 5199 3508 5259 repetere
3555 5187 3624 5242 ab
3652 5188 3762 5253 illis
3784 5228 3799 5250 ,

2205 5297 2314 5341 non
2366 5283 2541 5345 solum
2585 5280 2943 5349 dinumerata,
2984 5280 3157 5355 sedet
3196 5294 3432 5334 usuram.
3461 5278 3684 5345 Videtis,
3718 5279 3810 5330 di-

2206 5377 2352 5439 lecti,
2380 5385 2611 5445 quantus
2641 5376 2693 5430 in
2716 5374 2873 5429 dictis
2905 5383 3098 5429 terror.
3130 5372 3270 5441 Quid
3300 5388 3428 5443 ergo
3465 5372 3664 5447 dicent,
3710 5372 3801 5440 qui

2205 5468 2510 5525 concredita
2548 5482 2765 5532 servare
2804 5467 3097 5538 negligant,
3120 5466 3337 5541 quando
3354 5467 3518 5523 etiam
3543 5456 3703 5521 usura
3731 5465 3803 5519 ab

2205 5563 2285 5619 eis
2331 5561 2661 5632 requiritur?

2280 5653 2452 5709 Usura
2484 5670 2575 5707 cur
2602 5651 2875 5722 prohibita.
2920 5680 2978 5709 ψ
3006 5651 3072 5705 Et
3110 5650 3232 5705 vide
3277 5649 3662 5705 humanitatem
3697 5650 3802 5704 Do-

2206 5746 2356 5803 mini.
2388 5744 2443 5801 ln
2474 5744 2555 5799 his
2576 5742 2921 5799 sensibilibus
2964 5743 3206 5813 pecuniis
3244 5741 3518 5813 prohibuit
3568 5756 3635 5796 ne
3677 5743 3800 5810 quis

2210 5853 2422 5895 usuram
2453 5837 2737 5906 acciperet.
2777 5835 2974 5914 Quare,
3009 5844 3065 5907 et
3088 5833 3158 5890 ob
3198 5848 3360 5905 quam
3386 5834 3641 5888 causam?
3661 5834 3799 5900 Quia
