4092 6408
309 387 422 448 375

311 507 452 576 κτῆς
487 501 583 558 καί
624 502 864 577 φοϐερᾶς
902 498 1214 574 τραπέζης,
1264 499 1356 554 ἐπὶ
1393 498 1493 561 τὰς
1533 497 1896 571 ἱπποδρομίας

310 585 718 658 διημερεύουσι.
751 585 848 639 καὶ
877 585 1027 638 οὐδὲν
1044 584 1226 646 αὐτοῖς
1253 580 1414 636 πλέον
1436 583 1544 636 ἀπὸ
1573 583 1670 653 τῆς
1699 581 1899 653 ἡμετέ-

315 687 416 743 ρας
449 670 742 740 γεγένηται
773 669 1030 738 σπουδῆς,
1065 665 1203 721 ἀλλά
1231 665 1484 738 καθάπερ
1513 665 1770 737 συνηθείᾳ
1791 665 1899 719 τινὶ

316 753 470 827 [411]
492 753 835 817 δουλεύοντες
853 796 869 820 ,
904 752 1127 807 ἐπειδάν
1166 750 1331 824 νεύσῃ
1371 752 1530 823 μόνον
1553 753 1584 804 6
1615 749 1860 814 διάϐολος
1879 790 1896 815 ,

314 838 612 908 αὐτόματοι
633 837 950 891 σπεύδουσιν
965 837 1058 890 ὲπὶ
1077 836 1146 890 τὰ
1161 835 1456 906 παράνομα
1471 837 1653 888 ἐκεῖνα
1672 835 1897 905 θέατρα,

314 922 410 974 καὶ
446 922 674 984 ἑαυτοὺς
727 921 945 983 1ἑκόντες
988 921 1101 983 τοῖς
1129 918 1366 982 δικτύοις
1405 917 1766 972 ὑποϐάλλουσι
1803 916 1899 970 τοῦ

315 1004 555 1075 πονηροῦ
582 1004 854 1076 δαίμονος,
879 1003 972 1057 καὶ
998 1002 1122 1056 οὔτε
1147 1003 1392 1074 ἡμετέρα
1417 1001 1688 1063 νουθεσία,
1717 999 1838 1054 οὐτε
1863 1003 1896 1072 ἡ

316 1089 482 1158 πεῖρα
512 1087 672 1158 αὐτὴ,
705 1088 800 1140 καὶ
834 1087 896 1140 τὸ
921 1087 1180 1158 ἀνόνητον
1216 1087 1316 1157 τῆς
1346 1088 1464 1139 ἐκεῖ
1485 1083 1788 1156 διατριϐῆς,
1824 1084 1902 1136 δι-

315 1170 613 1233 δασκαλίας
640 1172 825 1234 αὐτοῖς
853 1171 1112 1234 ὑπόθεσις
1139 1170 1330 1239 γέγονε
1349 1185 1366 1201 ·
1391 1171 1522 1241 ποίᾳ
1548 1169 1734 1222 λοιπὸν
1763 1185 1898 1239 προ-

319 1255 489 1326 θυμίᾳ
537 1254 600 1306 τά
645 1253 746 1323 τῆς
795 1253 1143 1316 διδασκαλίας
1182 1255 1472 1325 ποιήσαιμι
1520 1253 1658 1323 πρὸς
1703 1251 1901 1322 ἄνδρας

316 1340 472 1394 οὐδὲν
504 1338 807 1410 κερδαίνειν
834 1337 1188 1408 βουλομένους
1223 1339 1288 1392 ἐκ
1320 1338 1428 1392 τῶν
1465 1337 1596 1408 παρ’
1626 1335 1784 1406 ἡμῶν
1821 1333 1902 1386 λε-

319 1423 595 1492 γομένωνς
642 1421 751 1476 Καὶ
808 1420 882 1490 μὴ
936 1419 1240 1492 θαυμάσῃς.
1298 1419 1452 1474 Ἐπεὶ
1504 1421 1600 1473 καὶ
1634 1419 1899 1490 γηπόνος,

319 1506 538 1558 ἐπειδάν
587 1505 672 1578 ίδῃ
722 1505 858 1574 μετά
889 1505 1084 1566 πόνους
1125 1503 1350 1564 πολλοὺς
1389 1503 1485 1556 καὶ
1530 1501 1902 1571 ταλαιπωρίας

320 1589 511 1658 ἄγονον
541 1588 834 1658 γινομένην
862 1587 961 1660 τὴν
993 1587 1118 1657 γῆν,
1155 1588 1248 1640 καί⁸
1274 1589 1373 1641 οὐκ
1405 1587 1563 1653 ἀξίαν
1587 1585 1694 1638 τῶν
1724 1585 1902 1636 πόνων

318 1672 416 1742 τὴν
445 1671 677 1741 ἀμοιϐὴν
706 1671 1109 1744 παρεχομένην,
1131 1671 1491 1742 ὀκνηρότερος
1523 1671 1734 1738 γίνεται
1775 1684 1839 1719 πε
1849 1666 1904 1736 pl

317 1756 417 1826 τὴν
448 1754 557 1807 τῶν
587 1755 918 1824 σπερμάτων
943 1754 1266 1823 καταϐολὴν,
1296 1755 1390 1808 καὶ
1413 1753 1612 1807 οὐκέτι
1637 1750 1776 1822 μετά
1801 1749 1900 1819 τῆς

319 1839 490 1908 αὐτῆς
547 1837 854 1909 προθυμίας
913 1838 1014 1907 τῆς
1061 1841 1332 1907 γεωργίας
1379 1837 1739 1890 καθάπτεται.
1791 1831 1903 1887 Καὶ

324 1921 505 1991 ἰατρὸς
546 1920 602 1973 δὲ
631 1920 848 1973 ἐπειδάν
887 1921 971 1993 ίδῃ
1011 1921 1106 1973 τὸν
1153 1921 1434 1992 ἄρρωστον
1477 1920 1552 1991 μὴ
1581 1919 1902 1990 πειθόμενον

319 2002 486 2056 αὐτοῦ
513 2005 624 2065 τοῖς
655 1999 1045 2072 ἐπιτάγμασιν,
1077 2003 1212 2058 ἀλλά
1240 2004 1338 2076 τὴν
1373 2005 1526 2058 νόσον
1560 2003 1746 2069 αὐξειν
1779 2002 1902 2057 καθ’

320 2089 558 2156 ἑκάστην
579 2085 984 2156 ἐπιτηδεύοντα,
1016 2089 1277 2151 πολλάκις
1300 2088 1521 2158 ἀφίησιν
1548 2089 1905 2159 ὲναπομεῖναι
1930 2134 1941 2147 ,

319 2175 384 2241 τῇ
425 2172 584 2242 νόσῳ,
615 2171 704 2224 ἵνα
734 2169 871 2243 αὐτὴ
893 2173 925 2242 ὴ
951 2174 1116 2243 πεῖρα
1145 2173 1466 2236 διδάσκαλος
1502 2173 1650 2243 αὐτῷ
1678 2173 1904 2242 γένηται

319 2256 427 2308 τῶν
459 2254 866 2326 συμφερόντων.
894 2255 1006 2310 Καὶ
1032 2257 1082 2309 οί
1103 2256 1172 2312 τά
1204 2256 1506 2329 μαθήματα
1535 2257 1593 2310 δὲ
1624 2259 1750 2320 τοὺς
1779 2259 1906 2310 παῖ-

320 2342 416 2403 δας
453 2340 898 2402 ὲκπαιδεύοντες,
931 2338 1150 2394 ἐπειδάν
1204 2341 1355 2394 ίδωσι
1401 2341 1470 2395 τά
1503 2341 1745 2412 πρότερα
1769 2342 1905 2394 ἀπο-

321 2425 611 2488 πτύοντας,
633 2425 726 2478 καὶ
751 2425 847 2495 τὴν
872 2425 1094 2496 μνήμην
1114 2423 1223 2478 τῶν
1246 2425 1346 2496 ἤδη
1375 2425 1639 2479 δοθέντων
1668 2423 1908 2478 ἀποϐάλ-

320 2509 530 2572 λοντας,
557 2507 815 2570 πολλάκις
843 2507 1274 2578 ἀποστρέφονται
1300 2508 1398 2579 τὴν
1422 2520 1449 2549 ι
1473 2509 1744 2580 ῥᾳθυμίαν
1764 2509 1908 2580 διορ-

322 2591 573 2662 θούμενοι
597 2632 610 2654 ,
644 2592 738 2645 καὶ
795 2590 929 2660 πρὸς
963 2591 1196 2663 σπουδὴν
1245 2591 1466 2646 πλείονα
1516 2593 1902 2660 ἐπανάγοντες.

339 2675 473 2728 Ἀλλ’
495 2675 523 2726 6
558 2676 652 2745 μὲν
681 2675 918 2746 γηπόνος
937 2673 1160 2739 εἰκότως
1177 2677 1534 2748 ὀκνηρότερος
1556 2677 1762 2746 γίνεται
1781 2677 1906 2730 πολ-

318 2760 500 2823 λάκις,
533 2758 720 2832 ἐπειδὴ
745 2756 884 2813 οἶδεν
916 2760 996 2812 ὃτι
1024 2760 1093 2813 τά
1118 2763 1216 2829 τῆς
1246 2758 1448 2832 ζημίας
1471 2761 1617 2832 αὐτῷ
1645 2761 1908 2815 ἐπιτείνε-

321 2863 434 2908 ται,
465 2847 594 2899 ὅταν
617 2846 708 2899 τὸν
747 2847 845 2915 μὲν
877 2846 1039 2900 πόνον
1073 2847 1168 2900 καὶ
1214 2846 1313 2918 τὴν
1342 2847 1588 2918 δαπάνην
1623 2847 1866 2919 ὑπομένῃ
1887 2889 1902 2911 ,

321 2931 433 2984 τῶν
472 2923 528 2984 δὲ
577 2930 806 3001 καρπῶν
845 2931 1236 3003 ἀποστερῆται.
1284 2927 1389 2984 Καὶ
1438 2934 1466 2985 6
1499 2932 1682 3002 ίατρὸς
1721 2931 1776 2985 δὲ
1806 2933 1906 2985 οὐκ

321 3013 627 3077 ἀπεικότως
651 3013 968 3067 καταλείπει
989 3015 1248 3079 πολλάκις
1277 3015 1369 3068 τὸν
1403 3015 1716 3086 ἄρρωστον·
1749 3017 1906 3086 σῶμα

322 3099 434 3170 γάρ
476 3100 594 3150 ἐστι
621 3097 681 3150 τὸ
725 3097 1178 3168 θεραπευόμενον,
1211 3100 1306 3153 καὶ
1350 3099 1438 3153 διά
1468 3099 1627 3152 τοῦτο
1655 3099 1904 3170 ἀφίησιν,

324 3183 411 3234 ἵνα
439 3183 472 3252 ἡ
501 3181 604 3250 τῆς
634 3178 826 3249 ὀδύνης
856 3181 1106 3245 ἐπίτασις
1134 3184 1526 3256 παρασκευάσῃ
1551 3185 1630 3246 είς
1652 3183 1905 3254 αἴσθησιν

320 3265 422 3334 τῆς
443 3265 600 3316 νόσου
631 3262 803 3316 ἐλθεῖν
826 3263 920 3316 καὶ
941 3262 1084 3316 οὕτω
1105 3265 1204 3334 τὴν
1226 3265 1465 3335 ίατρείαν
1486 3265 1903 3331 καταδέξασθαι.

323 3347 436 3402 Καὶ
459 3348 487 3399 6
516 3345 627 3399 τῶν
674 3345 880 3398 παίδων
915 3345 1230 3410 διδάσκαλος
1253 3347 1338 3400 διά
1364 3347 1424 3400 τὸ
1455 3349 1643 3411 ἀτελὲς
1670 3350 1766 3420 τῆς
1785 3350 1905 3419 ηλι-

323 3427 449 3493 κίας
479 3428 864 3498 συμφερόντως
895 3429 1157 3494 πολλάκις
1184 3430 1282 3493 τάς
1311 3429 1524 3500 πληγάς
1555 3433 1904 3486 ἐπανατείνε-

323 3529 410 3566 ται
434 3514 546 3575 τοῖς
573 3513 782 3565 παισίν.
809 3512 947 3565 Ἀλλ’
965 3512 1126 3583 ἡμεῖς
1153 3515 1392 3585 σήμερον
1409 3515 1632 3579 τούτους
1658 3517 1906 3581 ἅπαντας

325 3595 824 3666 ὑπερϐαλλόμενοι,
879 3596 1410 3666 παρασκευαζόμεθα
1451 3599 1722 3672 πατρικὴν
1766 3600 1908 3670 φιλο-

327 3681 585 3752 στοργίαν
632 3681 758 3752 περὶ
797 3680 922 3743 τοὺς
970 3681 1293 3745 ὲπταικότας
1349 3683 1754 3747 ἐπιδείξασθαι,
1810 3685 1907 3739 καὶ

323 3761 534 3829 διδάξαι
557 3764 752 3826 αὐτοὺς
775 3763 879 3825 ὅτι,
902 3765 949 3816 εί
978 3764 1287 3832 ὲπιμένοιεν
1311 3765 1369 3816 ἐν
1391 3768 1456 3835 τῇ
1478 3766 1615 3836 αὐτῇ
1641 3767 1904 3838 ῥᾳθυμίᾳ,

325 3846 485 3900 τοῦτο
531 3845 664 3899 αὐτὸ
714 3846 960 3915 μείζονος
1008 3848 1188 3910 αὐτοῖς
1242 3849 1618 3920 κατακρίσεως
1652 3849 1908 3913 ὑπόθεσις

326 3930 500 3985 ἔσται.
540 3929 598 3982 '0
626 3931 723 4000 μὲν
755 3929 863 4001 γὰρ
902 3930 1137 4001 γηπόνος
1177 3930 1236 3984 οὐ
1276 3933 1412 4002 μετά
1443 3933 1539 4003 τῆς
1572 3935 1743 4004 αὐτῆς
1777 3953 1908 4007 προ-

328 4013 526 4078 θυμίας
545 4012 962 4066 καταϐάλλειτά
983 4014 1293 4086 σπέρματα,
1320 4016 1418 4086 τὴν
1442 4015 1687 4088 δαπάνην
1711 4019 1908 4072 ἐννοῶν

327 4096 461 4173 εἰκῆ,
484 4097 580 4148 καὶ
613 4096 788 4167 μάτην
837 4095 936 4168 ἤδη
981 4097 1381 4168 γεγενημένην·
1426 4101 1584 4170 ἡμεῖς
1614 4102 1670 4155 δὲ
1703 4101 1908 4172 ταύτης

328 4179 726 4250 ἀπηλλάγμεθα
767 4179 868 4248 τῆς
909 4179 1166 4248 ἀγωνίας.
1209 4179 1330 4235 Κάν
1359 4183 1468 4253 γὰρ
1509 4185 1908 4249 καταϐαλόντες

327 4265 420 4318 τὸν
448 4265 651 4336 σπόρον
670 4263 856 4316 τοῦτον
877 4263 967 4316 τὸν
993 4265 1379 4336 πνευματικὸν,
1402 4267 1490 4322 διά
1514 4270 1613 4340 τὴν
1635 4271 1907 4340 ρᾳθυμίαν

327 4347 437 4401 τῶν
465 4347 770 4402 ἀκουόντων
787 4345 1116 4421 τὸνᾚκαρπὺν
1147 4349 1221 4420 μὴ
1245 4350 1548 4421 δεχώμεθα,
1570 4355 1703 4423 ἡμῖν
1729 4355 1909 4425 ἀπηρ-

327 4430 582 4500 τισμένος
619 4430 648 4482 6
671 4430 860 4501 μισθὸς
889 4430 1070 4483 ἔσται·
1104 4431 1162 4484 τὸ
1199 4431 1308 4502 γὰρ
1345 4434 1705 4504 ὲμπιστευθὲν
1739 4437 1909 4510 ἀργύ-

331 4530 446 4583 ριον
471 4512 864 4584 κατεϐάλομεν,
891 4514 986 4567 καὶ
1014 4514 1074 4566 τὸ
1090 4514 1380 4585 ἐπιταχθὲν
1407 4518 1560 4587 παρά
1580 4519 1673 4572 τοῦ
1705 4520 1908 4573 Δεσπό-

326 4611 422 4648 του
465 4596 546 4658 είς
593 4595 751 4666 ἔργον
784 4596 1092 4667 ἠγάγομεν·
1139 4597 1324 4652 λοιπὸν
1372 4603 1485 4664 τοῖς
1539 4601 1830 4673 ἀκηκοόσιν
1878 4605 1907 4657 6

327 4677 487 4745 λόγος
531 4678 667 4750 πρὸς
701 4679 905 4732 ἐκεῖνόν
939 4682 1054 4734 ἐστι
1097 4681 1187 4736 τὸν
1243 4681 1502 4753 μέλλοντα
1550 4684 1689 4755 μετά
1733 4688 1908 4739 τόκων

328 4764 581 4816 ἀπαιτεῖν
599 4762 668 4817 τὰ
693 4762 1121 4834 καταϐληθέντα.
1149 4765 1289 4818 Ἀλλ’
1315 4767 1376 4820 οὐ
1395 4767 1553 4820 τοῦτο
1577 4769 1905 4842 σκοποῦμεν,

327 4844 410 4898 ὅτι
443 4843 604 4915 ἡμεῖς
637 4845 792 4908 ἐκτός
819 4848 986 4916 ἐσμεν
1010 4848 1108 4918 τῆς
1133 4848 1357 4919 ζημίας,
1382 4851 1556 4905 καὶτὸ
1584 4853 1792 4907 ἑαυτῶν
1812 4871 1909 4907 πε-

327 4927 720 4999 πληρώκαμεν,
757 4927 891 4984 ἀλλά
931 4930 1230 5002 βουλόμεθα
1259 4935 1354 4988 καὶ
1385 4936 1528 5006 ὑμᾶς
1571 4937 1771 5007 πολλὴν
1798 4939 1907 4992 τῶν

327 5008 782 5081 καταϐληθέντων
802 5011 903 5082 τὴν
936 5017 1317 5086 πραγματείαν
1339 5021 1688 5090 ποιήσασθαι,
1720 5021 1807 5075 ἵνα
1831 5021 1906 5094 μὴ

325 5096 393 5163 τῇ
424 5093 665 5164 τιμωρίᾳ
699 5093 882 5167 ἐκείνῃ
913 5096 1204 5152 ὑπεύθυνοι
1240 5100 1490 5172 γένησθε,
1520 5104 1587 5174 ἢν
1615 5093 1907 5175 ὑπέμεινεν

328 5176 534 5239 ἐκεῖνος
557 5177 586 5229 6
623 5178 684 5230 τὸ
711 5176 970 5232 τάλαντον
995 5180 1346 5251 καταχώσαςὶ,
1381 5186 1472 5238 καὶ
1505 5186 1566 5239 τὸ
1593 5186 1908 5243 δεσποτικὸν

328 5257 591 5327 ἀργύριον
614 5261 676 5312 οὐ
709 5259 871 5330 μόνον
898 5262 958 5313 οὐ
984 5262 1446 5330 πολυπλασιάσας,
1473 5266 1623 5340 [HQ]
1647 5269 1782 5324 ἀλλά
1815 5273 1907 5325 καὶ

328 5340 653 5410 κατορύξας.
683 5342 923 5396 Τοιοῦτοί
946 5345 1082 5398 είσιν
1097 5347 1146 5398 οἱ
1169 5347 1258 5400 τὸν
1272 5343 1426 5418 λόγον
1444 5351 1544 5420 τῆς
1561 5351 1907 5417 διδασκαλίας

325 5423 605 5495 δεχόμενοι
637 5424 918 5497 (τάλαντον
949 5429 1056 5498 γὰρ
1095 5431 1188 5483 καὶ
1216 5431 1476 5506 ἀργύριον
1508 5435 1665 5488 τοῦτο
1690 5437 1904 5507 καλεῖ),

325 5507 421 5560 καὶ
452 5507 512 5558 οὐ
545 5509 935 5593 σπουδάζοντες
961 5514 1402 5583 καρποφορῆσαι,
1437 5519 1532 5571 καὶ
1574 5519 1774 5591 πολλὴν
1806 5524 1906 5593 τὴν

326 5592 709 5678 πραγματείαν
730 5594 1073 5678 ποιήσασθαι.
1106 5597 1244 5650 Ἀλλ’
1269 5599 1396 5663 ἴσως
1419 5603 1562 5656 εῖποι
1584 5621 1668 5666 τις
1690 5605 1778 5670 ἂν,
1807 5592 1906 5678 την

327 5675 643 5742 παραϐολήν
673 5674 876 5744 ταύτην
909 5679 1010 5749 τὴν
1037 5678 1144 5732 τῶν
1183 5682 1462 5736 ταλάντων
1507 5687 1634 5758 περὶ
1676 5687 1785 5741 τῶν
1822 5674 1905 5742 δί-

327 5757 625 5811 διςκάλωνη
649 5759 922 5830 εἰρῆσθαι.
982 5761 1154 5830 Κάγὼ
1190 5764 1349 5818 τοῦτό
1395 5757 1587 5838 φημι.
1626 5770 1768 5824 Ἀλλ’
1809 5773 1904 5825 ἐὰν

326 5843 642 5912 ἐπέλθωμεν
677 5844 848 5914 αὐτὴν
881 5844 1122 5916 ἀκριϐῶς
1143 5885 1158 5911 ,
1185 5849 1393 5924 εἴσεσθε
1431 5851 1512 5904 ὅτι
1541 5853 1592 5905 οἱ
1624 5855 1724 5925 μὲν
1760 5855 1904 5913 διδά-

398 5938 423 5963 δ
453 5925 605 5976 εδει.
627 5929 684 5979 ει
702 5929 805 5979 tres
823 5938 939 5978 mss.
965 5929 1191 5988 πολλάκις
1209 5931 1537 5997 ἐπιστρέφουσι
1554 5936 1654 5994 τήν.

1336 372 1403 439 IN
1439 383 1596 440 CAP.
1638 380 1804 437 XVIII
1844 372 2091 436 GENES.
2135 377 2368 441 IIOMIL.
2402 382 2541 441 XLI.

3479 387 3586 442 370

2008 493 2195 551 σκαλοι
2222 499 2326 569 τῆς
2355 497 2666 569 καταϐολῆς
2702 496 2864 568 μόνον
2893 497 3182 553 ὑπεύθυνοι
3204 499 3585 571 τυγχάνουσιν.

2006 581 2168 651 ὑμεῖς
2198 582 2256 638 δὲ
2279 583 2341 636 οὐ
2376 583 2534 654 μόνον
2561 585 2662 655 τῆς
2683 583 2930 654 φυλακῆς
2969 583 3078 637 τῶν
3103 584 3550 656 καταϐληθέντων
3568 625 3586 650 ,

2005 665 2142 720 ἀλλά
2165 667 2381 738 καὶτῆς
2400 667 2804 740 πραγματείας.
2829 669 2940 722 Καὶ
2962 669 3046 722 ἶνα
3071 668 3269 741 μάθῃς,
3294 669 3592 737 ἀναγκαῖον

2006 749 2176 820 αὐτὴν
2213 752 2294 814 εἰς
2323 751 2486 821 μέσον
2516 753 2762 820 ἀγαγεῖν.
2784 750 3226 820 Οίκοδεσπότης
3251 769 3374 818 τις,
3401 754 3588 824 φησιν,

2005 833 2331 903 ἀποδημῶν
2359 833 2614 889 ἐκάλεσε
2638 835 2779 902 τοὺς
2802 835 2990 901 ιδίους
3019 833 3298 901 δούλους,
3327 836 3427 888 καί
3449 835 3592 888 ἐδω-

2007 934 2116 970 κεν
2150 911 2198 983 ᾧ
2222 917 2340 986 μέν
2377 918 2556 972 πέντε
2590 919 2890 986 τάλαντα,
2928 917 2974 982 ᾦ
3011 917 3080 971 δὲ
3126 919 3235 972 δύο
3257 961 3272 985 ,
3310 911 3359 986 ᾧ
3396 919 3465 972 δὲ
3497 909 3589 975 ἓν.

2005 1004 2170 1056 Μετὰ
2198 997 2265 1055 δὲ
2293 1005 2516 1072 χρόνον
2562 1003 3050 1074 παραγενομένου
3087 1004 3272 1058 αὑτοῦ
3310 1003 3504 1072 ἦλθον
3535 1005 3591 1056 οι

2007 1084 2214 1138 δοῦλοι
2233 1104 2249 1118 ·
2271 1088 2365 1139 καὶ
2386 1089 2418 1140 ό
2457 1089 2531 1140 τὰ
2561 1087 2741 1140 πέντε
2769 1085 3037 1140 τάλαντα
3062 1086 3264 1140 λαϐὼν
3282 1083 3598 1156 προσῆλθε

2006 1168 2235 1238 λέγων·
2277 1170 2474 1236 Κύριε,
2525 1171 2704 1224 πέντε
2750 1167 3020 1223 τάλαντά
3062 1185 3164 1239 μοι
3208 1167 3456 1234 ἔδωκας,
3501 1167 3594 1220 ws

2009 1255 2170 1308 ἄλλα
2196 1255 2376 1310 πέντε
2407 1255 2671 1310 τάλαντα
2701 1255 2998 1324 ἐκέρδησα
3024 1256 3118 1308 ἐπ’
3150 1254 3373 1321 αὐτοῖς.
3416 1255 3597 1325 Πολλὴ

2008 1337 2102 1391 τοῦ
2135 1339 2346 1392 οίκέτου
2390 1343 2424 1410 η
2475 1340 2860 1410 εὐγνωμοσύνη
2890 1380 2906 1404 ,
2951 1339 3175 1410 δαψιλὴς
3202 1339 3236 1409 ὴ
3276 1339 3371 1392 τοῦ
3398 1339 3593 1391 δεσπό-

2007 1440 2103 1474 του
2135 1422 2538 1492 φιλανθρωπία.
2577 1422 2642 1475 Τί
2669 1422 2781 1492 γάρ
2815 1439 3010 1492 φησιν;
3048 1417 3160 1483 Εὖ,
3191 1421 3374 1475 δοῦλε
3411 1420 3594 1489 ἀγαθέ

2010 1507 2106 1560 καὶ
2141 1506 2319 1559 πιστέ
2345 1523 2360 1538 ·
2400 1506 2500 1560 ἐπὶ
2543 1507 2717 1574 ὀλίγα
2747 1502 2823 1574 ἦς
2858 1506 3095 1571 πιστός,
3121 1505 3218 1558 ἐπὶ
3248 1504 3494 1558 πολλῶν
3519 1520 3596 1558 σε

2011 1590 2400 1657 καταστήσω·
2441 1591 2681 1644 εἴσελθε
2721 1592 2808 1654 είς
2846 1587 2960 1655 τὴν
3009 1589 3202 1658 χαρὰν
3231 1587 3338 1641 τοῦ
3383 1588 3603 1656 κυρίου·

2011 1689 2148 1726 σου.
2193 1671 2429 1744 Ἐπειδὴ,
2461 1675 2595 1743 φησὶ
2618 1713 2632 1734 ,
2663 1673 2861 1744 πολλὴν
2888 1672 3094 1737 ἔδειξας
3128 1673 3185 1724 ὲν
3219 1673 3331 1734 τοῖς
3369 1671 3468 1742 ῆδη
3500 1675 3594 1722 πι-

2013 1754 2285 1808 στευθεῖσι
2322 1755 2422 1827 τὴν
2467 1757 2921 1828 εὐγνωμοσύνην,
2962 1755 3110 1819 ἀξιος
3158 1749 3209 1807 εἴ
3240 1755 3334 1807 καὶ
3373 1753 3597 1808 πλείονα

2011 1838 2442 1910 ἐγχειρισθῆναι.
2476 1838 2792 1907 Προσῆλθε
2815 1839 2882 1892 δὲ
2917 1838 3015 1892 καὶ
3038 1842 3071 1893 ὀ
3102 1837 3174 1891 τὰ
3194 1838 3302 1892 δύο
3328 1836 3595 1890 τάλαντα

2009 1921 2293 1991 εἰληφὼς,
2319 1922 2515 1992 λέγων
2534 1938 2547 1950 ·
2569 1923 2717 1990 Οὐχὶ
2756 1922 2866 1977 δύο
2891 1921 3160 1976 τάλαντά
3183 1940 3284 1991 μοι
3329 1920 3596 1990 παρέδω-

2011 2023 2123 2071 κας
2143 2021 2161 2068 ;
2183 2005 2306 2060 Ἰδε
2331 2005 2494 2059 ἄλλα
2517 2006 2627 2059 δύο
2648 2006 2916 2060 τάλαντα
2933 2005 3232 2074 ἐκέρδησα
3251 2005 3341 2058 ἐπ’
3363 2004 3591 2070 αὐτοῖς.

2013 2089 2190 2160 Πολλὴ
2218 2089 2314 2142 καὶ
2335 2088 2528 2142 τούτου
2557 2090 2591 2160 ἡ
2621 2089 2752 2161 περὶ
2787 2089 2858 2142 τὰ
2887 2088 3182 2142 δεσποτικὰ
3214 2090 3470 2161 χρήματα
3501 2087 3596 2140 εὐ-

2011 2190 2150 2237 νοια,
2187 2172 2267 2225 διὸ
2297 2171 2392 2226 καὶ
2423 2172 2534 2224 τῶν
2568 2160 2750 2225 αὐτῶν
2783 2169 3030 2236 ἀξιοῦται
3060 2172 3139 2243 τῷ
3181 2160 3453 2244 προτέρῳ.
3484 2172 3596 2224 Καὶ

2010 2256 2156 2319 τίνος
2209 2255 2397 2308 ἕνεκεν
2441 2253 2534 2308 δύο
2575 2253 2958 2326 προσενεγκὼν
3005 2255 3244 2310 τάλαντα
3286 2256 3385 2326 τῆς
3423 2254 3594 2325 αὐτῆς

2012 2340 2208 2409 ἐκείνῳ
2251 2338 2332 2410 τῷ
2365 2338 2434 2392 τὰ
2465 2338 2627 2392 πέντε
2669 2339 3070 2408 προσαγαγόντι
3105 2339 3351 2406 ἀξιοῦται
3391 2341 3595 2410 τιμῆς;

2015 2423 2254 2486 Εἰκότως
2271 2439 2289 2456 ·
2310 2423 2400 2476 τὸν
2431 2423 2528 2494 μὲν
2553 2422 2660 2493 γὰρ
2684 2422 3022 2493 πλεονασμὸν
3058 2423 3152 2476 καὶ
3177 2423 3274 2494 τὴν
3301 2423 3596 2478 ἐλάττωσιν

2013 2508 2112 2575 οὐχ
2143 2507 2177 2576 ή
2208 2505 2399 2558 τούτου
2428 2505 2662 2576 σπουδὴ,
2681 2505 2804 2558 οὐδὲ
2829 2507 2862 2576 ἡ
2886 2506 3093 2558 ἐκείνου
3115 2505 3355 2577 ῥᾳθυμία
3376 2505 3601 2576 πεποίηο

2014 2606 2128 2655 κεν,
2159 2589 2273 2642 ἀλλ’
2306 2590 2340 2660 ή
2369 2587 2479 2642 τῶν
2502 2587 2971 2659 ὲμπιστευθέντων
3015 2589 3270 2660 ποσότης.
3302 2587 3384 2642 Τὰ
3412 2589 3598 2659 μέντοι

2013 2673 2113 2742 τῆς
2149 2672 2387 2742 σπουδῆς
2421 2672 2513 2725 ίσα
2539 2672 2634 2724 καὶ
2663 2670 2813 2744 παρὰ
2842 2671 3032 2724 τούτου
3052 2711 3066 2735 ,
3104 2671 3198 2725 καὶ
3221 2671 3352 2742 παρ’
3387 2669 3597 2724 ἐκείνου

2014 2756 2423 2826 εἰσενήνεκται·
2457 2754 2545 2808 διὰ
2571 2754 2729 2808 τοῦτο
2766 2753 2860 2808 καὶ
2888 2756 2987 2826 τῆς
3015 2755 3251 2828 ἀμοιϐῆς
3291 2755 3390 2827 τῆς
3428 2753 3598 2824 αὐτῆς

2015 2839 2364 2908 ἀπήλαυσαν.

2085 3013 2154 3084 β’.
2187 3013 2328 3065 Ἀλλ’
2349 3013 2378 3065 6
2402 3012 2587 3080 ἕτερος
2618 3009 2768 3064 οὐδὲν
2801 3008 3041 3064 τοιοῦτον
3077 3009 3438 3082 διεπράξατο·
3462 3009 3606 3064 ἀλλά

2013 3097 2104 3160 τίς
2157 3095 2437 3166 Προσῆλθε
2471 3095 2643 3164 λέγων
2665 3112 2678 3127 ·
2715 3096 2941 3164 Ἔτνων
2982 3110 3077 3158 σε,
3116 3095 3204 3149 ὅτι
3242 3096 3512 3163 σκληρὸς
3545 3090 3605 3149 εἷ

2013 3180 2356 3247 ἄνθρωπος,
2385 3175 2621 3248 θερίζὶυν
2661 3177 2813 3232 ὅπου
2843 3180 2954 3233 οὐκ
2984 3178 3293 3248 ἔσπειρας,
3320 3181 3419 3234 καὶ
3446 3198 3598 3236 συν-

2013 3262 2174 3332 άγων
2207 3263 2347 3316 ὅθεν
2377 3265 2448 3316 οὐ
2479 3261 2948 3330 διεσκόρπισας·
2997 3263 3095 3316 καί
3141 3266 3446 3332 φοϐηθεὶς,
3483 3266 3598 3319 ἀπ-

2013 3344 2208 3398 ελθὼν
2234 3344 2473 3412 ἔκρυψα
2509 3345 2576 3396 τὸ
2609 3342 2910 3399 τάλαντον
2938 3345 3008 3398 ἐν
3026 3345 3100 3415 τῇ
3126 3345 3224 3417 τῇ.
3264 3347 3411 3401 Ἰδοὺ
3439 3349 3601 3417 ἔχεις

2013 3427 2079 3480 τὸ
2125 3428 2262 3482 σόν.
2310 3428 2374 3479 Ὢ
2416 3427 2587 3480 κακία
2631 3427 2878 3480 οίκέτουί
2925 3428 2970 3480 ὣ
3002 3430 3396 3502 ἀγνωμοσύνης
3433 3432 3601 3503 ὑπερ-

2017 3509 2187 3580 ϐολὴ,
2229 3509 2289 3562 οὐ
2321 3511 2478 3580 μόνον
2521 3510 2604 3562 ὅτι
2645 3510 2798 3563 οὐδὲν
2829 3512 3126 3582 εἰργάσατο
3155 3514 3248 3566 ἐπὶ
3287 3514 3364 3582 τῷ
3391 3514 3598 3567 δοθέντι

2015 3593 2164 3664 αὐτῷ
2193 3592 2442 3662 ταλάντῳ
2464 3632 2480 3656 ,
2518 3591 2636 3644 ἀλλ’
2665 3593 2746 3646 ὅτι
2792 3595 2886 3647 καὶ
2920 3596 3039 3648 ἀντὶ
3066 3594 3332 3649 ταλάντου
3365 3613 3600 3668 κατηγο-

2018 3675 2139 3746 ρίαν
2181 3675 2557 3747 προσήνεγκεί
2603 3675 2858 3729 Τοιοῦτον
2885 3677 2995 3748 γὰρ
3034 3680 3068 3748 ἡ
3110 3679 3362 3749 πονηρία·
3417 3683 3602 3734 σκοτοῐ

2013 3761 2105 3813 τὸν
2135 3761 2413 3829 λογισμὸν,
2451 3761 2546 3814 καὶ
2583 3760 2724 3812 κατά
2758 3761 3019 3831 κρημνῶν
3047 3765 3192 3814 ποιεῖ
3214 3762 3477 3834 φέρεσθαι
3505 3765 3600 3817 τὸν

2016 3842 2162 3909 ἀπαξ
2192 3843 2289 3911 τῆς
2329 3843 2544 3906 εὐθείας
2574 3843 2919 3913 ἐκτραπέντα
2949 3843 3092 3899 ὀδοῦ.
3125 3845 3311 3898 Ταῦτα
3333 3846 3391 3899 δὲ
3421 3848 3599 3900 πάντα

2017 3928 2146 3998 περὶ
2172 3925 2280 3978 τῶν
2310 3925 2652 3980 διδασκάλων
2682 3926 2922 3996 εἴρηται,
2951 3925 3091 3979 ὥστε
3127 3927 3202 3998 μὴ
3255 3929 3600 4001 άποκρύπτε⁶

2017 4010 2142 4062 σθαι
2173 4007 2242 4061 τὰ
2287 4008 2744 4078 ὲμπισθευθέντα,
2791 4008 2929 4062 ἀλλά
2961 4009 3100 4079 μετά
3143 4010 3326 4082 πάσης
3361 4013 3598 4080 σπουδῆς

2018 4091 2377 4163 παρατιθέναι
2418 4093 2530 4154 τοῖς
2573 4091 3055 4162 μαθητευομένοις.
3101 4092 3241 4144 Ἀλλ’
3281 4093 3445 4146 ἄκουε
3486 4094 3598 4147 λοι-

2017 4175 2139 4236 πὸν,
2170 4173 2422 4245 άγαπητὲ
2446 4213 2461 4238 ,
2493 4175 2554 4228 ὲκ
2599 4175 2698 4244 τῆς
2738 4175 2876 4245 πρὸς
2907 4176 3114 4229 ἐκεῖνον
3145 4177 3593 4248 ἀγανακτήσεως,

2015 4260 2162 4321 ὅπως
2190 4258 2284 4311 καὶ⁸
2320 4259 2370 4311 οί
2419 4259 2848 4330 μαθητευόμενοι
2885 4259 3178 4313 ὑπεύθυνοι
3204 4261 3467 4328 γίνονται,
3501 4265 3597 4315 καὶ

2016 4343 2115 4396 οὐκ
2161 4345 2342 4396 ἐκεῖνα
2406 4343 2565 4412 μόνον
2624 4343 2979 4398 ἀπαιτοῦνται
3030 4343 3102 4397 τά
3164 4345 3594 4417 καταϐληθέντα,

2017 4427 2153 4482 ἀλλά
2179 4429 2273 4481 καὶ
2297 4428 2432 4498 μετὰ
2448 4427 2544 4482 τοῦ
2565 4428 2725 4480 τόκου
2774 4429 2873 4498 τὴν
2903 4428 3127 4499 μέθοδον
3157 4430 3509 4501 ὑπομένουσι.
3531 4434 3558 4483 Ὶ
3580 4434 3595 4485 ί

2015 4506 2109 4563 οὖν
2161 4528 2294 4581 φησι
2348 4511 2484 4582 πρὸς
2542 4511 2706 4564 αὐτὸν
2761 4513 2790 4565 6
2833 4511 3130 4582 δεσπότης;
3162 4501 3312 4586 [415]
3365 4515 3600 4584 Πονηρὲ

2016 4593 2221 4647 δοῦλε.
2252 4594 2461 4665 Φοϐερά
2505 4596 2539 4664 ἡ
2564 4594 2958 4666 ἀγανάκτησις,
2997 4595 3155 4668 ἱκανὴ
3183 4597 3524 4668 καταπλῆξαι
3565 4600 3594 4668 η

2017 4678 2238 4747 ἀπειλή.
2283 4678 2352 4731 El
2393 4678 2597 4747 ᾔδεις,
2660 4679 2856 4750 φησὶν,
2902 4679 2992 4734 ὅτι
3043 4681 3238 4749 θερίζω
3282 4681 3435 4734 ὅπου
3484 4684 3596 4735 οὐκ

2015 4760 2288 4830 ἔσπειρα,
2305 4762 2404 4814 καὶ
2426 4762 2670 4833 συνάγω
2692 4763 2844 4818 ὅπου
2862 4763 3360 4832 οὐδιεσκόρπισα,
3379 4765 3498 4819 ἔδει
3521 4782 3597 4819 σε

2015 4844 2376 4899 καταϐαλεῖν
2391 4845 2457 4898 τὸ
2474 4845 2759 4916 ἀργύριόν
2782 4864 2904 4916 μου
2929 4846 3028 4900 ἐπὶ
3054 4847 3196 4912 τοὺς
3219 4847 3591 4915 τραπεζίτας,

2015 4927 2116 4980 καὶ
2151 4927 2267 4997 ἐγὼ
2297 4927 2494 4983 ἐλθὼν
2533 4930 2686 4999 μετὰ
2728 4931 2910 4984 τόκου
2950 4930 3239 4998 ἀπῄτησα
3286 4928 3364 4984 ἂν
3407 4932 3556 4984 αὑτό
3576 4947 3596 4964 ο

2013 5010 2276 5083 ἀργύριον
2309 5011 2485 5082 λέγων
2529 5013 2600 5066 τά
2644 5012 2799 5081 λόγια
2837 5012 2905 5066 τά
2936 5013 3128 5084 τίμια,
3177 5013 3508 5084 τραπεζίτας
3538 5013 3597 5066 δὲ

2015 5094 2158 5165 ὑμᾶς
2190 5093 2373 5148 καλῶν
2417 5097 2544 5159 τούς
2571 5095 3021 5168 ὑποδεχομένους.
3051 5095 3149 5148 Σὸν
3183 5096 3282 5166 μὲν
3307 5091 3396 5168 ἦν,
3435 5097 3591 5168 φησὶ,

2014 5177 2341 5231 καταϐαλεῖν
2388 5179 2570 5249 μόνον,
2625 5178 2758 5249 ἐμὸν
2817 5179 2874 5233 δὲ
2929 5175 2998 5250 ἦν
3061 5177 3123 5232 τὸ
3175 5180 3308 5250 παρ’
3369 5179 3594 5232 ἐκείνων

1946 5221 2350 5331 "XLI-25.21.)
2388 5221 2798 5333 ῖιῖᾞινξῖζά
2819 5221 3287 5336 ἰατὲιὲληῖένέἆῖ
3325 5221 3594 5318 διὲἶὲζέιὶ

2013 5343 2103 5395 τὸν
2157 5345 2295 5416 ὑπὲρ
2342 5345 2549 5399 τούτων
2600 5347 2776 5401 τόκον.
2815 5347 3043 5418 Ὁρᾶτε,
3097 5347 3416 5418 ἀγαπητοὶ,
3473 5347 3591 5410 πῶς

2015 5425 2183 5491 πολύς
2226 5430 2255 5481 6
2299 5429 2463 5498 φόϐος
2505 5431 2613 5484 τῶν
2657 5431 2982 5502 εἰρημένων.
3025 5429 3090 5484 Τί
3136 5431 3202 5484 ἂν
3247 5427 3340 5484 οὖν
3386 5432 3592 5484 εῐποιεν

2013 5509 2064 5561 οί
2094 5510 2190 5562 καὶ
2218 5510 2318 5580 τῆς
2348 5511 2593 5584 φυλακῆς
2621 5514 2730 5568 τῶν
2753 5513 3201 5583 καταϐληθέντων
3234 5514 3584 5583 ἀμελοῦντες,

2010 5594 2142 5647 ὃταν
2181 5597 2274 5648 καὶ
2298 5595 2389 5648 τὸν
2417 5597 2560 5668 ὑπὲρ
2590 5597 2794 5652 τούτων
2827 5598 2983 5651 τόκον
3010 5597 3406 5668 μεθοδεύωνται
3431 5614 3445 5663 ;

2084 5679 2194 5731 Καὶ
2237 5679 2339 5751 δρα
2377 5679 2788 5753 φιλανθρωπίαν
2823 5683 3129 5740 Δεσπότου.
3171 5683 3297 5736 Ἐπὶ
3342 5683 3440 5750 μὲν
3478 5683 3589 5735 τῶν

2014 5761 2313 5832 χρημάτων
2341 5763 2449 5816 τῶν
2475 5765 2746 5836 αἰσθητῶν
2773 5766 3116 5837 ἀπηγόρευσε
3146 5766 3237 5820 τὸν
3265 5766 3422 5819 τόκον
3448 5767 3589 5836 λαμ-

2015 5843 2222 5899 ϐάνειν.
2254 5846 2409 5910 Τίνος
2430 5849 2636 5911 ἕνεκεν,
2659 5850 2754 5902 καὶ
2773 5849 2862 5903 διὰ
2881 5849 2931 5903 τί
2953 5867 2966 5914 ;
2992 5851 3107 5903 Ὅτι
3129 5851 3386 5921 ἑκάτερος
3405 5851 3586 5903 αὐτῶν

2013 5926 2212 5998 πολλὴν
2249 5931 2498 5988 ἐντεῦθεν
2523 5933 2784 6006 ὑπομένει
2825 5933 2922 6006 τὴν
2948 5934 3172 6007 βλάϐην.
3206 5937 3312 5990 Τοῦ
3353 5938 3452 6009 μὲν
3475 5939 3586 6008 γὰρ
