4092 6408
475 381 584 441 817

474 501 510 571 ἡ
547 496 707 552 πενία
753 493 1112 565 ἐπιτρίὸεται,
1157 491 1187 544 0
1225 489 1284 542 δέ
1333 489 1471 560 μετά
1505 486 1600 540 τοῦ
1652 479 1992 552 πλεονασμοῦ
2041 479 2152 533 τῶν

477 568 776 658 χρημάτων
805 583 900 636 καὶ
932 577 1346 651 ἁμαρτημάτων
1370 574 1571 646 πλῆθος
1596 571 1775 640 ἐαυτῷ
1801 568 2149 640 ἐπισωρεύει.

478 675 576 729 Διὰ
607 671 764 726 τοῦτο
809 671 867 736 ἐξ
915 669 1092 740 ἀρχῆς
1137 667 1230 720 καὶ
1273 667 1338 718 ἐκ
1387 663 1689 735 προοιμίων
1743 659 2013 721 Ἰουδαίοις
2040 658 2153 719 τοῖς

480 762 784 832 παχύτερον
833 756 1192 828 διακειμένοις
1233 753 1437 825 ταύτην
1483 752 1580 821 τὴν
1631 749 1848 818 ἐντολὴν
1903 744 2154 816 ἐνομοθέ-

477 831 611 921 τησε
643 850 841 916 λέγων·
888 848 1008 900 Οὐκ
1054 841 1344 908 ἑκτοκιεῖς
1388 839 1468 905 τῷ
1509 837 1751 906 ἀδελφῷ
1789 853 1905 890 σου
1937 835 2036 888 καὶ
2073 831 2154 897 τῷ

479 939 747 1005 πλησίον
773 953 910 990 σου.
943 933 1107 996 Ποίας
1131 928 1224 986 οὖν
1253 930 1318 984 ἂν
1349 925 1460 982 εἷεν
1491 926 1784 993 ἀπολογίας
1812 925 1950 990 ἀξιοι
1975 923 2024 974 οἰ
2059 922 2154 974 καὶ

478 1026 586 1080 τῶν
625 1023 890 1079 Ἰουδαίων
925 1021 1193 1090 ὠμότεροι
1231 1017 1533 1086 γινόμενοι,
1570 1015 1663 1067 καὶ
1695 1012 1830 1083 μετά
1868 1010 1965 1080 τὴν
1994 1009 2153 1080 χάριν

479 1115 575 1168 καὶ
618 1113 718 1180 τὴν
765 1109 1034 1178 τοσαύτην
1088 1105 1238 1176 παρά
1283 1103 1377 1157 τοῦ
1427 1102 1695 1155 Δεσπότου
1742 1097 2152 1167 φιλανθρωπίαν

479 1202 590 1254 τῶν
613 1201 668 1252 ἐν
699 1198 778 1269 τῷ
808 1199 957 1268 νόμῳ
1003 1196 1257 1255 ἐλάττους
1295 1190 1702 1262 εὑρισκόμενοι,
1742 1186 1939 1256 μᾶλλον
1971 1183 2026 1236 δὲ
2061 1184 2154 1235 καὶ

480 1285 728 1355 χείρους;
775 1282 898 1333 Ἐπί
933 1280 1114 1350 μέντοι
1149 1276 1258 1330 τῶν
1291 1272 1671 1345 πνευματικῶν
1715 1271 1877 1332 αὐτὸς
1905 1270 2154 1321 ἀπαιτεῖν

481 1373 822 1442 ὑπισχνεῖται
851 1370 976 1432 105;
1002 1367 1213 1429 τόκους.
1251 1363 1349 1416 Διά
1390 1363 1480 1425 τίς
1533 1357 1748 1429 Ἐπειδὴ
1781 1358 1872 1410 ἀπ’
1909 1355 2154 1418 ἐναντίας

479 1464 591 1522 τοῖς
631 1459 906 1528 αἰσθητοῖς
949 1457 1224 1527 χρήμασιν
1252 1445 1406 1514 0510;
1444 1451 1590 1502 ἐστιν
1619 1449 1647 1500 0
1671 1445 1825 1508 τόκος
1857 1447 1884 1498 0
1913 1460 2156 1528 πνευμα-

480 1548 651 1610 τικός,
690 1527 836 1599 Ἐκεῖ
869 1545 970 1615 μέν
998 1542 1105 1612 γὰρ
1139 1544 1165 1594 0
1203 1536 1544 1610 μεθοδευθεὶς
1578 1537 1656 1594 εἰς
1695 1532 1929 1602 ἐσχάτην
1965 1527 2156 1584 πενίαν

481 1634 674 1706 ἀθρόον
706 1632 1103 1702 καταφέρεται·
1140 1627 1373 1682 ἐνταῦθα
1407 1625 1463 1678 δὲ
1489 1627 1527 1698 ὀ,
1554 1619 1994 1693 μεθοδευόμενος,
2028 1617 2155 1671 ὅταν

482 1722 682 1791 πολλὴν
709 1718 1131 1789 εὐγνωμοσύνην
1158 1713 1638 1782 ἐπιδείξηται,ὃσῳ
1660 1709 1724 1762 ἂν
1753 1708 1972 1760 πλείονα
1999 1707 2157 1759 τόκον

483 1809 791 1878 εἰσενέγκῃ,
826 1804 1064 1874 τοσούτῳ
1094 1799 1490 1871 δαψιλεστέρας
1522 1792 1783 1851 ἀπολαύει
1811 1795 1909 1862 τῆς
1951 1791 2157 1845 ἄνωθεν

484 1896 738 1966 ἀμοιϐῆς.
790 1895 1061 1954 Ἕκαστος
1117 1891 1288 1943 τοίνυν
1342 1886 1534 1956 ὑμῶν,
1588 1884 1882 1954 ἀγαπητοὶ,
1937 1879 2158 1933 ἐπειδάν

483 1983 908 2052 καταϐάλλωμεν
935 1982 1100 2050 ἡμεῖς
1123 1977 1189 2030 τὰ
1222 1973 1674 2046 ἐμπιστευθέντα,
1704 1969 1924 2024 διπλοῦν
1954 1967 2159 2037 ὀφείλει

482 2074 576 2127 τὸν
598 2073 758 2126 πόνον
782 2073 880 2124 καὶ
903 2071 1000 2140 τὴν
1029 2067 1333 2138 ἀγρυπνίαν
1364 2065 1785 2124 ἐπιδείκνυσθαι,
1817 2061 1908 2113 τον
1937 2060 2036 2130 μὲν
2059 2058 2159 2127 τῆς

486 2160 733 2228 φυλακῆς
755 2157 862 2210 τῶν
893 2154 1359 2226 καταϐληθέντων,
1391 2152 1530 2205 ὥστε
1564 2153 1734 2218 πάγια
1758 2149 1928 2202 ταῦτα
1957 2147 2156 2217 μένειν·

485 2249 576 2300 105
608 2247 664 2300 δὲ
704 2247 801 2316 τῆς
823 2245 1106 2315 ἐργασίας,
1140 2242 1282 2295 ὥστε
1311 2242 1405 2294 καὶ
1443 2241 1648 2310 ἐτέροις
1684 2236 2039 2306 μεταδιδόναι,
2067 2234 2161 2286 καὶ

486 2336 715 2398 πολλοὺς
749 2335 840 2388 ἐπὶ
869 2333 966 2402 τὴν
989 2330 1088 2402 τῆς
1110 2329 1310 2400 ἀρετῆς
1331 2329 1449 2381 ὁδὸν
1477 2327 1859 2397 χειραγωγεῖν,
1889 2323 1975 2375 ἴνα
1997 2321 2157 2391 διπλῇ

488 2424 652 2477 πάλιν
702 2423 830 2492 ὑμῖν
875 2421 936 2473 10
985 2419 1177 2490 κέρδος
1213 2416 1472 2487 αὔξηται,
1514 2416 1652 2485 ὑπέρ
1697 2431 1755 2466 τε
1810 2413 1909 2482 τῆς
1957 2411 2163 2474 οἰκείας

489 2509 956 2582 σωτηρίας,,ὑπέρ
983 2525 1042 2559 τε
1075 2507 1173 2576 τῆς
1206 2505 1316 2558 τῶν
1356 2505 1529 2558 ἀλλων
1561 2502 1846 2572 ὠφελείας.
1901 2502 2026 2554 Ἐάν
2055 2501 2162 2570 γὰρ

487 2598 647 2654 τοῦτο
690 2598 904 2667 ποιῆτε,
946 2597 1039 2649 καὶ
1074 2597 1221 2666 ἡμᾶς
1256 2594 1558 2665 μακαρίους
1593 2589 1971 2661 ἀπεργάσεσθε
2012 2589 2163 2658 (Μα-

488 2687 694 2756 κιίριος
724 2685 854 2756 γὰρ,
890 2684 1077 2754 φησὶν,
1110 2685 1141 2736 ό
1171 2681 1367 2750 λέγων
1393 2682 1479 2745 είς
1505 2675 1621 2734 ὦτα
1650 2678 2035 2744 ἀκουόντων),
2070 2674 2165 2727 καὶ

491 2773 943 2846 παρασκευάσετε
1005 2770 1398 2840 δαψιλεστέραν
1455 2769 1584 2838 ὑμῖν
1639 2764 1997 2836 παρατιθέναι
2064 2763 2164 2832 τὴν

490 2862 867 2931 πνευματικὴν
897 2859 1101 2927 ταύτην
1135 2857 1433 2928 τράπεζαν.
1459 2856 1549 2926 Μὴ
1575 2853 1751 2907 τοίνυν
1781 2851 2031 2921 ἀμελεῖτε
2056 2848 2164 2902 τῶν

489 2949 734 3018 ἀδελφῶν
778 2947 884 3000 τῶν
919 2947 1234 3017 ὑμετέρων,
1283 2945 1418 3015 μηδέ
1470 2943 1536 2996 τά
1570 2941 1691 2995 καθ’
1731 2939 1956 3001 ἑαυτοὺς
2006 2937 2165 3006 μόνον

493 3040 768 3093 σκοπεῖτε.
800 3034 912 3087 ἀλλ’
943 3034 1175 3095 ἕκαστος
1227 3030 1572 3094 σπουδαζέτω
1615 3028 1706 3081 105
1746 3027 1970 3096 πλησίον
2001 3024 2165 3094 ἐξαρ-

491 3119 686 3182 πάζειν
714 3119 810 3188 τῆς
833 3116 926 3169 τοῦ
959 3115 1205 3168 διαϐόλου
1238 3116 1538 3184 φάρυγγος,
1571 3111 1666 3164 καὶ
1695 3110 1802 3163 τῶν
1835 3107 2166 3180 παρανόμων

492 3207 716 3259 ἐκείνων
747 3203 1057 3274 θεαμάτων,
1097 3202 1191 3254 καὶ
1220 3203 1297 3264 είς
1325 3201 1424 3268 τὴν
1453 3197 1746 3268 ἐκκλησίαν
1773 3195 2163 3262 ἐπαναγαγεῖν,

491 3292 797 3355 δεικνύντες
837 3289 984 3360 αὐτῷ
1006 3302 1030 3329 ι
1065 3288 1202 3359 μετά
1247 3286 1446 3356 πολλῆς
1477 3286 1574 3354 τῆς
1617 3282 1914 3344 ἐπιεικείας
1947 3281 2166 3348 καὶτῆς

496 3379 820 3450 πραότητος,
851 3377 945 3430 καὶ
973 3377 1070 3446 τῆς
1108 3375 1287 3444 λύμης
1320 3375 1419 3443 τὴν
1451 3369 1757 3441 ὑπερϐολὴν
1802 3369 1896 3420 καὶ
1925 3367 2033 3420 τῶν
2078 3367 2166 3418 ἐν-

493 3466 668 3520 ταῦθα
709 3466 927 3534 ἀγαθῶν
972 3465 1031 3516 τὸ
1068 3463 1329 3534 μέγεθος·
1362 3461 1454 3513 καὶ
1503 3459 1575 3530 μὴ
1617 3456 1767 3530 [414]
1821 3456 1978 3526 μόνον
2021 3456 2167 3521 ἅπαξ

495 3555 590 3606 καὶ
629 3552 878 3624 δεύτερον
925 3551 1084 3604 τοῦτο
1140 3552 1377 3610 ποιεῖτε,
1419 3547 1551 3600 ἀλλά
1591 3545 1684 3598 καὶ
1728 3543 2007 3612 διηνεκῶς.
2051 3542 2168 3594 Κᾶν

495 3641 604 3711 γάρ
633 3641 872 3711 σήμερον
903 3639 978 3710 μὴ
1002 3638 1257 3707 πείθηται
1299 3639 1412 3698 τοῖς
1443 3634 1594 3706 παρά
1621 3633 1713 3687 σοῦ
1739 3633 2070 3702 λεγομένοις,
2100 3633 2165 3700 τῇ

497 3728 624 3798 ἑξῆς
659 3729 1045 3799 πεισθήσεται·
1070 3725 1176 3779 κᾶν
1213 3725 1286 3795 μὴ
1312 3727 1378 3794 τῇ
1413 3722 1560 3792 ἑξῆς,
1594 3721 1754 3775 πάλιν
1785 3719 1925 3790 ὁρῶν
1956 3736 2013 3770 σε
2047 3720 2169 3769 ἐπι-

497 3817 766 3886 κείμενον,
813 3818 942 3878 ίσως
985 3814 1408 3883 ἐντραπήσεται,
1462 3810 1556 3862 καὶ
1614 3807 1881 3870 αἰδεσθείς
1931 3823 2023 3858 σου
2070 3805 2168 3876 τὴν

498 3903 846 3974 κηδεμονίαν,
881 3901 1249 3970 ἀποστήσεται
1296 3899 1405 3950 τῶν
1451 3896 1814 3965 βλαπτόντων.
1859 3893 1964 3946 K01
2005 3893 2168 3962 μηδέ-

499 4007 629 4042 ποτε
667 3989 810 4057 λέγε,
842 3989 922 4040 ὅτι
963 3988 1070 4040 K01
1108 3985 1270 4049 άπαξ,
1307 3987 1402 4038 καὶ
1430 3982 1699 4054 δεύτερον,
1735 3983 1826 4034 καὶ
1849 3981 2049 4050 τρίτον,
2078 3979 2171 4031 x01

499 4077 760 4139 πολλάκις
806 4073 990 4136 εἷπον,
1040 4075 1133 4126 7.01
1171 4073 1323 4126 οὐδὲν
1356 4074 1549 4143 ῆνυσα.
1603 4069 1693 4140 Μὴ
1728 4069 1912 4140 παύσῃ
1964 4068 2167 4134 λέγων·

500 4166 610 4235 ὅσῳ
640 4164 749 4234 γάρ
781 4163 846 4216 ἂν
877 4163 1170 4234 ἐπιμένῃς,
1211 4160 1448 4230 τοσούτῳ
1480 4175 1574 4211 σου
1606 4159 1700 4210 καὶ
1740 4158 1768 4208 ὁ
1801 4154 1987 4226 μισθὸς
2019 4153 2172 4220 αὑξε-

500 4270 610 4307 ται.
653 4253 766 4321 υὺχ
809 4252 970 4320 ὁρᾶτε
1005 4250 1182 4319 πόσης
1221 4247 1566 4317 ἀπολαύομεν
1602 4243 1982 4316 μακροθυμίας
2021 4241 2169 4312 ποιρά

501 4338 594 4392 τοῦ
639 4339 747 4390 τῶν
795 4337 931 4390 ὅλων
984 4336 1142 4398 Θεοῦ,
1194 4337 1286 4388 καί
1342 4335 1459 4398 πῶς
1501 4333 1621 4387 καθ’
1671 4333 1906 4399 ἑκάστην
1959 4331 2172 4399 ἡμέραν

503 4423 888 4495 παρακούομεν
913 4422 1078 4475 αὐτοῦ
1105 4422 1213 4475 τῶν
1238 4421 1692 4490 προσταγμάτων,
1711 4419 1804 4470 καὶ
1823 4418 1924 4469 οὐκ
1943 4416 2174 4483 ἀφίστα-

501 4528 594 4564 ται
623 4511 721 4581 τῆς
745 4510 871 4579 περὶ
894 4511 1040 4580 ἡμᾶς
1063 4509 1402 4578 κηδεμονίας,
1433 4507 1569 4561 άλλά
1601 4507 1693 4560 καὶ
1720 4506 1789 4557 τά
1819 4505 1948 4574 παρ’
1973 4501 2165 4555 ἑαυτοῦ

506 4601 686 4653 πάντα
735 4600 980 4668 χορηγεῖ,
1026 4597 1116 4649 τὸν
1141 4596 1290 4666 ἥλιον
1335 4595 1662 4654 ἀνατέλλων,
1701 4594 1826 4656 105;
1871 4593 2058 4653 ὑετοὺς
2098 4590 2175 4641 δι-

503 4689 648 4752 005;,
691 4686 762 4739 τά
793 4686 926 4739 ἀλλα
971 4686 1180 4748 πάντας
1221 4683 1324 4736 Τὸν
1354 4683 1512 4734 αὑτὸν
1561 4680 1624 4751 δὴ
1662 4681 1859 4751 τρόπον
1891 4680 1982 4732 καὶ
2013 4680 2176 4748 ἡμεῖς

508 4777 637 4846 περὶ
670 4775 796 4838 τοὺς
844 4773 1101 4840 ἀδελφοὺς
1140 4774 1262 4834 105;
1307 4770 1608 4840 ἡμετέρους
1644 4767 1844 4836 πολλὴν
1895 4764 2176 4835 ποιώμεθα

508 4865 606 4935 τὴν
654 4863 906 4932 σπουδὴν,
941 4863 1035 4914 καὶ
1084 4857 1526 4928 ἀντιταττώμεθα
1576 4856 1652 4928 τῷ
1698 4855 1919 4927 πονηρῷ
1961 4854 2173 4925 δαίμονι

508 4954 723 5026 ἐκείνῳ,
786 4953 874 5006 ἵνα
933 4953 1109 5021 ἄκυρα
1157 4949 1318 5004 αὑτοῦ
1368 4949 1607 5019 ποιῶμεν
1660 4948 1728 4999 τά
1783 4946 2172 5016 μηχανήματα.

522 5041 650 5096 Ἐάν
679 5041 787 5111 γὰρ
815 5039 1044 5101 ἕκαστος
1071 5037 1175 5091 τῶν
1206 5036 1436 5089 ἐνταῦθα
1471 5036 1761 5087 συνιόντων
1793 5033 1887 5085 ἐνα
1923 5032 2178 5103 κερδᾶναι

510 5127 744 5199 δυνηθῇ,
790 5127 1037 5196 ἐννόησον
1074 5127 1221 5188 ὅπως
1253 5125 1381 5195 ήμῖν
1421 5125 1511 5175 καὶ
1551 5125 1584 5192 ή
1631 5120 1924 5190 Ἐκκλησία
1974 5118 2065 5170 ἐπὶ
2100 5117 2180 5188 τῷ

511 5217 705 5286 πλήθει
743 5215 849 5268 τῶν
887 5212 1100 5266 οἰκείων
1133 5213 1338 5264 τέκνων
1383 5209 1580 5280 πολλὴν
1619 5208 1827 5272 δέξεται
1855 5207 1953 5276 τὴν
1979 5207 2178 5277 εὐφρο-

513 5305 698 5372 σύνην,
731 5303 824 5355 καὶ
853 5303 880 5354 ὁ
917 5299 1160 5361 διάϐολος
1190 5297 1715 5368 καταισχυνθήσεται
1759 5294 1903 5365 ὁρῶν
1933 5295 2054 5362 εἰκῆ
2086 5292 2181 5344 καὶ

512 5392 690 5464 μάτην
748 5386 910 5442 αὐτοῦ
966 5387 1034 5439 τὰ
1088 5386 1277 5439 δίκτυα
1323 5384 1613 5452 τεταμένα.
1675 5382 1800 5436 Ἐάν
1857 5380 1966 5451 γάρ
2023 5378 2180 5430 τοῦτο

511 5479 724 5548 ποιῆτε,
765 5473 1062 5530 ἀκούσεσθε
1096 5473 1190 5526 καὶ
1220 5473 1376 5542 ὑμεῖς
1407 5471 1545 5524 κατά
1570 5470 1668 5540 τὴν
1690 5468 1902 5540 ἡμέραν
1936 5467 2175 5535 ἐκείνην·

511 5565 620 5629 Εὖ,
655 5566 837 5620 δοῦλε
872 5563 1054 5633 ἀγαθὲ
1099 5560 1197 5616 καὶ
1240 5559 1442 5620 πιστὲ,
1475 5558 1573 5610 ἐπὶ
1610 5558 1783 5627 ὀλίγα
1829 5553 1904 5625 ἧς
1940 5557 2182 5616 πιστός,

513 5656 608 5708 ἐπὶ
645 5651 888 5707 πολλῶν
923 5668 994 5704 σε
1022 5647 1405 5713 καταστήσω.

581 5741 650 5810 γ’.
668 5739 806 5793 Ἀλλ’
823 5741 902 5792 ὅτι
923 5739 1020 5808 μὲν
1043 5736 1197 5788 τοῦτο
1218 5736 1489 5804 ποιήσετε,
1509 5733 1710 5802 σφόδρα
1735 5729 2052 5795 πέπεισμαι’
2066 5724 2174 5794 ὁρῶ

513 5829 622 5901 γάρ
655 5826 808 5896 ὑμῶν
848 5826 939 5877 καὶ
971 5824 1037 5875 τά
1075 5825 1361 5891 πρόσωπα,
1391 5821 1483 5873 7.01
1512 5819 1841 5888 στοχάζομαι
1863 5815 2010 5876 ὅπως
2050 5811 2170 5882 μεθ’

579 6009 604 6036 ³
633 6007 782 6054 ειη-ιι.
810 6015 861 6054 eL
879 6019 968 6054 sex
995 6019 1106 6053 mss.
1135 6005 1373 6052 δεικνύντα
1396 6004 1542 6063 αὑτῷ.

1287 374 1344 429 S.
1379 367 1664 426 JOANNIS
1691 359 2185 422 CIIRYSOSTOMI
2221 356 2542 416 ARCIHEP.
2582 359 3132 419 CONSTANTINOP.

3820 357 3929 416 578

2252 475 2444 546 ἡδονῆς
2470 477 2721 544 ἐδέξασθε
2745 479 2846 551 τὴν
2874 481 3003 548 παρ’
3029 476 3188 550 ήμῶν
3216 475 3517 541 νουθεσίαν,
3538 474 3634 530 καὶ
3658 475 3745 529 διὰ
3771 478 3932 532 τοῦτο

2253 565 2456 630 ελπίζω
2485 568 2580 620 καὶ
2609 568 2678 620 τά
2709 568 2839 638 παρ’
2870 567 3024 638 ὑμῶν
3055 565 3546 637 εἰσενεχθήσεσθαι.
3580 565 3669 618 A10
3691 566 3790 636 τὴν
3828 567 3931 637 μὲν

2254 655 2382 724 περὶ
2409 655 2602 708 τούτου
2631 657 2950 727 παραίνεσιν
2990 653 3225 707 ἐνταῦθα
3256 655 3543 723 στήσωμεν
3564 671 3577 685 υ
3614 653 3933 725 παραθήσο-

2257 755 2356 808 μεν
2383 736 2440 790 δέ
2468 737 2597 806 ὑμῖν
2619 737 2718 808 τὴν
2747 737 2968 807 πτωχὴν
2994 736 3151 806 ήμῶν
3181 736 3274 788 >101
3303 735 3496 806 εὐτελῆ
3521 737 3822 806 τράπεζαν,
3841 737 3932 790 ῖνα

2253 818 2355 888 τῆς
2402 818 2663 888 συνήθους
2707 818 3112 881 ἀπολαύσαντες
3150 817 3497 880 διδασκαλίας
3536 817 3707 881 οὑτως
3743 819 3930 872 οἴκαδε

2253 903 2607 972 ἐπανέλθητε.
2659 903 2976 972 Ἀναγκαῖον
3005 902 3114 973 γάρ
3144 902 3239 956 καὶ
3269 904 3505 972 σήμερον
3540 902 3631 954 τὸν
3659 904 3932 972 πατριάρ-

2252 1003 2356 1056 χην
2399 986 2648 1057 Ἀϐραάμ
2685 987 2764 1050 είς
2808 985 2969 1056 μέσον
2998 986 3246 1053 ἀγαγεῖν,
3292 985 3377 1036 ἶνα
3418 983 3626 1054 μάθητε
3660 985 3778 1048 οἵας
3812 986 3930 1037 ἐδέ-

2255 1067 2382 1133 ξατο
2417 1069 2516 1139 τῆς
2546 1069 2850 1139 φιλοξενίας
2881 1067 3034 1138 παρά
3061 1067 3156 1120 τοῦ
3176 1065 3318 1123 Θεοῦ¹
3337 1066 3434 1128 τάς
3461 1066 3713 1135 ἀμοιϐάς.
3737 1067 3928 1134 Ὧρτθη

2253 1155 2321 1207 δὲ
2360 1152 2540 1220 αὐτῷ,
2577 1156 2763 1224 φησὶν,
2815 1157 2848 1208 ό
2878 1153 3023 1219 Θεὸς
3054 1152 3202 1220 πρὸς
3237 1152 3311 1221 τῇ
3360 1152 3497 1219 δρυῒ
3539 1149 3616 1220 τῇ
3653 1151 3927 1221 Μαμϐρῆ,

2254 1238 2594 1305 καθημένου
2633 1235 2821 1291 αὑτοῦ
2853 1237 2948 1289 ἐπὶ
2993 1231 3104 1303 τῆς
3132 1236 3318 1302 θύρας
3341 1230 3454 1302 τῆς
3475 1233 3714 1301 σκηνῆς
3740 1236 3930 1288 αὐτοῦ

2250 1321 2644 1388 μεσημϐρίας.
2677 1319 2948 1372 Ἕκαστον
2999 1317 3108 1370 τῶν
3160 1318 3422 1387 ῥημάτων
3463 1317 3606 1388 μετά
3643 1318 3932 1388 ἀκριϐείας
3989 1329 3998 1335 ·

2256 1401 2635 1472 ἐξετάσωμεν,
2693 1403 2789 1455 καὶ
2852 1401 3252 1471 ἀναπτύξωμεν
3310 1402 3404 1454 τὸν
3467 1403 3778 1474 θησαυρὸν,
3835 1403 3933 1454 καὶ

2257 1485 2476 1538 ἅπαντα
2490 1486 2581 1537 τὸν
2598 1484 3021 1554 ἐναποκείμενον
3042 1483 3274 1536 πλοῦτον
3301 1485 3932 1556 καταμάθωμεν.⁹Ωρθη

2255 1567 2324 1620 δὲ
2347 1566 2526 1631 αὐτῷ,
2567 1568 2754 1638 φησὶν,
2793 1570 2826 1620 ό
2867 1567 3031 1634 Θεός.
3066 1567 3222 1630 Τίνος
3263 1567 3448 1621 ἕνεκεν
3491 1568 3662 1632 οὕτως
3702 1571 3931 1640 ῆρξατο,

2260 1653 2450 1719 Ὠερθη
2488 1651 2552 1702 δὲ
2579 1649 2739 1714 αὐτῷ
2759 1653 2791 1703 ὁ
2813 1650 2988 1716 Θεόςς
3022 1650 3163 1720 Ὅρα
3193 1653 3467 1704 Δεσπότου
3500 1651 3933 1724 φιλανθρωπίαν,

2258 1737 2351 1788 καὶ
2395 1736 2588 1789 σκόπει
2625 1752 2714 1804 μοι
2747 1733 2956 1786 οἰκέτου
3009 1733 3449 1806 εὐγνωμοσύνην.
3491 1736 3705 1807 Ἐπειδὴ
3735 1737 3847 1807 γὰρ
3871 1740 3936 1791 ἐν

2257 1821 2370 1881 τοῖς
2399 1816 2763 1887 προλαϐοῦσιν
2794 1817 2979 1884 ὀφθεὶς
3037 1816 3207 1886 αὐτῷ,
3244 1819 3380 1886 μετά
3419 1818 3526 1871 τῶν
3554 1820 3728 1873 ἄλλων
3755 1821 3935 1874 ἀπάν-

2259 1919 2364 1953 των
2392 1903 2483 1954 καὶ
2511 1900 2608 1971 τὴν
2630 1917 2694 1952 πε
2706 1901 2756 1970 91
2776 1900 2872 1970 τῆς
2891 1903 3190 1970 περιτομῆς
3216 1900 3364 1970 αὑτῷ
3386 1901 3602 1972 ἐντολὴν
3626 1903 3932 1968 διετάξατο,

2258 1985 2287 2036 0
2315 1985 2370 2036 δέ
2401 1983 2712 2054 θαυμαστὸς
2739 1979 2892 2046 0510;
2917 1983 3005 2036 ἀεὶ
3028 1982 3095 2036 τὰ
3125 1985 3276 2054 παρά
3302 1984 3396 2037 τοῦ
3434 1984 3568 2038 Θεοῦ
3600 1986 3934 2056 κελευόμενα

2261 2068 2338 2130 εἰς
2376 2066 2535 2137 ἔργον
2567 2066 2810 2120 σπεύδων
2838 2066 3014 2134 ἄγειν,
3043 2065 3247 2130 εὐθέως
3277 2067 3396 2120 οὐδέ
3424 2068 3484 2120 10
3511 2070 3672 2138 τυχὸν
3698 2071 3934 2123 ἀναϐαλ-

2260 2149 2484 2218 λόμενος
2515 2150 2675 2212 αὐτός
2702 2167 2762 2201 τε
2784 2150 3190 2220 περιετέμνετο,
3216 2149 3277 2202 10
3307 2150 3449 2220 παρά
3475 2150 3567 2203 105
3595 2150 3730 2204 Θεοῦ
3759 2169 3933 2222 προσ-

2260 2233 2456 2303 ταχθὲν
2489 2232 2742 2304 πληρῶν,
2796 2232 2888 2285 καὶ
2917 2232 3006 2284 τὸν
3044 2231 3266 2302 Ἰσμαὴλ
3303 2233 3593 2302 περιέτεμε
3615 2272 3629 2296 ,
3680 2235 3776 2286 καὶ
3807 2235 3934 2298 105;

2260 2319 2550 2383 οἰκογενεῖς
2585 2317 2830 2378 ἅπαντας
2850 2354 2864 2376 ,
2891 2314 2986 2367 καὶ
3034 2313 3232 2376 ἔδειξεν
3275 2314 3439 2367 αὑτοῦ
3483 2317 3582 2386 τὴν
3611 2317 3810 2386 πολλὴν
3840 2319 3934 2370 ὑπ-

2262 2399 2452 2468 ακοὴν,
2471 2398 2631 2452 πάλιν
2660 2398 2807 2468 αὑτῷ
2837 2397 3465 2467 ἐπιφαίνεται.Τοιοῦτος
3485 2399 3593 2470 γὰρ
3617 2403 3932 2470 όΔεσπότης

2263 2483 2291 2534 0
2339 2482 2637 2552 ἡμέτεροςο
2685 2481 2908 2533 ἐπειδάν
2958 2481 3069 2543 τοῖς
3116 2480 3215 2551 ήδη
3272 2481 3538 2549 φθάσασιν
3584 2483 3932 2554 εὐγνώμονας

2264 2565 2587 2634 γενομένους
2635 2565 2756 2634 ῖδῃ,
2799 2563 3238 2632 ἐπιδαῲιλεύεται
3281 2566 3373 2618 καὶ
3417 2565 3668 2618 οὐδέποτε
3719 2568 3933 2620 ἵσταται

2263 2649 2363 2718 τῆς
2387 2648 2704 2718 εὐεργεσίας
2725 2686 2741 2711 ,
2785 2647 3142 2718 ἀμειϐόμενος
3167 2647 3264 2717 τὴν
3293 2647 3398 2700 τῶν
3433 2649 3812 2704 ὑπακουόντων
3842 2651 3934 2704 εὐ-

2265 2729 2638 2800 γνωμοσύνην.
2690 2728 2790 2782 Διά
2841 2729 2995 2782 τοῦτο
3040 2725 3154 2793 οὖν,
3203 2729 3388 2800 ἐπειδὴ
3433 2731 3732 2802 ὑπήκουσε,
3784 2731 3932 2808 [415]

2267 2815 2421 2884 φησὶ,
2450 2813 2612 2866 πάλιν
2634 2812 2789 2883 ῶφθη
2813 2811 2977 2881 αὐτῷ.
3007 2812 3222 2882 Ταύτης
3245 2813 3424 2865 τοίνυν
3449 2815 3610 2868 ἕνεκα
3629 2816 3729 2885 τῆς
3758 2819 3934 2884 αἰτίας

2265 2897 2437 2960 οὕτως
2483 2895 2686 2966 ἕρξατο
2723 2897 2750 2948 ό
2801 2896 3070 2966 μακάριος
3111 2895 3351 2964 Μωῦσῆς
3396 2895 3602 2964 λέγων’
3645 2900 3833 2967 Ὤεσθη
3869 2903 3934 2955 δὲ

2265 2979 2426 3045 αὐτῷ
2473 2984 2506 3034 o'
2548 2979 2692 3044 Θεὸς
2725 2978 2876 3045 πρὸς
2915 2977 2988 3045 τῇ
3015 2977 3151 3046 δρυῒ
3180 2975 3254 3042 τῇ
3291 2975 3561 3046 Μαμϐρῆ,
3595 2984 3936 3050 καθημένου

2266 3062 2453 3117 αὑτοῦ
2501 3063 2599 3114 ἐπὶ
2643 3060 2754 3129 τῆς
2791 3063 2974 3128 θύρας
3029 3058 3140 3126 τῆς
3189 3059 3430 3128 σκηνῆς
3471 3065 3657 3117 αὐτοῦ
3701 3083 3937 3135 μεσημ-

2268 3148 2453 3215 ὁρίας.
2496 3147 2696 3198 Σκόπει
2745 3161 2834 3216 μοι
2892 3143 3124 3197 ἐνταῦθα
3169 3143 3262 3197 τοῦ
3304 3144 3516 3198 δικαίου
3563 3147 3664 3217 τὴν
3708 3151 3934 3222 ἀρετήν.

2268 3230 2637 3299 Καθημένου,
2698 3230 2882 3298 φησὶν,
2925 3229 3024 3280 ἐπι
3076 3227 3186 3296 τῆς
3229 3227 3488 3295 σκηνῆς.
3543 3228 3731 3295 Οὕτως
3777 3235 3939 3305 ἔργον

2267 3317 2502 3368 ἐποιεῖτο
2526 3315 2623 3383 τὴν
2660 3311 2980 3381 φιλοξενίαν,
3011 3310 3087 3374 ὡς
3118 3312 3250 3382 μηδὲ
3279 3312 3605 3380 ἀνασχέσθαι
3637 3315 3810 3388 ἑτέρῳ
3831 3323 3940 3373 τινὶ

2267 3400 2375 3453 τῶν
2424 3400 2808 3470 προσηκόντων
2849 3396 3137 3466 ἐπιτρέψαι
3193 3395 3290 3465 τὴν
3329 3395 3531 3448 τούτων
3566 3397 3766 3468 θήραν’
3803 3402 3939 3456 ἀλλὰ

2265 3483 2608 3555 τριακοσίους
2642 3482 2772 3534 δέκα
2806 3481 2900 3534 καὶ
2940 3478 3084 3532 ὀκτὼ
3118 3481 3410 3546 οἰκογενεῖς
3449 3479 3606 3548 έχων,
3649 3481 3938 3553 ἄνθρωπος

2269 3567 2602 3638 πρεσϐύτης,
2653 3565 2745 3617 καὶ
2776 3566 2854 3626 εἰς
2888 3563 3020 3632 βαθὺ
3062 3563 3236 3632 γῆρας
3281 3559 3478 3623 ἐλάσας
3523 3563 3938 3636 (ἐκατονταέτης

2269 3653 2375 3720 γὰρ
2410 3649 2718 3718 ἐτύγχανε),
2766 3647 2915 3718 παρά
2945 3647 3042 3717 τὴν
3066 3645 3235 3715 θύραν
3294 3645 3603 3707 ἐκαθέζετο.
3651 3649 3759 3701 K01
3785 3645 3940 3712 οὗτος

2273 3736 2370 3804 μὲν
2403 3735 2561 3788 τοῦτο
2597 3733 2756 3804 ἔργον
2797 3732 3048 3791 ἐποιεῖτο,
3084 3730 3177 3782 καὶ
3210 3728 3329 3781 οὐδέ
3360 3728 3420 3780 10
3449 3729 3625 3799 γῆρας
3651 3732 3802 3802 αὐτῷ
3832 3733 3942 3785 κώ-

2269 3819 2413 3888 λυμα
2460 3818 2698 3886 ἐγένετο,
2748 3815 2867 3867 οὑδέ
2896 3815 2994 3883 τῆς
3033 3812 3236 3874 οἰκείας
3290 3811 3648 3875 ἀναπαύσεως
3681 3809 3772 3884 ῆν,
3819 3816 3942 3869 οὐδὲ

2271 3903 2378 3955 ἔσω
2401 3903 2490 3953 ἐπὶ
2523 3902 2621 3969 τῆς
2652 3900 2837 3967 κλίνης
2864 3893 2930 3967 ῆν
2965 3895 3336 3963 ἀνακείμενος,
3364 3895 3499 3948 ἀλλὰ
3523 3896 3672 3964 παρά
3717 3896 3817 3966 τὴν
3847 3898 3940 3949 θύ-

2276 4004 2375 4057 ραν
2405 3984 2724 4047 ἐκαθέζετοο
2769 3983 2946 4050 ἕτεροι
2985 3979 3042 4031 δὲ
3077 3979 3334 4040 πολλάκις
3361 3978 3419 4030 οὑ
3452 3977 3611 4047 μόνον
3639 3977 3844 4048 ταύτην
3878 3982 3940 4033 οὑ

2273 4068 2547 4122 ποιοῦνται
2582 4068 2680 4138 τὴν
2717 4065 2984 4132 σπουδὴν,
3017 4064 3152 4116 ἀλλὰ
3185 4065 3277 4114 καὶ
3313 4063 3373 4114 τὸ
3416 4062 3674 4124 ἐναντίον,
3705 4065 3799 4115 καὶ
3844 4067 3940 4118 ἐκ-

2271 4153 2473 4206 κλίνειν
2503 4149 2837 4219 ἐπιχειροῦσι
2881 4149 2990 4201 τῶν
3035 4145 3444 4214 ἐπιδημούντων
3478 4146 3576 4209 τάς
3623 4148 3940 4216 συντυχίας,

2255 4229 2331 4294 ὡς
2363 4231 2428 4283 ἂν
2465 4230 2536 4298 μὴ
2571 4230 2662 4281 καὶ
2697 4231 2921 4292 ἄκοντες
2949 4231 3342 4297 ἀναγκασθεῖεν
3365 4231 3753 4296 ὑποδέξασθαι.
3797 4235 3940 4288 Ἀλλ’

2255 4315 2401 4383 οὑχό
2441 4313 2647 4374 δίκαιος
2693 4311 2885 4374 οὕτως,
2917 4312 3055 4364 ἀλλὰ
3087 4313 3238 4384 παρὰ
3271 4315 3369 4385 τὴν
3401 4315 3568 4385 θύραν
3597 4317 3698 4387 τῆς
3730 4319 3942 4389 σκηνῆς

2257 4395 2548 4459 ἐκαθέζετο
2595 4396 2966 4467 μεσημϐρίας.
3015 4395 3186 4449 Τοῦτο
3220 4397 3390 4468 γὰρῆ
3437 4397 3603 4468 πολλὴ
3641 4400 3746 4468 τῆς
3790 4403 3941 4470 φιλο-

2259 4480 2434 4544 ξενίας
2471 4480 2740 4542 ἐπίτασις,
2779 4481 2874 4532 7.01
2915 4479 3016 4548 τῆς
3053 4481 3254 4551 ἀρετῆς
3291 4480 3386 4534 τοῦ
3440 4482 3652 4535 δικαίου
3694 4486 3728 4554 ή
3761 4485 3936 4557 ὑπερ-

2256 4568 2402 4636 ϐολὴ.
2435 4567 2516 4619 ὅτι
2537 4567 2627 4618 καὶ
2651 4567 2707 4618 ἐν
2733 4567 3050 4638 μεσημϐρίᾳ
3078 4568 3233 4622 τοῦτο
3266 4567 3637 4638 διεπράττετο.
3669 4571 3936 4637 Εἰκότως·

2257 4648 2444 4720 ἐπειδὴ
2484 4650 2592 4719 γάρ
2624 4648 2739 4718 ᾔδει
2776 4651 2903 4711 105;
2943 4650 3242 4721 ὁδοιπορεῖν
3280 4652 3763 4722 ἀναγκαζομένους
3808 4657 3937 4708 κατ’

2257 4735 2462 4786 ἐκεῖνον
2493 4732 2583 4784 τὸν
2615 4731 2804 4803 καιρὸν
2831 4732 3068 4801 μάλιστα
3106 4733 3393 4802 δεομένους
3427 4733 3629 4803 πολλῆς
3646 4736 3747 4805 τῆς
3779 4735 3941 4806 θερα-

2259 4818 2438 4876 πείας,
2467 4815 2557 4867 διὰ
2579 4816 2738 4867 τοῦτο
2768 4813 2844 4878 ὡς
2868 4817 3172 4886 ἐπιτήδειον
3198 4817 3389 4886 καιρὸν
3415 4816 3601 4871 τοῦτον
3631 4817 3937 4888 ἐξελέγετο,

2255 4901 2347 4952 καὶ
2379 4899 2690 4969 καθήμενος
2721 4899 2894 4970 ἐθήρα
2930 4901 3052 4962 τούς
3089 4901 3408 4969 παριόντας,
3434 4901 3645 4954 οἰκείαν
3675 4904 3940 4956 ἀνάπαυ-

2256 4998 2337 5033 σιν
2370 4981 2571 5052 κρίνων
2590 4981 2686 5050 τὴν
2717 4981 2826 5034 τῶν
2863 4982 3051 5034 όδιτῶν
3087 4983 3408 5051 θεραπείαν,
3438 4985 3531 5036 καὶ
3561 4986 3689 5048 τοὺς
3710 4986 3816 5039 ὑπὸ
3839 4988 3937 5040 τοῦ

2254 5063 2534 5128 καύσωνος
2558 5064 2925 5134 φλεγομένους
2955 5065 3059 5118 ὑπὸ
3089 5067 3190 5136 τὴν
3223 5067 3433 5138 σκέπην
3461 5069 3702 5137 εἰσάγειν
3735 5072 3940 5124 ἐσπού-

2251 5148 2431 5211 δαζεν,
2461 5150 2520 5200 οὐ
2552 5149 3048 5220 περιεργαζόμενος
3079 5151 3206 5212 τοὺς
3242 5152 3561 5222 παριόντας,
3586 5154 3708 5207 οὑδέ
3741 5155 3936 5218 ἐξετά-

2253 5231 2361 5293 ζων
2391 5231 2442 5282 εἰ
2473 5229 2760 5299 γνώριμοι,
2796 5228 2829 5301 ἢ
2865 5231 3134 5298 ἄγνωστοι
3180 5229 3311 5286 εἷεν.
3357 5233 3433 5287 Οὐ
3476 5235 3785 5304 φιλοξενίας
3822 5241 3940 5309 γάρ

2249 5311 2310 5362 τὸ
2378 5309 2448 5361 τὰ
2502 5312 2730 5364 τοιαῦτα
2780 5313 3264 5386 περιεργάζεσθαι,
3317 5316 3458 5370 ἀλλὰ
3511 5318 3572 5370 10
3630 5321 3767 5372 πᾶσι
3817 5326 3940 5385 τοῖς

2252 5389 2510 5460 παριοῦσι
2563 5393 2662 5462 τῆς
2719 5394 2926 5457 οἰκείας
2973 5396 3312 5463 μεταδιδόναι
3361 5398 3786 5470 φιλοφροσύνης.
3820 5403 3937 5456 Καὶ

2250 5477 2435 5563 ἐπειδὴ
2471 5479 2688 5563 ήπλωσε
2726 5485 2826 5552 τῆς
2853 5481 3158 5551 φιλοξενίας
3185 5485 3286 5554 τὴν
3313 5488 3579 5558 σαγήνην,
3613 5489 3936 5563 κατηξιώθη

2249 5563 2341 5614 καὶ
2387 5562 2480 5615 105
2525 5562 2633 5616 τῶν
2680 5564 2817 5617 ὅλων
2872 5567 3149 5636 Δεσπότην
3198 5569 3558 5634 ὑποδέξασθαι
3614 5572 3756 5641 μετά
3819 5562 3936 5625 τῶν

2247 5644 2502 5711 ἀγγέλων
2551 5646 2736 5700 αὑτοῦ.
2787 5648 2885 5700 Διά
2939 5649 3097 5703 τοῦτο
3148 5653 3242 5705 καὶ
3297 5653 3510 5718 Παῦλος
3564 5655 3757 5723 ἐλεγε⁶
3815 5656 3938 5724 Τῆς

2247 5728 2597 5796 φιλοξενίας
2671 5729 2756 5798 μὴ
2805 5731 3315 5789 ἐπιλανθάνεσθε·
3378 5736 3477 5791 διὰ
3535 5740 3758 5806 ταύτης
3813 5741 3936 5809 γὰρ

2245 5809 2467 5904 ίαθόν
2516 5828 2675 5904 τινες
2741 5813 3096 5904 ξενίσαντες
3168 5819 3497 5889 ἁγγέλους’
3575 5822 3667 5875 105
3732 5839 3936 5895 πατρι-

2240 5893 2416 5985 άρχην
2460 5893 2677 5985 πάντως
2715 5897 3104 5968 αἰνιττόμενος.
3152 5899 3251 5953 Διά
3291 5901 3448 5955 τοῦτο
3490 5903 3582 5956 καί
3626 5904 3656 5955 ό
3693 5893 3936 5975 Χριστὸς

2241 5974 2459 6047 ἔλεγεν·
2500 5979 2604 6046 Ὃς
2629 5977 2707 6032 ἂν
2731 5978 2980 6049 δέξηται
3009 5983 3117 6037 ἕνα
3167 5985 3395 6040 τούτων
3436 5985 3554 6040 τῶν
3580 5974 3932 6057 ἐλαχίστων
