4092 6408
302 403 406 459 377

311 529 538 586 uterque
564 525 756 584 magno
784 510 981 568 damno
1003 507 1250 565 afficitur.
1281 505 1413 561 Nam
1439 504 1649 560 debitor
1673 500 1887 572 quidem

307 607 486 676 inopia
555 605 843 666 atteritur,
891 600 1126 657 creditor
1177 606 1354 652 autem
1400 609 1600 664 augens
1645 592 1894 654 divitias,

307 707 650 769 peccatorum
676 694 974 750 accumulat
994 693 1092 748 sibi
1121 687 1538 745 multitudinem.
1570 684 1800 740 Proinde
1829 682 1898 738 ab

314 788 469 842 initio
497 787 626 840 olim
651 785 847 840 Iudaeis
871 781 1222 838 erassioribus
1247 778 1350 833 tale
1379 776 1526 832 dedit
1552 783 1897 846 prteceptum,

308 879 534 934 dicens:
565 875 689 931 Non
719 873 1037 947 fmusraberis
1087 870 1237 942 fratri
1283 878 1370 922 tuo
1422 876 1470 922 et
1528 851 1760 935 proximo
1811 874 1900 916 tuo

309 969 499 1037 (Deut.
531 968 623 1025 25.
655 967 782 1038 19).
813 965 928 1034 Qua
970 963 1131 1034 igitur
1157 957 1500 1017 excusatione
1549 955 1693 1026 digni
1740 963 1901 1011 erunt

310 1063 402 1132 qui
448 1059 647 1115 .Iudteis
697 1065 823 1114 sunt
861 1054 1284 1120 inhumaniores,
1328 1059 1384 1105 et
1440 1056 1562 1120 post
1595 1047 1816 1117 gratiam
1847 1056 1900 1100 et

315 1159 516 1205 tantam
555 1164 586 1203 a
622 1148 847 1203 Domino
884 1144 1263 1215 benignitatem
1313 1138 1656 1195 inveniuntur
1705 1135 1769 1190 iis
1811 1135 1900 1206 qui

313 1241 416 1294 sub
439 1241 555 1310 lege
583 1236 796 1292 fuerunt
823 1235 1121 1299 inferiores,
1165 1232 1272 1286 imo
1293 1227 1540 1301 pejores?
1572 1227 1626 1280 In
1649 1226 1899 1294 spiritua-

313 1331 454 1386 Iibus
482 1330 625 1386 enim
666 1327 1017 1398 repetiturum
1061 1339 1120 1380 se
1158 1321 1417 1393 promittit
1444 1333 1654 1374 usuras.
1684 1315 1900 1384 Quare?

316 1422 451 1489 Quia
476 1418 748 1475 contrario
794 1431 1015 1487 prorsus
1059 1413 1219 1469 modo
1268 1426 1328 1467 se
1377 1409 1572 1464 habent
1610 1406 1900 1477 Spiritualis

320 1527 501 1577 usura,
530 1520 585 1566 et
607 1509 892 1566 sensibilis.
933 1508 1046 1563 Illic
1089 1505 1232 1561 enim
1286 1504 1333 1559 is
1383 1518 1414 1557 a
1465 1516 1572 1572 quo
1615 1500 1902 1570 requiritur

317 1617 526 1669 severe,
581 1602 757 1657 subito
804 1601 857 1654 in
913 1609 1206 1654 extremam
1247 1595 1476 1665 inepiam
1511 1591 1902 1648 deferturzhic

319 1703 496 1747 autem
528 1694 573 1748 is
600 1709 629 1746 a
655 1707 760 1763 quo
786 1692 1033 1762 exigitur,
1053 1689 1265 1761 quando
1295 1695 1501 1758 gratum
1527 1687 1763 1740 animum
1791 1699 1902 1754 pra:

320 1798 381 1837 se
433 1782 636 1848 tulerit,
677 1793 875 1852 quanto
923 1782 1178 1849 majorem
1228 1793 1442 1832 usuram
1489 1776 1708 1841 afferet,
1757 1783 1904 1828 tanto

323 1874 537 1944 largiori
587 1873 794 1930 fruetur
851 1873 1054 1928 caelesti
1106 1869 1557 1927 remuneratione.
1605 1869 1900 1934 Quocirca,

323 1966 524 2032 dilecti,
547 1981 668 2021 cum
695 1965 846 2021 vobis
870 1963 1178 2021 concredita
1204 1961 1735 2026 diuumeraverimus,
1757 1958 1905 2014 vobis

325 2057 684 2113 necessarium
713 2057 817 2112 erit
856 2055 1123 2126 duplicem
1152 2053 1344 2108 afl'erre
1382 2053 1619 2106 laborem
1671 2059 1724 2104 et
1775 2048 1906 2120 vigi-

327 2147 566 2212 lantiam,
620 2153 732 2200 tum
776 2145 914 2216 quod
949 2144 1279 2199 dinumerata
1303 2140 1647 2197 custodienda
1670 2147 1814 2204 sunt,
1847 2147 1906 2192 ut

325 2238 430 2293 fixa
457 2245 707 2292 maneant
735 2254 750 2293 :
783 2246 894 2290 tum
923 2234 1064 2306 quod
1093 2233 1422 2304 operandum
1454 2243 1512 2287 ut
1535 2241 1590 2286 et
1611 2231 1729 2286 aliis
1753 2243 1906 2284 com-

324 2329 683 2396 municentur,
714 2337 768 2384 et
797 2329 994 2384 multos
1034 2329 1086 2383 in
1118 2328 1256 2381 viam
1297 2327 1504 2381 virtutis
1529 2325 1780 2380 inducant
1811 2332 1908 2378 :ut

326 2420 569 2475 bifariam
597 2420 746 2475 vobis
772 2421 974 2474 lucrum
1013 2428 1300 2483 accrescat,
1331 2427 1440 2472 tum
1480 2433 1576 2488 pro
1601 2417 1774 2471 salute
1807 2430 1904 2470 ve-

326 2518 460 2577 stra,
491 2519 602 2565 tum
635 2525 730 2580 pro
751 2510 976 2565 aliorum
1007 2510 1251 2565 utilitate.
1281 2509 1433 2576 Quod
1458 2511 1502 2564 si
1527 2507 1630 2564 hoc
1654 2507 1906 2573 feceritis,

324 2609 381 2656 et
409 2616 508 2655 nos
532 2600 766 2658 reddetis
790 2601 976 2657 beatos
1020 2619 1035 2657 :
1063 2599 1249 2656 Beatus
1267 2601 1419 2666 enim,
1453 2600 1643 2671 inquit,
1669 2599 1756 2669 qui
1786 2599 1908 2652 dicit

325 2695 552 2746 inaures
589 2694 899 2748 audientium
957 2692 1158 2766 (Eccli.
1183 2693 1280 2750 25.
1339 2692 1439 2765 12)
1468 2702 1558 2748 :et
1602 2691 1806 2748 facietis
1854 2700 1911 2746 ut

329 2783 527 2853 largior
557 2783 706 2838 vobis
727 2783 843 2840 haec
871 2784 1158 2854 spiritualis
1177 2793 1476 2855 apponatur
1513 2799 1719 2839 mensa.
1749 2782 1912 2853 Igitur

327 2874 524 2928 fratres
548 2885 751 2930 vestros
773 2876 936 2931 nolite
961 2873 1250 2948 negligere,
1276 2891 1448 2948 neque
1476 2876 1648 2931 solum
1675 2884 1911 2946 spectate

326 2981 448 3036 quae
473 2966 539 3021 ad
564 2983 658 3022 vos
684 2968 910 3024 attinent
940 2987 953 3022 :
977 2969 1070 3025 sed
1096 2969 1381 3041 unicuique
1405 2986 1532 3026 cura
1553 2970 1622 3026 sit
1645 2969 1911 3041 quomodo

330 3059 631 3126 proximum
654 3074 809 3115 suum
846 3076 877 3115 e
921 3061 1118 3116 diaboli
1145 3061 1386 3117 faucibus
1406 3063 1616 3133 eripiat,
1647 3071 1701 3118 et
1723 3061 1792 3116 ab
1814 3061 1913 3115 im-

330 3149 428 3218 piis
450 3149 554 3205 illis
575 3151 889 3219 spectaculis
913 3151 966 3207 in
989 3153 1270 3208 ecclesiam
1293 3154 1542 3220 adducat,
1569 3153 1912 3209 monstrando

328 3242 378 3295 ei
411 3241 576 3295 multa
598 3241 815 3296 lenitate
841 3251 896 3296 et
937 3244 1343 3298 mansuetudine
1384 3254 1494 3299 tum
1543 3246 1722 3301 damni
1769 3248 1910 3319 quod

331 3331 477 3388 illinc
507 3333 608 3387 fert
635 3333 972 3402 gravitatem,
1007 3343 1117 3389 tum
1148 3335 1410 3391 bonorum
1455 3355 1574 3407 «pne
1605 3339 1691 3395 hic
1717 3358 1906 3398 conce-

331 3422 533 3477 duntur
583 3423 1049 3493 magnitudinem:
1090 3435 1273 3480 etnon
1323 3428 1493 3482 Solum
1546 3431 1710 3485 semel
1752 3440 1912 3502 atque

333 3513 525 3568 iterum
549 3514 652 3569 hoc
675 3513 852 3581 facite,
881 3516 975 3572 sed
1006 3531 1236 3587 seniper.
1259 3517 1390 3573 Nam
1421 3519 1521 3574 etsi
1553 3519 1709 3576 hodie
1735 3523 1912 3579 verbis

334 3603 442 3656 tuis
494 3619 598 3657 non
635 3603 986 3674 obtemperat,
1044 3616 1227 3676 postea
1269 3608 1656 3678 obtemperabit
1709 3628 1722 3663 :
1768 3621 1823 3666 et
1865 3613 1910 3668 si

335 3709 506 3763 neque
531 3695 765 3751 secundo
790 3697 1095 3752 admouenti
1143 3698 1530 3768 obtemperabit
1555 3741 1570 3767 ,
1603 3701 1796 3756 iterum
1829 3711 1910 3758 ta-

333 3801 455 3840 men
481 3795 530 3841 te
557 3787 740 3843 videns
762 3797 1060 3858 urgentem,
1083 3789 1220 3844 forte
1243 3791 1541 3853 erubescet,
1571 3803 1624 3847 et
1651 3795 1912 3850 reveritus

333 3888 477 3930 tuam
505 3894 708 3944 curam,
757 3894 787 3933 a
829 3880 1140 3950 perniciosis
1188 3881 1292 3936 illis
1320 3882 1624 3938 abstinebit.
1657 3884 1725 3939 Et
1753 3903 1910 3940 num-

331 3985 491 4035 quam
537 3970 944 4036 dieas:SemeI,
985 3979 1039 4026 et
1071 3972 1296 4040 iterum,
1340 3984 1394 4028 et
1442 3976 1597 4030 tertio
1636 3987 1692 4032 et
1716 3979 1911 4048 saepius

332 4060 512 4112 monui
535 4100 550 4124 ,
581 4070 636 4113 et
681 4060 810 4115 nihil
843 4061 1062 4130 profeci.
1119 4062 1198 4118 Ne
1235 4080 1455 4120 monere
1498 4067 1712 4124 desinas
1743 4087 1755 4127 :
1786 4086 1909 4125 nam

330 4158 529 4218 quanto
557 4151 722 4219 magis
751 4160 804 4205 tu
835 4155 1256 4221 perseveraveris
1275 4195 1288 4218 ,
1329 4164 1475 4211 tanto
1496 4160 1662 4229 magis
1691 4169 1744 4215 et
1764 4178 1908 4217 mer-

329 4256 422 4296 ces
452 4241 544 4296 tibi
592 4253 815 4297 crescet.
869 4243 985 4299 Non
1035 4245 1224 4300 videtis
1275 4257 1470 4316 quanta
1497 4253 1732 4305 omnium
1772 4253 1911 4308 Deus

331 4345 432 4386 nos
460 4333 714 4402 patientia
736 4335 946 4402 tolerat,
974 4347 1026 4391 et
1054 4338 1322 4406 quomodo
1339 4339 1573 4408 quotidie
1597 4343 1910 4412 negligimus

331 4425 700 4493 obtemperare
738 4425 852 4496 ejus
903 4427 1187 4497 mandatis,
1235 4437 1290 4484 et
1330 4445 1503 4501 neque
1542 4433 1621 4488 sic
1657 4443 1831 4490 cessat
1878 4452 1907 4489 a

332 4529 460 4568 cura
517 4527 718 4582 nostra,
750 4518 848 4574 sed
875 4521 1052 4574 omnia
1105 4535 1199 4575 sua
1229 4522 1549 4592 suppeditat,
1578 4526 1747 4580 solem
1779 4526 1907 4581 oriri

330 4615 500 4671 curat,
527 4607 730 4674 pluvias
767 4610 1030 4678 concedit,
1056 4611 1265 4681 aliaque
1285 4613 1496 4668 omnia?
1529 4615 1698 4671 Simili
1749 4618 1910 4673 modo

329 4705 386 4748 et
420 4710 516 4748 nos
540 4709 665 4766 erga
693 4696 881 4754 fratres
912 4709 1122 4756 nostros
1148 4702 1284 4757 bene
1328 4703 1525 4771 affecti,
1581 4722 1769 4777 magna
1795 4717 1906 4763 uta-

331 4799 453 4838 mur
479 4784 772 4855 diligentia,
819 4799 872 4844 et
917 4791 1254 4848 obluctemur
1280 4794 1513 4864 maligno
1541 4796 1616 4851 illi
1654 4799 1905 4868 daemoni,

330 4883 389 4928 ut
411 4875 594 4930 irritos
629 4876 746 4946 ejus
785 4879 1039 4937 faciamus
1075 4893 1316 4939 conatus.
1361 4887 1491 4941 Nam
1523 4888 1567 4943 si
1596 4890 1788 4960 singuli
1816 4893 1904 4963 qui

327 4963 539 5031 adsunt,
582 4981 744 5021 unum
787 4968 1093 5028 lucrifacere
1138 4985 1372 5043 possent,
1430 4977 1601 5046 cogita
1651 4991 1903 5050 quantam

327 5053 482 5109 nobis
503 5055 736 5112 laetitiam
782 5061 1014 5116 Ecclesia
1055 5065 1388 5121 multitudine
1431 5067 1662 5124 ﬁliorum
1687 5085 1903 5127 suorum

325 5147 628 5204 ostenderet
683 5166 702 5208 :
740 5161 796 5207 et
843 5154 1084 5211 diabolus
1129 5158 1564 5228 confunderetur,
1615 5162 1802 5219 videns
1848 5165 1904 5221 in

326 5250 520 5291 vamnu
571 5249 624 5294 et
666 5241 862 5299 frustra
912 5247 1128 5301 extendi
1185 5263 1279 5305 sua
1325 5252 1477 5307 retia.
1523 5253 1674 5320 Quod
1719 5257 1763 5310 si
1803 5257 1906 5313 hoc

325 5324 580 5396 feceritis,
621 5335 847 5388 audietis
892 5347 947 5390 et
991 5353 1084 5393 vos
1129 5340 1181 5394 in
1227 5340 1315 5395 die
1365 5342 1457 5397 illo
1507 5359 1522 5395 :
1563 5343 1726 5416 Euge,
1767 5364 1907 5403 serve

321 5417 450 5472 bone
486 5431 536 5473 et
555 5423 741 5491 ﬁdelis,
768 5425 820 5478 in
849 5444 1010 5496 pauca
1049 5431 1192 5499 fuisti
1237 5434 1422 5502 fidelis,
1461 5452 1619 5505 supra
1660 5438 1820 5493 multa
1857 5451 1905 5496 te

319 5513 640 5569 constituam.

391 5601 444 5656 3.
484 5601 744 5661 Carteer
777 5610 913 5665 bona
941 5627 1035 5682 spe
1059 5629 1176 5669 sum
1205 5629 1300 5669 vos
1320 5615 1419 5672 hoc
1445 5617 1675 5675 facturos
1702 5637 1715 5674 :
1746 5621 1902 5679 video

317 5695 460 5747 enim
491 5697 664 5750 vultus
694 5710 920 5768 vestros,
949 5715 1003 5758 et
1031 5705 1388 5774 conjecturam
1416 5723 1569 5764 sumo
1589 5726 1684 5766 vos
1709 5713 1898 5770 admo-

314 5787 576 5840 nitionem
609 5803 842 5846 nostram
886 5812 1071 5866 magna
1100 5799 1366 5868 voluptate
1395 5803 1665 5872 accepisse
1687 5844 1704 5872 ,
1738 5816 1900 5880 atque

1278 393 1346 449 IN
1381 392 1535 448 CAP.
1579 388 1762 446 XVIII.
1801 384 2049 443 GENES.
2090 385 2319 444 HOMIL.
2352 385 2487 443 XLI.

3490 383 3596 438 378

2011 495 2136 554 hinc
2173 515 2334 570 spero
2375 515 2501 566 vos,
2533 500 2674 572 quod
2701 509 2935 557 vestrum
2965 499 3120 556 ftierit
3138 542 3154 568 ,
3184 500 3434 556 facturos.
3464 501 3600 557 Pro-

2005 591 2130 646 inde
2162 591 2299 646 hanc
2341 591 2757 647 admonitionem
2796 591 2882 647 hic
2911 591 3157 647 finiamus
3189 610 3204 647 :
3235 607 3604 662 proponamus

2007 691 2187 736 autem
2215 681 2369 736 vobis
2398 691 2612 738 tenuem
2653 696 2889 738 nostram
2920 698 2982 737 ae
3011 698 3300 754 pauperem
3329 698 3595 745 mensam,

2006 783 2062 829 ut
2087 790 2206 829 cum
2228 775 2438 830 solitam
2469 776 2780 845 acceperitis
2800 775 3114 840 doctrinam,
3141 775 3359 831 domum
3397 790 3598 831 conce-

2005 868 2163 922 datis.
2197 866 2387 938 Operae
2407 868 2636 938 pretium
2660 868 2802 924 enim
2832 867 2992 924 fuerit
3016 876 3070 923 et
3093 868 3250 924 hodie
3278 869 3330 924 in
3358 868 3590 924 medium

2004 959 2198 1014 afferre
2226 961 2580 1029 patriarcham
2603 960 2891 1027 Abraham,
2915 968 2975 1015 ut
3002 961 3221 1016 discatis
3249 971 3498 1032 quantam
3521 961 3592 1015 ab

2007 1049 2362 1121 hospitalitate
2400 1052 2701 1108 mercedem
2741 1053 3022 1123 acceperit.
3057 1052 3082 1108 1
3119 1052 3305 1122 (Caput
3348 1051 3458 1124 18).
3485 1050 3594 1122 Ap-

2006 1146 2176 1213 paruit
2204 1145 2250 1198 ei
2272 1153 2437 1198 autem
2464 1143 2600 1198 Deus
2617 1187 2633 1212 ,
2667 1145 2836 1214 inquit
2856 1187 2872 1212 ,
2900 1145 3039 1215 apud
3063 1161 3302 1216 quercum
3342 1144 3594 1209 Humbre,

2004 1236 2204 1290 sedente
2227 1237 2338 1306 ipso
2361 1236 2429 1290 ad
2444 1238 2662 1308 januam
2689 1235 2996 1291 tabernaculi
3018 1238 3098 1291 sui
3119 1237 3344 1290 meridie.
3371 1235 3589 1307 Singula

2007 1328 2167 1384 verba
2184 1329 2464 1400 diligenter
2478 1331 2829 1396 excutiamus,
2845 1339 2896 1385 et
2912 1340 3097 1399 aperto
3113 1331 3386 1395 thesauro,
3410 1344 3596 1384 omnes

2007 1421 2061 1476 in
2105 1437 2173 1478 eo
2206 1423 2430 1478 latentes
2472 1423 2683 1478 divitias
2729 1421 3017 1478 discamus.
3049 1422 3224 1490 Quare
3265 1422 3343 1476 sic
3373 1436 3601 1477 exorsus

2007 1523 2108 1576 est.
2140 1515 2389 1586 Apparuit
2417 1526 2586 1568 autem
2616 1515 2662 1569 ei
2684 1514 2859 1570 Deus?
2881 1515 3070 1585 Specta
3104 1515 3310 1568 Domini
3351 1513 3596 1584 benigni-

2011 1614 2194 1672 tatem,
2216 1616 2270 1660 et
2294 1607 2572 1662 considera
2602 1606 2778 1660 famuli
2803 1619 3008 1676 gratum
3032 1607 3288 1659 animum.
3309 1605 3595 1674 Postquam

2008 1697 2150 1751 enim
2177 1695 2419 1766 superius
2440 1697 2681 1766 appa'ruit
2709 1696 2782 1763 ei,
2805 1706 2858 1751 et
2879 1705 3074 1766 prmter
3095 1705 3285 1749 caztera
3313 1695 3470 1748 etiam
3500 1696 3600 1749 cir-

2008 1786 2348 1842 cumcisionis
2375 1787 2679 1841 mandatum
2719 1788 2970 1857 przrcepit
2998 1805 3011 1838 :
3043 1786 3270 1840 eximius
3297 1796 3472 1841 autem
3498 1785 3597 1840 istc

2010 1880 2092 1935 vir
2120 1895 2333 1950 semper
2352 1895 2470 1948 qua:
2499 1895 2530 1935 a
2562 1880 2670 1934 Deo
2699 1889 2961 1950 praecepta
2992 1889 3142 1934 erant
3164 1878 3448 1949 diligenter
3471 1894 3594 1948 per-

2009 1970 2169 2027 ficere
2191 2012 2207 2037 ,
2241 1970 2440 2039 rejeeta
2483 1971 2626 2024 omni
2672 1985 2853 2037 mora,
2889 1970 3092 2024 curavit
3125 1978 3220 2025 :et
3255 1969 3598 2024 circumcisus

2004 2067 2092 2116 est
2140 2062 2280 2131 ipse,
2314 2060 2542 2130 impleas
2574 2059 2878 2114 mandatum
2911 2060 3036 2126 Dei,
3079 2068 3133 2116 et
3171 2060 3448 2115 lsmaelem
3490 2060 3597 2113 cir-

2011 2153 2283 2215 cumcidit,
2314 2162 2369 2207 et
2395 2153 2709 2207 vernaculos
2743 2167 2965 2218 omnes,
2995 2161 3049 2207 et
3077 2153 3126 2206 in
3169 2165 3374 2207 summa
3403 2152 3592 2206 miram

2011 2244 2298 2300 declaravit
2322 2244 2678 2299 obedientiam
2700 2262 2713 2298 :
2734 2243 2924 2298 iterum
2950 2244 2997 2297 ei
3028 2253 3265 2313 apparet.
3285 2243 3428 2298 Talis
3453 2244 3594 2298 enim

2011 2345 2093 2390 est
2119 2335 2376 2390 Dominus
2397 2345 2596 2399 noster,
2623 2343 2680 2389 ut
2707 2335 2750 2390 si
2781 2335 2992 2404 quando
3029 2334 3223 2390 viderit
3252 2350 3349 2390 nos
3378 2334 3429 2388 in
3458 2336 3602 2405 prio-

2013 2426 2158 2481 ribus
2183 2417 2710 2497 gratos,'accumulet
2737 2427 2989 2482 beneficia
3011 2469 3024 2492 ,
3055 2435 3110 2482 et
3136 2442 3421 2497 numquam
3449 2443 3478 2481 a
3504 2442 3600 2482 sua

2013 2518 2358 2574 beneficentia
2397 2518 2652 2585 desistat,
2687 2535 3034 2574 remunerans
3069 2518 3431 2574 obedientium
3473 2533 3598 2588 gra-

2013 2620 2122 2665 tum
2152 2610 2484 2680 obsequium.
2517 2611 2742 2678 Propter
2785 2609 2886 2664 hoc
2935 2611 3092 2680 igitur
3114 2651 3129 2674 ,
3173 2609 3295 2680 quia
3326 2609 3558 2663 obedivit
3582 2649 3598 2671 ,

2014 2704 2203 2757 iterum
2233 2704 2476 2772 apparuit
2500 2703 2570 2757 ei.
2599 2703 2709 2769 Qua
2737 2702 2804 2756 de
2829 2717 2986 2757 causa
3016 2703 3092 2756 sic
3122 2716 3278 2757 orsus
3303 2710 3386 2756 est
3413 2701 3600 2757 beatus

2013 2794 2188 2849 Moses
2216 2811 2228 2847 :
2259 2794 2508 2863 Apparuit
2539 2803 2706 2847 autem
2734 2795 2778 2847 ei
2819 2793 2954 2846 Deus
2988 2793 3127 2862 apud
3161 2809 3396 2863 quercum
3426 2792 3601 2845 Mum-

2015 2885 2118 2952 bre,
2150 2887 2351 2941 sedente
2374 2903 2431 2940 eo
2453 2887 2521 2940 ad
2526 2887 2743 2956 januam
2769 2886 3076 2939 tabernaculi
3105 2886 3183 2938 sui
3214 2885 3439 2938 meridie.
3459 2885 3600 2939 Con-

2014 2978 2188 3033 sidera
2211 3018 2226 3039 ,
2258 2992 2354 3031 oro
2378 3019 2393 3043 ,
2425 2976 2511 3030 llic
2539 2978 2787 3031 virtutem
2812 2976 2962 3045 justi.
3006 2975 3226 3030 Sedente
3248 3017 3262 3035 ,
3296 2974 3461 3044 inquit
3485 3015 3498 3037 ,
3531 2973 3600 3026 ad

2015 3073 2150 3140 fores
2178 3068 2485 3123 tabernaculi
2529 3068 2630 3122 sui.
2665 3067 2964 3136 Tantopere
3002 3065 3222 3120 curabat
3265 3064 3601 3134 hospitalita-

2014 3167 2145 3224 tem,
2179 3168 2236 3213 ut
2264 3159 2430 3214 nollet
2459 3159 2725 3229 hospitum
2756 3159 3092 3212 venationem
3119 3156 3348 3226 cuipiam
3377 3155 3602 3208 familia-

2015 3258 2150 3309 rium
2171 3254 2506 3309 committere
2531 3271 2544 3308 :
2590 3253 2683 3308 sed
2708 3260 2973 3306 trecentos
2989 3252 3171 3306 decem
3189 3261 3242 3305 et
3257 3260 3379 3304 octo
3401 3249 3602 3303 habens

2013 3347 2360 3412 vin-naeuius,
2403 3345 2564 3400 homo
2603 3361 2766 3400 senex
2822 3354 2876 3400 et
2915 3361 3054 3398 nunc
3105 3343 3388 3412 decrepita:
3432 3342 3605 3395 aetatis

2020 3436 2403 3508 (centenarius
2445 3436 2587 3490 enim
2625 3445 2740 3490 erat
2771 3434 2810 3504 ),
2844 3434 2983 3503 apud
3015 3434 3231 3504 januam
3271 3432 3509 3488 sedebat.
3538 3432 3604 3486 Et

2019 3528 2102 3582 hic
2130 3526 2343 3597 quidem
2385 3526 2487 3581 hoc
2513 3542 2721 3581 summo
2749 3526 2926 3581 studio
2950 3526 3203 3590 curabat,
3235 3534 3288 3578 et
3319 3539 3488 3593 neque
3516 3538 3604 3577 se-

2016 3628 2204 3674 nectus
2228 3617 2302 3673 illi
2329 3617 2603 3672 thtaculo
2628 3627 2762 3683 erat,
2792 3633 2963 3686 neque
2986 3631 3096 3671 sua:
3124 3614 3315 3686 quietis
3340 3630 3490 3682 cura,
3509 3631 3604 3668 ne-

2015 3728 2118 3782 que
2159 3712 2298 3766 intus
2335 3725 2496 3780 super
2535 3709 2730 3766 lectum
2767 3710 3142 3774 recumbebat,
3173 3708 3266 3763 sed
3309 3709 3374 3763 ad
3405 3709 3601 3764 ostium

2014 3801 2235 3857 sedebat
2262 3820 2276 3856 :
2307 3801 2396 3855 alii
2421 3811 2602 3856 autem
2624 3815 2767 3870 smpe
2797 3816 2901 3854 non
2929 3802 3098 3853 solum
3131 3809 3334 3855 tantmn
3365 3799 3596 3855 studium

2015 3910 2120 3948 nou
2151 3892 2424 3958 adhibent,
2454 3892 2547 3946 sed
2590 3906 2644 3946 et
2671 3893 2822 3961 plane
2851 3891 3139 3954 diversum,
3167 3903 3222 3947 et
3237 3892 3439 3946 'horum
3468 3907 3600 3946 con-

2014 3999 2227 4055 gressus
2254 3984 2458 4054 fugiunt
2483 3994 2538 4039 et
2566 3984 2785 4048 evitant,
2813 3995 2869 4038 ut
2891 4000 2957 4038 ne
2986 3985 3134 4038 inviti
3164 3995 3422 4055 cogantur
3448 3986 3600 4040 exci-

2017 4091 2162 4146 pere.
2194 4075 2390 4130 Verum
2427 4091 2533 4130 non
2555 4073 2729 4144 justus
2768 4076 2855 4130 ille
2901 4075 2971 4128 ita
2999 4077 3226 4146 agebat,
3255 4076 3348 4131 sed
3378 4075 3602 4132 sedebat

2014 4168 2080 4222 ad
2124 4166 2337 4236 jaiiimm
2369 4168 2610 4221 meridie.
2644 4167 2778 4222 Iliuc
2805 4168 2946 4223 enim
2979 4168 3148 4237 major
3172 4167 3505 4238 hospitalitas
3547 4179 3604 4224 et

2016 4259 2188 4312 virtus
2225 4258 2341 4328 ejus
2383 4258 2612 4322 ducitur,
2644 4258 2783 4328 quod
2812 4259 2864 4313 in
2894 4259 3114 4314 meridie
3143 4258 3246 4314 hoc
3281 4258 3498 4314 faceret.
3534 4259 3602 4314 Et

2014 4350 2206 4405 merito
2243 4350 2456 4419 quidem
2482 4367 2496 4405 :
2519 4351 2641 4421 quia
2669 4352 2811 4405 enim
2842 4350 3062 4418 sciebat,
3090 4367 3201 4418 eos,
3234 4351 3322 4421 qui
3362 4354 3600 4421 peregri-

2015 4455 2144 4494 nare
2185 4450 2445 4510 coguutur
2468 4481 2484 4506 ,
2514 4455 2582 4495 eo
2615 4442 2843 4495 maxime
2885 4449 3124 4511 tempore
3161 4441 3398 4512 indigere
3434 4457 3559 4498 cura
3581 4482 3600 4508 ,

2015 4541 2222 4603 tempus
2251 4531 2352 4587 hoc
2381 4532 2627 4587 idoneum
2652 4532 2901 4603 eligebat,
2927 4543 2985 4588 et
3012 4533 3205 4590 sedens
3230 4549 3323 4590 eos
3348 4535 3437 4604 qui
3464 4551 3601 4606 pra:-

2015 4624 2241 4678 teriliaut
2259 4623 2566 4689 venabatur,
2582 4625 2810 4695 quietem
2833 4623 2933 4679 sibi
2953 4625 3153 4680 ducens
3178 4626 3480 4680 ministrare
3499 4626 3602 4681 via-

2015 4714 2219 4768 toribus
2253 4731 2266 4768 :
2295 4723 2351 4768 et
2391 4729 2484 4768 eos
2509 4715 2596 4784 qui
2629 4715 2807 4770 calore
2833 4715 3144 4779 mstuabant,
3165 4718 3264 4770 sub
3292 4725 3486 4771 tectum
3513 4717 3600 4771 in—

2011 4805 2296 4859 traducere
2336 4806 2615 4872 studebat,
2649 4821 2756 4860 non
2798 4806 3010 4861 curiose
3052 4807 3336 4876 explorans
3374 4821 3470 4862 eos
3509 4807 3599 4878 qui

2012 4897 2388 4966 praeteribant,
2422 4912 2591 4968 neque
2620 4899 2898 4969 requirens
2925 4914 2991 4952 an
3024 4899 3132 4952 noti
3154 4941 3168 4966 ,
3201 4898 3283 4954 vel
3324 4899 3485 4970 ignoti
3516 4915 3601 4954 es-

2011 4996 2152 5042 sent.
2182 4986 2367 5058 Neque
2392 4989 2533 5042 enim
2577 4988 2949 5058 hospitalitatis
2978 4989 3138 5044 fuerit
3180 4989 3461 5061 diligenter
3485 4991 3599 5046 sin-

2009 5080 2128 5149 gula
2157 5079 2500 5150 perscrutari.
2531 5079 2624 5134 sed
2653 5081 2901 5135 omnibus
2931 5081 3248 5152 simpliciter
3274 5097 3425 5136 suam
3454 5098 3601 5137 com-

2009 5171 2281 5226 municare
2322 5171 2717 5241 benignitatem,
2736 5181 2790 5227 et
2818 5173 2934 5240 quia
2954 5172 3324 5244 hospitalitatis
3349 5189 3602 5247 sagenam

2009 5261 2366 5330 expanderat,
2409 5261 2602 5314 meruit
2647 5272 2703 5317 et
2743 5263 3116 5318 universorum
3147 5265 3432 5320 Dominum
3478 5282 3600 5322 cum

2009 5351 2210 5420 angelis
2267 5351 2378 5405 suis
2426 5351 2715 5422 suscipere.
2750 5353 3047 5424 Eapropter
3089 5355 3287 5411 Paulus
3331 5356 3543 5415 dicebat
3583 5375 3598 5411 :

2013 5439 2390 5508 Hospitalitatis
2416 5457 2480 5494 ne
2518 5443 2880 5498 obliviscamini
2908 5460 2926 5498 :
2956 5461 3046 5515 per
3073 5446 3204 5499 hanc
3235 5448 3368 5500 enim
3395 5447 3601 5517 quidam

2008 5531 2162 5585 nescii
2185 5573 2200 5596 ,
2229 5531 2434 5602 angelos
2460 5545 2756 5604 exceperunt
2783 5536 3001 5604 hospitio
3030 5536 3048 5608 (
3073 5536 3228 5592 Hebr.
3266 5539 3351 5594 13.
3376 5538 3433 5609 2)
3459 5556 3469 5590 :
3501 5554 3597 5610 pa-

2009 5625 2297 5684 triarcham
2339 5629 2559 5683 omnino
2609 5629 2902 5684 insinuans.
2931 5634 3103 5701 Atque
3127 5631 3196 5686 ob
3221 5631 3323 5686 hoc
3359 5632 3602 5687 Christus

2009 5718 2220 5774 dicebat
2249 5737 2261 5772 :
2297 5719 2396 5789 Qui
2433 5723 2708 5789 susceperit
2745 5739 2903 5776 unum
2931 5740 2993 5776 ea:
3031 5725 3110 5778 Itis
3139 5725 3394 5790 minimis,
3425 5725 3476 5779 in
3503 5742 3599 5779 no-

2011 5811 2144 5864 mine
2169 5827 2294 5877 meo,
2323 5827 2399 5865 me
2423 5814 2628 5882 suscipit
2657 5812 2868 5884 (.Ilatth.
2905 5815 2991 5870 18.
3017 5815 3096 5886 5).
3128 5815 3436 5879 Audiamus,
3460 5815 3598 5870 dile-
