4092 6408
599 356 667 412 το
1309 350 1367 409 s.
1408 338 1689 408 JOANNIS
1724 338 2210 406 ettuvsos‘Tout
2249 338 2569 407 ARClllEP.
2610 348 3149 410 CONSTANTINOP.

555 469 651 533 eti,
676 477 729 521 et
751 448 981 534 hospitio
1000 462 1273 535 excepturi
1299 464 1316 495 ¹
1349 468 1639 533 numquam
1659 476 1982 532 qumramus,
1997 460 2150 528 Quis,

554 570 610 613 et
641 558 798 613 unde.
826 556 959 611 Nam
998 555 1042 610 si
1072 553 1371 625 patriarcha
1411 554 1466 608 in
1494 552 1732 623 rogando
1760 551 1950 607 fuisset
1977 552 2153 605 curio-

554 666 683 719 sus,
712 650 850 705 forte
879 658 1173 719 peccasset.
1200 646 1305 703 Sed
1334 646 1571 711 sciebat,
1604 644 1780 715 inquis
1799 685 1815 710 ,
1856 643 2149 697 advenien-

555 744 688 796 tium
714 740 1046 810 dignitatem.
1071 737 1223 793 Unde
1266 740 1367 790 hoc
1397 736 1489 790 tibi
1522 726 1723 805 liquet?
1753 733 2030 801 Quomodo
2056 748 2152 787 au-

554 843 666 889 tem
692 834 735 889 si
766 834 836 887 ita
872 843 1036 899 esset,
1068 830 1405 886 admirationi
1436 829 1659 883 luisset?
1685 816 1867 897 Neque
1902 827 2046 882 enim
2075 827 2153 883 sic

552 926 867 981 admirabile
910 924 1138 981 fuisset.
1168 924 1213 979 si
1241 921 1581 993 suscipiendo
1613 919 1850 992 hOSpites
1888 918 2153 974 curiosius

552 1018 891 1087 explorasset
916 1017 1006 1086 qui
1036 1023 1238 1081 essent,
1268 1014 1407 1069 sicut
1437 1029 1577 1068 lltlttc
1602 1027 1725 1067 cum
1754 1011 2005 1082 ignorans
2034 1010 2153 1081 qui-

553 1122 678 1161 nam
720 1106 1070 1171 advenerint,
1105 1104 1249 1158 tanta
1295 1098 1570 1159 alacritate
1608 1112 1663 1157 et
1702 1102 1905 1156 honore
1946 1100 2154 1156 accedit

552 1197 704 1267 quasi
734 1212 923 1251 servus
968 1196 1035 1249 ad
1076 1194 1358 1259 dominos,
1392 1194 1608 1264 suisque
1650 1192 1829 1248 verbis
1868 1202 2153 1262 propemo-

551 1289 677 1343 dum
702 1288 911 1343 vincula
942 1287 1140 1358 injicit,
1170 1295 1225 1342 et
1252 1286 1515 1357 supplicat
1545 1286 1623 1340 eis
1644 1326 1659 1351 ,
1690 1294 1744 1338 ut
1772 1300 1841 1339 ne
1882 1292 2147 1349 renuant,

553 1397 726 1452 neque
752 1396 812 1437 se
836 1380 1070 1435 maximo
1094 1379 1291 1434 damno
1325 1377 1581 1432 afﬁciant.
1601 1376 1815 1433 Sciebat
1844 1376 1988 1430 enim
2022 1374 2149 1444 quid

553 1474 785 1535 faceret;
824 1482 1039 1542 propter
1084 1456 1186 1527 hoc
1209 1486 1404 1540 magno
1432 1484 1555 1524 cum
1583 1467 1775 1523 ardore
1804 1468 2033 1522 fructum
2059 1468 2151 1521 eo-

556 1564 767 1632 piosum
808 1562 1152 1634 percipiebat.
1186 1561 1293 1618 Sed
1333 1562 1613 1616 audiamus
1652 1559 1813 1615 verba
1868 1559 2148 1629 scriptoris

552 1656 718 1725 ip’sius
740 1695 756 1721 ,
788 1663 847 1709 ut
881 1654 1061 1709 videas
1089 1654 1142 1709 in
1183 1662 1422 1709 extrema
1460 1660 1676 1708 senecta
1715 1646 2007 1722 juvenilem
2037 1646 2150 1704 ala-

550 1748 816 1813 critatem,
857 1756 911 1801 et
946 1760 1132 1801 senem
1176 1746 1327 1816 quasi
1375 1743 1630 1815 juvenem
1671 1742 2063 1807 exsultantem,
2094 1750 2148 1797 et

556 1848 831 1907 putantem
861 1818 921 1893 se
963 1839 1231 1893 invenisse
1266 1837 1577 1893 thesaurum
1618 1836 1933 1905 quemdam,
1967 1834 2146 1904 hospi-

551 1941 663 1984 tum
682 1944 871 2000 nempe
890 1929 1198 1985 adventum.
1215 1929 1271 1983 2.
1295 1928 1515 1983 Elevatis
1534 1938 1722 1994 autem,
1748 1927 1937 1998 inquit,
1962 1928 2143 1995 oculis,

550 2022 692 2089 vidit,
714 2033 760 2075 et
776 2034 886 2076 ecce
908 2031 1008 2077 tres
1023 2020 1117 2075 viri
1132 2031 1370 2075 steterunt
1391 2036 1547 2091 supra
1572 2036 1686 2074 eum
1710 2034 1729 2073 :
1751 2030 1798 2073 et
1822 2018 1876 2073 ut
1900 2020 2042 2083 vidit,
2067 2036 2143 2073 oc-

548 2116 707 2168 currit
724 2116 776 2169 in
801 2132 1062 2169 occursum
1087 2115 1159 2169 eis
1182 2114 1245 2169 ab
1271 2114 1397 2169 ostio
1419 2110 1727 2167 tabernaculi
1750 2112 1850 2166 sui.
1864 2109 2063 2179 Currit,
2091 2121 2146 2167 et

547 2210 691 2263 Volat
716 2223 918 2264 senex:
952 2208 1083 2263 vidit
1118 2208 1261 2263 enim
1287 2206 1525 2279 prtedam
1546 2222 1704 2275 quam
1726 2200 2019 2261 venabatur
2039 2247 2055 2270 ,
2090 2214 2145 2260 et

548 2299 690 2353 nulla
749 2299 1072 2355 infirmitatis
1114 2313 1227 2354 suze
1279 2299 1491 2353 ratione
1546 2288 1759 2361 habita,
1792 2296 1858 2351 ad
1901 2300 2144 2350 venatio-

547 2406 670 2443 nem
700 2392 935 2445 cucurrit
964 2407 979 2446 :
1012 2405 1118 2445 non
1149 2390 1355 2444 vocavit
1386 2387 1633 2450 famulos.
1663 2403 1836 2457 neque
1862 2387 2143 2457 imperavit

546 2495 733 2548 puero,
766 2480 1001 2550 nihilque
1037 2481 1343 2536 rusticitatis
1386 2496 1558 2550 neque
1586 2479 1804 2534 desidia:
1831 2495 1939 2549 pra:
1968 2494 2028 2533 se
2061 2488 2142 2532 tu-

544 2574 626 2640 lit,
654 2574 747 2627 sed
768 2575 878 2643 ipse
903 2574 1169 2629 cucurrit:
1198 2573 1347 2644 quasi
1368 2572 1590 2636 diceret,
1617 2572 1834 2643 Magnus
1858 2572 2142 2627 thesaurus

544 2676 626 2719 est
647 2708 662 2729 ,
694 2682 882 2736 magna
924 2668 1247 2737 negotiatio:
1280 2682 1373 2735 per
1408 2665 1782 2733 memetipsum
1822 2662 1961 2719 hanc
1992 2679 2138 2718 mer-

544 2772 666 2811 cem
700 2757 894 2812 inferre
922 2758 1115 2825 debeo,
1146 2774 1211 2813 ne
1237 2758 1477 2813 elabatur
1504 2757 1634 2811 mihi
1668 2764 1871 2809 tantum
1902 2755 2134 2810 lucrum.

545 2848 610 2903 Et
639 2850 752 2905 hme
794 2851 1017 2907 faciebat
1046 2855 1241 2921 justus,
1267 2851 1511 2907 homines
1538 2851 1796 2907 obscuros
1826 2861 1879 2907 et
1909 2852 2139 2908 viatores

542 2944 817 3012 suscipere
846 2960 904 2999 se
928 2945 1258 2999 existimans.

613 3035 667 3089 4.
698 3034 777 3087 Ad
808 3036 1196 3105 hospitalitatem
1222 3036 1468 3089 hortatur.
1502 3034 1704 3089 Laudat
1742 3034 2135 3105 hospitalitatem

546 3125 781 3187 Abrahae,
813 3126 953 3178 illam
978 3126 1286 3179 ammlationi
1310 3136 1494 3180 nostra:
1520 3142 1827 3195 proponens.
1856 3155 1927 3165 —
1958 3126 2137 3181 Disca-

550 3231 671 3270 nnts
697 3226 750 3271 et
780 3231 897 3282 nos,
934 3231 998 3272 ac
1027 3216 1299 3271 imitemur
1335 3216 1465 3287 justi
1496 3217 1767 3271 virtutem.
1802 3216 1935 3271 Nam
1960 3217 2003 3271 si
2032 3215 2136 3272 hoc

544 3305 858 3371 fecerimus,
884 3306 1175 3362 verisimile
1200 3315 1283 3362 est
1319 3317 1373 3362 et
1410 3321 1510 3361 nos
1551 3305 1839 3378 aliquando
1869 3304 2132 3377 ejusmodi

541 3398 720 3467 przuda
765 3399 1062 3468 potitnros;
1096 3398 1203 3451 imo
1229 3412 1442 3467 semper
1479 3396 1846 3467 assequimur,
1876 3398 1922 3453 si
1960 3407 2134 3454 atten-

538 3491 733 3544 dimus.
761 3490 842 3545 Ob
869 3490 1013 3544 illam
1044 3490 1187 3545 enim
1215 3503 1432 3544 causam
1459 3488 1719 3559 benignus
1759 3488 2043 3554 Dominus,
2072 3499 2134 3544 ut

540 3598 608 3637 ne
637 3582 702 3636 ad
730 3582 888 3635 talem
917 3580 1298 3650 benignitatem
1324 3595 1515 3651 segnes
1544 3581 1731 3645 simus,
1756 3594 1929 3650 neque
1955 3582 2135 3636 curio-

536 3674 649 3729 sius
689 3688 782 3728 eos
812 3672 901 3743 qui
942 3671 1230 3727 adveniunt
1258 3682 1582 3738 scrutemur,
1614 3670 1783 3741 inquit
1811 3688 1826 3726 :
1856 3671 1957 3736 Qui
1983 3688 2127 3726 acce-

538 3765 667 3833 perit
695 3779 851 3816 unum
879 3779 941 3817 ea:
980 3763 1057 3816 his
1093 3762 1313 3815 minimis
1356 3762 1408 3814 in
1440 3762 1640 3814 nomine
1676 3776 1805 3825 meo,
1836 3777 1914 3815 me
1948 3761 2131 3831 accipit

536 3855 762 3925 (Matth.
794 3857 879 3911 18.
908 3854 985 3924 5).
1014 3854 1089 3910 Ne
1133 3855 1290 3925 igitur
1331 3853 1397 3908 ad
1441 3854 1698 3908 vilitatem
1754 3855 2126 3923 praetereuntis

535 3956 768 4017 spectes,
802 3962 971 4017 neque
996 3962 1059 4001 ex
1092 3946 1157 4000 iis
1185 3962 1301 4016 qua:
1326 3944 1473 3999 vides
1498 3944 1658 3999 vilem
1686 3958 1805 3998 esse
1831 3956 2000 4013 putes,
2031 3944 2125 3998 sed

536 4038 708 4109 cogita
764 4049 815 4092 te
878 4054 973 4107 per
1035 4038 1249 4106 ipsum,
1300 4036 1584 4091 Dominum
1636 4046 1783 4089 tuum
1830 4037 2121 4105 suscipere.

536 4128 761 4193 Quando
790 4128 933 4182 cnim
969 4138 1185 4196 promer
1213 4127 1327 4196 ejus
1366 4143 1559 4182 nomen
1590 4127 1945 4181 ministerium
1976 4136 2125 4183 tuum

537 4219 588 4271 in
620 4219 765 4272 illum
793 4218 1098 4272 exhibueris
1123 4260 1137 4283 ,
1171 4217 1473 4273 mercedem
1501 4218 1731 4287 accipies
1752 4260 1767 4283 ,
1809 4232 1872 4272 ac
1902 4219 1945 4272 si
1978 4218 2125 4273 illum

535 4309 883 4374 suscepisses.
915 4300 1065 4372 Esto,
1090 4309 1159 4362 sit
1196 4307 1353 4363 deses
1382 4318 1433 4363 et
1464 4307 1862 4379 negligentioris
1888 4309 2008 4364 vita:
2034 4309 2125 4379 qui

538 4410 624 4452 tua
658 4400 845 4454 lruitur
888 4401 1249 4470 benignitate,
1280 4417 1384 4455 non
1425 4401 1494 4455 sit
1540 4401 1630 4456 tibi
1674 4401 1789 4472 ejus
1839 4403 1915 4457 rei
1946 4418 2074 4457 cura
2109 4421 2122 4458 :

536 4492 691 4559 plena
719 4492 863 4545 enim
886 4492 977 4547 tibi
1002 4502 1057 4547 et
1084 4493 1317 4562 perlecta
1348 4507 1556 4548 merces
1580 4492 1814 4560 dabitur,
1842 4495 1893 4548 in
1915 4494 2125 4549 Domini

536 4581 796 4636 honorem
842 4582 940 4637 hoc
980 4584 1225 4649 facienti,
1256 4594 1311 4638 et
1335 4583 1560 4638 imitanti
1602 4584 1921 4653 patriarcha:
1963 4583 2128 4638 virtu-

542 4684 666 4727 teut.
704 4672 769 4726 Et
797 4685 848 4726 ut
879 4674 1018 4737 vidit,
1054 4674 1242 4743 inquit,
1285 4674 1501 4727 accurrit
1542 4675 1596 4727 in
1638 4690 1902 4728 occursum
1948 4675 2019 4729 eis
2063 4674 2126 4729 ab

535 4768 660 4819 ostio
682 4746 1178 4822 tabernaculislleue
1206 4776 1260 4821 et
1289 4766 1392 4821 hoc
1431 4766 1679 4830 verbum,
1706 4767 1966 4829 Accurrit,
1991 4782 2126 4837 qua-

535 4857 674 4923 drat,
702 4869 756 4912 ut
773 4860 948 4914 discas
964 4875 1057 4914 eos
1072 4861 1219 4929 quasi
1247 4860 1456 4929 ignotos
1478 4860 1816 4928 prmteriisse.
1836 4868 1887 4913 et
1904 4874 2011 4913 non
2031 4874 2126 4915 sua

536 4961 728 5017 sponte
757 4950 822 5003 ad
854 4950 1255 5005 tabernaculum
1281 4951 1513 5005 venisse.
1546 4949 1865 5020 Propterea,
1897 4966 1965 5004 ne
1996 4950 2123 5005 sub-

541 5042 827 5111 terfngeret
850 5058 972 5097 eum
999 5042 1275 5112 spirituale
1314 5042 1415 5096 hoc
1446 5042 1651 5096 lucrum
1671 5083 1686 5106 ,
1709 5041 1798 5111 qui
1842 5052 2089 5096 senuerat
2109 5083 2125 5107 ,

536 5132 868 5197 inemtuerat,
892 5143 948 5188 et
972 5134 1311 5188 centenarius
1330 5143 1465 5199 erat,
1494 5133 1743 5195 accurrit,
1759 5142 1814 5187 et
1839 5148 1998 5189 cursu
2018 5128 2129 5186 ala-

533 5223 777 5279 critatem
791 5225 1039 5280 declarat.
1063 5225 1126 5278 Et
1142 5227 1458 5296 conspicatus
1469 5242 1571 5290 eos,
1594 5226 1785 5296 inquit,
1800 5226 2040 5279 adorabat
2053 5242 2132 5278 su-

543 5330 633 5383 per
648 5325 854 5380 terram,
878 5317 928 5372 3.
950 5325 995 5371 et
1021 5317 1185 5371 dixit:
1210 5315 1448 5382 Domine,
1475 5316 1520 5369 si
1547 5316 1711 5369 inveni
1725 5316 1941 5387 gratiam
1960 5332 2131 5369 corant

534 5417 609 5471 te,
638 5423 700 5460 ne
719 5418 943 5462 transeas
981 5425 1176 5462 servum
1216 5419 1374 5462 tuum.
1405 5410 1457 5463 4.
1483 5407 1727 5463 Sumatur
1750 5424 1871 5462 sane
1897 5424 2051 5478 aqua,
2084 5418 2129 5460 et

536 5497 698 5550 lavent
749 5500 897 5566 pedes
926 5510 1147 5562 vestros,
1180 5510 1226 5552 et
1252 5498 1622 5570 refrigeramini
1660 5498 1750 5551 sub
1779 5498 1977 5561 arbore,
2004 5499 2058 5553 5.
2084 5506 2130 5551 et

524 5588 776 5654 accipiam
805 5608 1017 5659 panem,
1062 5602 1107 5645 et
1137 5592 1433 5656 comedetis,
1462 5599 1510 5645 et
1536 5576 1742 5660 posthac
1776 5591 2094 5662 prteterihitis
2113 5632 2128 5653 ,

530 5782 560 5831 ὁ
596 5724 861 5834 ἓαιῐῗιεοῇι.
897 5735 949 5778 et
971 5738 1176 5791 quatuor
1199 5734 1303 5777 Mss.
1330 5727 1407 5776 tua
1432 5738 1596 5778 voces.
1623 5724 1825 5787 hospitio
1844 5727 2093 5791 excepturi
2112 5767 2127 5790 ,

567 5797 593 5830 ε
714 5821 725 5833 .

567 5797 725 5833 esunt.

3749 356 3861 417 380

2259 460 2406 531 cujus
2435 461 2601 533 gratia
2627 463 2914 518 declinaslis'
2934 462 3001 519 ad
3027 470 3225 520 servant
3250 470 3487 522 uestrum.
3522 468 3699 525 Verba
3726 470 3859 542 justi

2258 552 2500 606 sublimia
2532 550 2687 608 valde
2721 564 2862 608 sunt.
2891 552 3074 626 Neque
3104 566 3308 613 tantum
3348 560 3685 627 miraculum,
3713 564 3860 632 quod

2257 656 2352 695 eos
2380 643 2697 714 susceperit,
2729 652 2983 715 quantiun
3026 647 3167 716 quod
3206 654 3327 702 eum
3367 648 3511 703 tanta
3538 652 3817 709 alacritate
3842 695 3859 721 ,

2256 740 2312 785 et
2330 732 2527 799 studio,
2556 744 2608 789 et
2639 750 2744 789 non
2768 744 2965 791 attenta
2992 742 3082 791 aut
3109 754 3224 801 sua,
3243 749 3336 794 aut
3358 756 3568 809 eorum,
3586 744 3674 813 qui
3695 742 3861 800 adve-

2257 834 2488 890 nerant,
2518 834 2675 881 aatate
2704 844 2720 880 :
2750 843 2873 882 nam
2922 828 3161 883 fortassis
3203 830 3507 888 videbantur
3558 835 3656 905 ipsi
3692 836 3856 905 juve-

2256 928 2391 980 nes;
2428 931 2601 986 neque
2638 916 2961 973 existimavit
2991 917 3242 977 sufficere
3278 922 3335 977 ut
3375 920 3554 980 verbis
3581 925 3859 982 dumtaxat

2255 1004 2633 1062 adhortaretur
2659 1050 2674 1075 ,
2706 1009 3000 1078 Adordbat,
3035 1010 3225 1081 inquit,
3267 1018 3420 1084 super
3442 1022 3627 1071 terram
3653 1033 3675 1072 :
3701 1022 3856 1088 quasi

2255 1098 2557 1166 snpplicans
2581 1140 2597 1165 ,
2627 1108 2682 1154 et
2721 1096 2992 1156 efficacem
3029 1101 3456 1160 exhortationem
3506 1106 3753 1173 all‘erens,
3799 1121 3859 1165 ut

2255 1204 2324 1244 ne
2352 1199 2628 1259 putaretur
2647 1193 3007 1263 perfunctorie
3032 1192 3326 1254 adhortari.
3348 1197 3413 1251 Et
3439 1196 3639 1254 idcirco
3666 1200 3854 1256 divina

2255 1279 2529 1351 Scriptura
2553 1294 2857 1340 monstrans
2883 1286 3036 1341 nobis
3057 1286 3186 1355 justi
3216 1288 3465 1343 virtutem
3498 1289 3849 1358 ineffabilem,

2254 1374 2455 1444 inquit,
2481 1375 2738 1429 Adorabat
2776 1393 2928 1446 super
2956 1387 3164 1441 terram,
3192 1382 3247 1432 et
3292 1379 3545 1449 gestibus,
3578 1390 3633 1436 et
3674 1383 3855 1439 verbis

2252 1480 2502 1535 magnum
2558 1465 2852 1534 fervorem,
2902 1468 3168 1537 egregiam
3226 1469 3389 1524 animi
3453 1469 3851 1538 humilitatem,

2252 1572 2515 1611 summam
2550 1548 2964 1628 lmSpitalitatem
3008 1568 3062 1615 et
3092 1561 3406 1616 immensam
3435 1561 3849 1620 sollicitudinem

2250 1640 2576 1705 declarabat.
2610 1649 2821 1706 Etcum
2854 1651 3151 1714 adorasset.
3181 1655 3375 1725 inquit,
3401 1654 3531 1709 dixit
3559 1673 3578 1712 :
3604 1659 3849 1723 Domine,

2250 1741 2295 1794 si
2321 1743 2487 1795 inveni
2516 1743 2733 1812 gratiam
2760 1760 2933 1797 coram
2963 1753 3040 1809 te,
3066 1761 3129 1798 ne
3149 1756 3417 1815 pratereas
3446 1754 3645 1802 seruum
3681 1762 3846 1805 tuum.

2253 1833 2382 1900 Quis
2409 1850 2504 1904 pro
2532 1834 2790 1906 dignitate
2836 1832 3131 1891 laudaverit
3167 1834 3371 1906 justum
3418 1836 3602 1895 hune?
3628 1841 3710 1896 vel
3740 1858 3852 1912 quo

2253 1937 2407 1999 pacto
2448 1944 2569 1984 eum
2597 1928 2717 1998 quis
2744 1928 3039 1985 innumeris
3067 1930 3228 1985 etiam
3267 1930 3419 1986 labiis
3445 1932 3739 2002 pnedicet?
3762 1933 3853 1989 Di-

2251 2034 2377 2074 cere
2406 2020 2574 2084 enim,
2596 2017 2834 2084 Domine,
2866 2034 2972 2075 non
3000 2020 3196 2075 insoliti
3231 2029 3313 2076 est
3348 2037 3473 2075 usus
3497 2039 3513 2089 ;
3543 2022 3721 2079 dicere
3744 2040 3849 2080 au-

2250 2120 2378 2173 tem,
2410 2110 2470 2166 Si
2500 2112 2665 2166 inveni
2690 2114 2906 2183 gratiam
2936 2113 2987 2166 in
3031 2114 3194 2167 oculis
3227 2114 3345 2180 tuis,
3376 2113 3478 2169 hoc
3501 2126 3582 2176 est
3609 2116 3849 2171 adrnira-

2249 2201 2375 2256 bile.
2409 2188 2752 2268 Beneficium,
2784 2204 2975 2274 inquit,
3006 2203 3125 2271 das,
3154 2220 3258 2259 non
3290 2204 3511 2277 accipis.
3540 2204 3675 2262 Vere
3700 2210 3847 2264 enim

2249 2293 2550 2364 ltttjusmodi
2596 2311 2685 2352 res
2733 2296 3068 2367 hospitalitas
3113 2306 3231 2366 est,
3282 2314 3387 2367 qua
3432 2301 3601 2369 magis
3652 2304 3851 2374 accipit

2247 2402 2405 2455 quam
2433 2387 2542 2452 dat,
2574 2386 2664 2459 qui
2710 2388 2855 2442 illam
2886 2398 3131 2459 prompte
3158 2399 3213 2445 et
3240 2390 3486 2445 alacriter
3514 2404 3746 2447 exercet.
3778 2398 3849 2449 At

2246 2493 2315 2531 ne
2341 2479 2460 2547 quis
2488 2478 2790 2534 auditorum
2829 2478 2958 2550 justi
2991 2481 3241 2536 virtutem
3272 2482 3539 2547 minuens,
3570 2485 3847 2541 existinn-t

2244 2584 2366 2623 eum
2393 2586 2617 2639 gnarum
2656 2572 2842 2641 quales
2872 2558 2947 2625 illi
2979 2573 3195 2639 fuerint,
3231 2562 3344 2629 luce
3373 2564 3647 2645 loquututn
3674 2593 3796 2632 esse
3824 2597 3837 2630 :

2246 2676 2420 2729 neque
2444 2660 2608 2726 enim,
2630 2672 2686 2715 ut
2710 2676 2853 2732 saepe
2874 2658 3034 2717 etiam
3064 2652 3262 2718 dictum
3291 2674 3391 2729 est,
3412 2682 3659 2736 magnum
3684 2670 3843 2736 quid-

2242 2749 2365 2803 dam
2390 2752 2494 2805 tale
2512 2750 2716 2818 fuisset,
2750 2753 2792 2806 si
2825 2752 3003 2807 sciens
3029 2748 3251 2809 dixisset
3278 2771 3293 2820 ;
3321 2756 3415 2809 sed
3445 2746 3761 2813 admirabile
3789 2770 3843 2815 et

2242 2844 2561 2911 stupendum
2589 2855 2693 2911 est,
2719 2860 2839 2899 eum
2861 2847 3009 2916 quasi
3033 2832 3278 2903 homines
3303 2849 3685 2919 alloquentem,
3712 2855 3839 2907 talia

2244 2934 2405 2988 verba
2438 2934 2601 3004 loqui.
2626 2928 2701 2989 Ne
2722 2934 3003 2992 admireris
3028 2948 3224 3001 autem,
3244 2941 3383 3009 quod
3408 2955 3530 2995 eum
3556 2951 3664 2997 tres
3683 2959 3843 2999 esce-

2244 3027 2400 3095 perit,
2421 3025 2488 3080 ad
2519 3042 2678 3081 unum
2706 3042 2765 3083 se
2792 3031 3114 3083 converterit
3136 3030 3333 3097 justus,
3363 3030 3570 3101 dicens,
3599 3020 3838 3091 Domine.

2240 3116 2507 3174 Fortassis
2534 3120 2675 3175 enim
2719 3136 2854 3177 unus
2895 3121 3150 3177 illustrior
3178 3124 3387 3179 caeteris
3412 3128 3700 3196 apparebat
3723 3170 3737 3192 ,
3766 3129 3835 3184 ad

2238 3223 2395 3279 quem
2440 3211 2866 3267 exhortationem
2918 3229 3067 3267 suam
3115 3218 3398 3271 convertit.
3420 3216 3622 3274 Deinde
3654 3229 3835 3277 autem

2239 3314 2361 3354 eum
2387 3300 2742 3371 progreditur,
2768 3318 3105 3359 communem
3137 3305 3262 3360 facit
3286 3322 3587 3365 sermonem
3613 3351 3628 3369 ,
3661 3321 3714 3365 et
3738 3312 3827 3367 in-

2237 3390 2350 3459 quit
2373 3408 2387 3443 :
2412 3389 2657 3447 Sumatur
2676 3410 2827 3463 aqua,
2854 3405 2900 3448 et
2922 3388 3088 3448 lavent
3116 3396 3265 3466 pedes
3292 3408 3476 3454 vestros
3494 3415 3513 3452 :
3535 3409 3589 3455 et
3619 3402 3832 3469 iterum,

2238 3480 2629 3555 liefrigeramini
2652 3488 2743 3540 sub
2768 3486 2966 3553 arbore,
2987 3498 3034 3542 et
3060 3489 3328 3544 comedetis
3356 3509 3555 3562 panem,
3579 3504 3629 3547 et
3656 3505 3830 3564 postea

2236 3576 2533 3643 transibitis,
2569 3578 2713 3647 cujus
2740 3579 2906 3649 gratia
2932 3578 3221 3634 declinastis
3246 3580 3314 3634 ad
3340 3599 3549 3651 puerum
3588 3597 3827 3640 vestrum.

2238 3664 2399 3721 Vides
2441 3668 2709 3738 quomodo
2750 3669 3000 3739 ignorans
3035 3672 3126 3742 qtti
3166 3673 3308 3740 sint,
3337 3676 3485 3739 quasi
3528 3675 3833 3734 hominibus

2236 3757 2458 3828 loquens
2487 3760 2903 3826 transeuntibus,
2937 3761 3005 3815 ita
3036 3763 3302 3818 communi
3331 3763 3705 3822 exhortatione
3726 3771 3829 3823 uti-

2235 3859 2340 3913 tur,
2385 3851 2549 3904 semel
2595 3860 2753 3921 atque
2788 3854 2977 3908 iterum
3021 3870 3230 3909 servmn
3260 3872 3319 3911 se
3346 3860 3585 3913 vocans?
3610 3862 3675 3915 Et
3707 3861 3830 3917 vide

2232 3940 2501 4009 quomodo
2553 3941 2792 4010 praedicit
2838 3952 2892 3997 et
2934 3959 3134 4000 mensa:
3175 3962 3285 4000 sua:
3333 3948 3644 4004 tenuitatem
3677 3992 3694 4015 ,
3721 3952 3830 4005 imo

2231 4028 2482 4086 lautitias.
2526 4032 2801 4100 Sumatur,
2836 4036 3037 4107 inquit,
3080 4054 3240 4107 aqua,
3274 4048 3318 4093 et
3347 4040 3513 4095 lavent
3556 4045 3706 4113 pedes
3748 4061 3831 4099 ve-

2230 4135 2361 4179 stros
2384 4167 2399 4191 ,
2444 4136 2488 4179 et
2532 4128 2899 4199 refrigeramini
2939 4133 3031 4185 sub
3069 4132 3265 4187 arbore.
3294 4134 3429 4203 Quia
3458 4137 3600 4191 enim
3627 4137 3827 4209 fatigati

2231 4218 2381 4282 estis,
2406 4229 2459 4273 et
2483 4220 2705 4275 multum
2738 4222 2929 4277 tulistis
2949 4234 3159 4289 aestum,
3185 4226 3306 4281 ideo
3332 4244 3428 4282 oro
3444 4244 3511 4284 ne
3537 4240 3826 4298 pra-terca-

2236 4310 2302 4364 tis
2332 4327 2545 4365 servum
2577 4324 2833 4369 vestrum.
2863 4315 2997 4370 Num
3027 4318 3169 4373 enim
3196 4335 3440 4391 magnum
3468 4322 3720 4391 quiddam
3744 4336 3829 4379 est

2232 4400 2283 4456 id
2311 4401 2451 4472 quod
2486 4417 2587 4473 ego
2624 4402 2899 4461 exhibeo?
2936 4410 3140 4478 Aquam
3177 4411 3325 4466 vobis
3356 4412 3526 4467 solum
3569 4426 3828 4483 prazstare

2231 4508 2471 4564 possum,
2504 4510 2606 4565 qua
2646 4496 2768 4551 lotis
2806 4497 3030 4567 pedibus
3056 4502 3253 4556 vestris
3280 4501 3378 4557 sub
3402 4502 3596 4558 arbore
3637 4505 3827 4576 fatiga-

2232 4583 2431 4639 tionem
2464 4586 2763 4655 deponatis.
2796 4586 3018 4658 Insuper
3060 4588 3115 4645 et
3154 4606 3352 4647 mensae
3393 4592 3524 4648 dicit
3566 4596 3822 4664 speciem.

2230 4664 2307 4729 Ne
2335 4676 2559 4744 putetis,
2590 4677 2796 4749 inquit,
2819 4694 2907 4735 me
2932 4680 3211 4751 splendida
3240 4683 3390 4738 vobis
3418 4687 3786 4754 appositurum
3808 4729 3822 4751 ,

2231 4767 2315 4822 vel
2335 4767 2797 4824 condimentorum
2821 4770 3205 4837 diversitatem,
3233 4774 3318 4828 vel
3347 4776 3693 4844 opsoniorum
3731 4793 3825 4829 va-

2232 4858 2472 4913 rietatem
2507 4878 2519 4912 :
2553 4874 2742 4929 panem
2779 4864 3089 4929 comedetis,
3118 4875 3173 4919 et
3211 4866 3290 4921 sic
3316 4864 3650 4934 Transibitis,
3678 4870 3825 4938 cujus

2232 4953 2398 5023 gratia
2418 4946 2706 5008 declinastis
2727 4954 2794 5008 ad
2821 4972 3021 5009 seruum
3050 4966 3284 5011 vestrum.

2306 5044 2359 5099 5.
2404 5044 2591 5099 Vidisti
2619 5047 2888 5116 quomodo
2933 5048 3093 5102 variis
3134 5049 3304 5103 utitur
3346 5049 3542 5115 modis,
3575 5049 3820 5121 precibus

2235 5137 2448 5193 vincere
2475 5148 2875 5208 prietereuntes,
2903 5148 2957 5194 et
2981 5140 3239 5210 gestibus,
3264 5150 3319 5195 et
3342 5142 3538 5205 verbis,
3564 5152 3617 5197 et
3637 5143 3825 5212 quavis

2235 5230 2443 5284 ratione
2476 5228 2743 5285 attrahere
2776 5244 2870 5285 eos
2899 5230 3119 5285 volens?
3145 5230 3378 5286 Primum
3424 5234 3589 5299 enim,
3630 5233 3822 5303 inquit,

2235 5306 2494 5387 adoravit,
2523 5321 2717 5377 deinde
2737 5321 2986 5377 dominos
3012 5334 3187 5388 vocat,
3209 5334 3262 5379 et
3281 5340 3339 5379 se
3369 5325 3541 5395 ipsum
3571 5341 3823 5389 servum;

2237 5421 2418 5481 postea
2449 5413 2575 5465 dicit
2599 5428 2717 5482 qure
2760 5412 2864 5467 illis
2890 5413 3223 5468 exhibiturus
3261 5414 3350 5480 sit,
3398 5428 3694 5471 extenuans
3732 5433 3822 5471 res

2235 5512 2291 5557 et
2318 5502 2467 5557 nihili
2487 5518 2607 5558 esse
2628 5502 2950 5572 significans.
2975 5504 3062 5558 Ait
3082 5504 3247 5570 enim,
3270 5506 3478 5575 Aquam
3499 5508 3637 5562 hanc
3660 5509 3822 5561 ωηιιί-

2238 5595 2335 5649 bus
2360 5594 2658 5662 expositam
2696 5594 2866 5649 habeo
2892 5594 2958 5649 ad
3002 5594 3255 5650 lavandos
3295 5596 3478 5667 pedes,
3512 5607 3567 5653 et
3606 5613 3818 5667 panem,

2238 5697 2291 5742 et
2313 5697 2509 5740 tectum
2537 5687 2604 5739 ab
2632 5687 2842 5741 arbore.
2870 5686 2947 5743 Ne
2974 5688 3353 5758 parvifeeeritis
3374 5706 3553 5745 meum
3586 5690 3819 5746 taberna-

2240 5781 2439 5845 culum,
2489 5794 2555 5834 ne
2584 5778 2935 5850 despexeritis
2977 5789 3329 5847 senectutem,
3370 5797 3438 5837 ne
3478 5783 3711 5838 renuatis
3750 5782 3818 5837 ad
