4092 6408
261 451 360 504 ἐπὶ
394 449 472 515 τῷ
523 451 766 518 ὀνόματί
788 468 926 518 μου,
964 447 1066 517 ἐμὲ
1109 447 1360 515 δέχεται.
1401 445 1732 515 Ἀκούωμεν,
1781 444 1922 508 ἀγα-

261 539 446 609 πητοὶ,
500 537 592 590 καὶ
631 537 854 601 ξενίζειν
905 536 1186 606 μέλλοντες
1228 535 1494 606 μηδέποτε
1553 529 1925 604 περιεργαζώ-

264 629 402 699 μεθα
429 641 478 690 ι,
509 627 610 690 τίς,
656 627 748 679 καὶ
792 626 974 679 πόθεν.
1009 625 1071 678 EI
1101 625 1210 696 γὰρ
1241 622 1401 677 τοῦτο
1429 623 1854 695 περιειργάσατο
1895 622 1922 674 6

261 715 626 788 πατριάρχης,
668 715 800 775 ῐσως
822 714 889 767 ἂν
919 714 1232 784 διήμαρτεν.
1271 713 1406 765 Ἀλλ’
1435 712 1596 780 ἔγνω,
1632 711 1786 782 φησὶ,
1818 710 1925 762 τῶν

260 803 717 874 παραγενομένων
769 801 867 873 τὴν
916 801 1090 867 ἀξίαν.
1140 800 1310 854 Πόθεν
1357 800 1546 870 δῆλον;
1582 798 1705 861 Πῶς
1753 798 1811 851 δέ
1858 797 1925 850 ἂν

261 891 418 944 τοῦτο
461 890 630 943 ποιῶν
673 889 1026 959 ἐθαυμάσθης
1061 889 1134 940 Οὑ
1178 887 1286 958 γὰρ
1316 885 1457 940 οὕτω
1500 886 1811 956 θαυμαστὸν
1857 880 1925 954 ἦν

260 980 322 1033 τὸ
354 981 453 1048 τῆς
488 977 791 1048 φιλοξενίας
835 976 997 1030 αὑτοῦ
1027 975 1555 1047 περιεργασαμένου,
1584 973 1659 1037 ὼς
1696 975 1809 1038 νῦν,
1835 973 1925 1026 ὅτε

261 1068 469 1136 ἀγνοῶν
499 1067 642 1128 τίνες
670 1066 718 1118 οί
758 1064 1206 1133 παραγενόμενοι,
1245 1063 1382 1132 μετὰ
1413 1061 1681 1130 τοσαύτης
1727 1061 1925 1133 προθυ-

265 1156 394 1224 μίας
443 1155 538 1206 καὶ
564 1153 728 1223 τιμῆς
768 1153 1033 1223 πρόσεισι,
1064 1150 1315 1222 καθάπερ
1346 1149 1560 1220 οίκέτης
1610 1149 1921 1212 δεσπόταις,

265 1241 543 1310 μονονουχὶ
581 1239 754 1310 δεσμὰ
787 1239 874 1292 διά
927 1239 1032 1290 τῶν
1086 1237 1257 1306 λόγων
1307 1237 1488 1299 αὑτοῖς
1550 1235 1916 1307 περιϐάλλων,

263 1330 357 1382 καὶ
394 1327 600 1383 ἱκεσίαν
632 1327 767 1398 πρὸς
801 1325 994 1388 αὑτοὺς
1028 1324 1365 1394 ποιούμενος,
1411 1323 1550 1376 ὥστε
1594 1323 1667 1393 μὴ
1698 1322 1924 1376 ἀνανεῦ-

263 1434 385 1482 σαι,
431 1416 563 1486 μηδὲ
618 1414 789 1486 ζημίᾳ
836 1416 902 1484 τῇ
943 1413 1178 1486 μεγίστῃ
1229 1412 1564 1483 περιϐαλεῖν.
1601 1412 1757 1483 ’ῌδει
1815 1411 1923 1480 γὰρ

261 1504 448 1576 ὥσπερ
494 1504 755 1576 ἐπραττεο
803 1502 892 1555 διὰ
934 1501 1090 1554 τοῦτο
1131 1501 1224 1554 καὶ
1267 1501 1408 1570 μετὰ
1465 1500 1664 1576 πολλῆς
1728 1498 1927 1570 θερμό-

257 1609 418 1662 τητος
455 1575 833 1661 τὴνίέντεῦθεν
873 1587 1178 1659 ἐκαρποῦτο
1219 1575 1555 1658 περιουσίανζ
1602 1586 1740 1640 Ἀλλ’
1771 1585 1928 1639 ἁκού-

261 1695 443 1749 σωμεν
471 1677 633 1732 αὑτοῦ
661 1676 755 1730 τοῦ
798 1675 1156 1745 συγγραφέως
1183 1674 1292 1728 τῶν
1337 1674 1616 1747 ῥημάτων,
1663 1671 1812 1743 [416]
1859 1672 1925 1724 ἵν’

261 1767 407 1835 εἰδῇς
430 1766 457 1805 ι)
478 1766 535 1816 ἐν
564 1763 844 1832 βαθυτάτῳ
874 1763 1022 1832 γήρᾳ
1040 1762 1334 1824 νεάζουσαν
1359 1759 1688 1832 προθυμίαν,
1713 1759 1807 1811 καὶ
1833 1757 1928 1811 τὸν

257 1855 488 1924 γέροντα
536 1852 811 1916 νεάζοντα,
841 1850 937 1902 καὶ
981 1849 1261 1920 μονονουχὶ
1311 1849 1582 1918 περιχαρῆ
1617 1845 1923 1915 γινόμενον,

260 1943 353 1994 καὶ
385 1939 672 2010 νομίζοντα
700 1938 970 2009 θησαυρὸν
1003 1937 1298 2009 εὑρηκέναι
1327 1936 1437 1989 τῶν
1467 1933 1927 2006 παραγενομένων

258 2030 358 2098 τὴν
397 2027 717 2097 παρουσίαν,
754 2025 1118 2094 Ἀναϐλέψας
1141 2025 1228 2086 δὲ,
1261 2025 1414 2096 φησὶ,
1445 2023 1570 2089 τοῖς
1598 2021 1928 2091 ὀφθαλμοῖς

261 2113 402 2179 εἶδε,
439 2115 536 2168 καὶ
571 2113 699 2167 ἰδοὺ
737 2113 891 2182 τρεῖς
923 2112 1139 2181 ἄνδρες
1177 2112 1562 2178 εἱστήκεισαν
1587 2108 1787 2162 ἐπάνω
1824 2110 1928 2164 αὐ-

260 2205 386 2266 τοῦ,
419 2202 518 2256 καὶ
562 2201 702 2255 ἰδὼν
742 2199 1154 2269 προσέδραμεν
1186 2201 1272 2265 εὶς
1313 2197 1695 2265 συνάντησιν
1726 2195 1930 2260 αὐτοῖς

259 2291 379 2346 ἀπὸ
414 2291 525 2359 τῆς
559 2291 742 2359 θύρας
771 2289 881 2356 τῆς
909 2288 1148 2356 σκηνῆς
1176 2286 1383 2341 αὐτοῦ.
1414 2286 1608 2358 Τρέχει
1649 2285 1743 2338 καὶ
1773 2285 1929 2338 ἵπτα-

260 2398 349 2434 ται
376 2382 405 2433 6
431 2379 609 2450 γέρων
627 2395 640 2408 °
676 2374 782 2430 εἶδε
816 2377 926 2448 γάρ
952 2377 1048 2446 τὴν
1079 2376 1272 2448 θήραν,
1307 2375 1403 2428 καὶ
1426 2374 1615 2428 οὐδένα
1641 2373 1740 2443 τῆς
1771 2371 1929 2426 ἀσθε-

263 2467 408 2532 νείας
443 2466 599 2534 λόγον
643 2465 1027 2535 ποιησάμενος,
1074 2466 1165 2517 ἐπὶ
1195 2463 1292 2534 τὴν
1340 2463 1516 2534 ἄγραν
1563 2463 1787 2530 ἔδραμε,
1833 2461 1930 2513 καὶ

261 2557 361 2610 οὑκ
387 2557 642 2611 ἐκάλεσεν
679 2553 910 2618 οίκέτας,
953 2554 1054 2605 οὑκ
1095 2552 1325 2617 ἐπέταξε
1359 2550 1531 2614 παιδὶ,
1565 2549 1718 2602 οὐδὲν
1763 2547 1928 2619 ῥᾴθυ-

265 2661 363 2713 μον
395 2643 723 2710 ἐπεδείξατο,
754 2642 889 2694 ἀλλὰ
917 2642 983 2695 δι’
1021 2639 1215 2693 ἑαυτοῦ
1245 2639 1470 2709 έδραμε,
1516 2636 1800 2708 μονονουχὶ
1842 2635 1928 2688 λέ-

262 2749 401 2799 γων’
439 2732 611 2801 μέγας
647 2730 936 2800 θησαυρὸς,
972 2728 1182 2799 μεγάλη
1217 2725 1597 2798 πραγματεία·
1637 2723 1704 2776 δι’
1734 2722 1927 2776 ἐαυτοῦ

261 2819 464 2890 ταύτην
504 2817 700 2886 ὀφείλω
755 2815 1216 2888 ἐμπορεύσασθαι,
1268 2815 1342 2885 μὴ
1383 2811 1716 2885 παραδράμῃ
1767 2828 1833 2881 με
1865 2811 1926 2864 τὸ

261 2909 482 2962 τοσοῦτο
523 2907 730 2978 κέρδος.
763 2906 870 2959 Καὶ
898 2905 1068 2958 ταῦτα
1097 2904 1266 2957 ἐποίει
1297 2904 1325 2956 6
1351 2902 1578 2966 δίκαιος,
1606 2899 1928 2972 ἀνθρώπους

259 2997 514 3065 ἀγνῶτας
541 2995 719 3057 δδίτας
753 2993 987 3062 νομίζων
1013 2989 1388 3061 ὑποδέχεσθαι.

329 3083 390 3136 δ’.
414 3082 711 3150 Μάθωμεν,
742 3081 836 3134 καὶ
866 3079 1195 3151 ζηλώσωμεν
1229 3077 1322 3132 τοῦ
1350 3077 1559 3132 δικαίου
1579 3075 1677 3147 τὴν
1699 3075 1923 3147 ἀρετήν.

274 3170 399 3223 Ἐὰν
426 3170 534 3240 γὰρ
563 3167 705 3221 οὑτω
742 3167 1006 3238 ποιῶμεν,
1039 3167 1185 3230 εἰκὸς
1227 3167 1322 3220 καὶ
1367 3166 1512 3236 ἡμᾶς
1559 3181 1690 3218 ποτε
1737 3165 1925 3216 ἐπιτυ-

263 3262 378 3329 χεῖν
403 3257 660 3326 τοιαύτης
689 3257 861 3327 θήρας
880 3273 894 3285 ·
931 3254 1128 3326 μᾶλλον
1154 3254 1211 3308 δὲ
1237 3254 1330 3308 καὶ
1355 3254 1442 3308 ἀεὶ
1473 3251 1926 3322 ἐπιτυγχάνομεν,

263 3347 314 3399 εί
353 3343 690 3416 βουλοίμεθα.
714 3344 812 3398 Διὰ
855 3343 964 3414 γὰρ
992 3339 1149 3396 τοῦτο
1170 3341 1199 3394 6
1226 3340 1604 3411 φιλάνθρωπος
1630 3340 1926 3408 Δεσπότης,

261 3439 350 3490 ἵνα
388 3430 463 3502 μὴ
487 3430 730 3500 ὀκνῶμεν
755 3430 891 3500 πρὸς
923 3429 1022 3500 τὴν
1051 3427 1308 3498 τοιαύτην
1339 3427 1760 3498 φιλοφροσύνην,
1791 3429 1926 3499 μηδὲ

263 3509 762 3589 περίεργαζώμεθα
809 3518 934 3580 τοὺς
984 3516 1308 3587 παριόντας,
1356 3516 1551 3585 φησίν·
1600 3517 1698 3582 Ὃς
1729 3515 1807 3569 ἂν
1837 3514 1931 3568 δέ-

264 3605 436 3672 ξηται
476 3605 585 3658 ἕνα
621 3604 739 3658 τῶν
779 3603 1120 3672 ἐλαχίστων
1158 3604 1382 3657 τούτων
1412 3603 1482 3655 έν
1513 3602 1593 3667 τῷ
1635 3600 1754 3672 ἐμῷ
1799 3603 1932 3655 ὀνό-

261 3709 418 3759 ματι,
459 3692 560 3761 ἐμὲ
593 3691 846 3761 δέχεται.
878 3691 970 3760 Μὴ
1007 3691 1186 3743 τοίνυν
1229 3692 1365 3762 πρὸς
1409 3690 1507 3760 τὴν
1535 3689 1808 3744 εὐτέλειαν
1835 3691 1928 3742 τοῦ

267 3779 550 3851 παριόντος
580 3780 703 3848 δρα,
744 3777 878 3850 μηδὲ
910 3778 1247 3848 ἐξευτελίσῃς
1281 3777 1443 3831 αὑτὸν
1472 3779 1536 3830 ἐκ
1573 3777 1683 3829 τῶν
1725 3777 1930 3846 ὁρωμέ-

265 3883 388 3930 νων,
417 3865 528 3919 άλλ’
561 3867 808 3936 ἐννόησον
837 3867 919 3919 ὅτι
950 3866 1040 3917 τὸν
1059 3865 1332 3934 Δεσπότην
1356 3864 1590 3935 ὑποδέχῃ
1609 3865 1698 3917 τὸν
1727 3865 1818 3916 σὸν
1841 3865 1929 3915 διὰ

265 3952 474 4007 τούτου.
503 3953 668 4006 Ὅταν
705 3953 812 4024 γὰρ
841 3952 928 4005 διὰ
965 3952 1026 4004 τὸ
1071 3950 1234 4004 αὑτοῦ
1267 3951 1440 4021 ὄνομα
1469 3951 1567 4021 τὴν
1600 3952 1681 4015 είς
1725 3953 1930 4003 ἐκεῖνον

266 4041 559 4111 θεραπείαν
589 4042 858 4114 ἐπιδείξῃ·
882 4041 1080 4093 ὡσανεὶ
1107 4041 1312 4093 ἐκεῖνον
1340 4038 1760 4109 ὑποδεξάμενος,
1788 4039 1929 4091 οὕτω

265 4129 410 4200 λήψῃ
458 4128 550 4181 τὸν
605 4129 812 4198 μισθόν.
859 4127 972 4181 Κᾶν
1004 4126 1244 4199 ῥᾴθυμος
1290 4126 1468 4180 τοίνυν
1588 4125 1682 4179 καὶ
1724 4126 1930 4197 ἠμελη-

268 4217 426 4286 μένος
454 4217 482 4270 ό
509 4217 608 4284 τῆς
652 4215 802 4287 παρὰ
831 4216 924 4269 σοῦ
959 4214 1354 4286 φιλοφροσύνης
1398 4213 1707 4278 ἀπολαύων,
1743 4213 1929 4284 μηδείς

269 4320 347 4356 σοι
376 4303 532 4371 λόγος
563 4302 750 4355 τούτου
792 4302 962 4355 ἔστω·
1001 4301 1403 4372 ἀπηρτισμένος
1435 4301 1543 4371 γάρ
1573 4317 1656 4352 σοι
1683 4301 1710 4353 6
1741 4299 1929 4369 μισθὸς

265 4390 544 4460 δοθήσεται
569 4391 656 4444 διὰ
677 4390 775 4461 τὴν
795 4392 874 4453 είς
899 4389 991 4443 τὸν
1002 4389 1276 4458 Δεσπότην
1298 4388 1461 4458 τιμὴν
1483 4387 1640 4441 τοῦτο
1667 4386 1927 4449 ποιοῦντι,

265 4475 360 4528 καὶ
395 4476 644 4547 ζηλοῦντι
681 4477 775 4532 τοῦ
798 4477 1154 4548 ’πατριάρχου
1198 4475 1384 4529 τούτου
1425 4475 1526 4546 τὴν
1563 4475 1782 4546 ἀρετήν.
1818 4474 1930 4528 Καὶ

267 4561 428 4627 ίδὼν,
451 4565 603 4632 φησὶ,
633 4564 1044 4634 προσέδραμεν
1069 4566 1154 4630 εὶς
1181 4562 1560 4630 συνάντησιν
1585 4562 1787 4627 αὐτοῖς
1809 4562 1928 4615 ἀπὸ

263 4647 376 4715 τῆς
416 4649 600 4716 θύρας
641 4649 749 4717 τῆς
787 4649 1050 4720 σκηνῆς.
1082 4650 1278 4714 Καλῶς
1317 4651 1410 4703 καὶ
1446 4651 1505 4703 τὸ
1537 4649 1927 4720 Προσέδραμε

265 4736 614 4804 πρόσκειται,
650 4737 738 4789 ἵνα
783 4738 958 4810 μάθῃς
996 4739 1078 4791 ὅτι
1108 4738 1184 4802 ὡς
1215 4738 1458 4807 ἀγνῶτες
1494 4737 1800 4809 παρῄεσαν,
1833 4739 1928 4790 καὶ

263 4822 364 4874 οὑκ
391 4821 458 4876 ἂν
480 4822 774 4893 αὐτόματοι
800 4821 962 4895 ἦλθον
990 4825 1085 4880 ἐπὶ
1117 4825 1214 4898 τὴν
1244 4828 1468 4897 σκηνήν.
1507 4824 1607 4878 Διὰ
1631 4824 1811 4889 τοῦτο,
1841 4825 1930 4878 ἵνα

267 4910 342 4980 μὴ
379 4910 618 4983 διαφύγῃ
649 4912 811 4966 αὑτὴν
845 4917 906 4966 τὸ
935 4913 1302 4986 πνευματικὸν
1342 4914 1500 4968 τοῦτο
1533 4913 1744 4985 κέρδος,
1774 4916 1803 4967 6
1835 4931 1927 4982 γε·

263 4998 518 5068 γηρακὼς
539 5039 553 5062 ,
595 5002 622 5052 ὁ
669 5000 1110 5071 πεπολιωμένος,
1149 5003 1178 5055 6
1223 5002 1615 5072 ἐκατονταέτης
1659 5001 1926 5071 προστρέ-

261 5101 375 5153 χει,
407 5087 499 5138 καὶ
530 5086 615 5139 διὰ
648 5087 740 5140 τοῦ
789 5087 986 5159 δρόμου
1031 5090 1127 5161 τὴν
1173 5090 1481 5161 προθυμίαν
1527 5090 1918 5142 ἐπιδείκνυται.

265 5173 376 5227 Καὶ
423 5175 794 5246 θεασάμενος
834 5180 1292 5248 προσεκύνησεν
1332 5180 1430 5233 ἐπὶ
1472 5179 1587 5246 τὴν
1633 5177 1784 5247 γῆν,
1827 5179 1927 5233 καί

263 5257 393 5314 εἶπε
419 5279 431 5292 ο
472 5265 648 5332 Κύριε
673 5305 688 5329 ,
717 5267 768 5318 εὶ
798 5265 913 5333 ἄρα
954 5261 1133 5334 εὖρον
1166 5266 1341 5336 χάριν
1367 5267 1644 5321 ἐναντίον
1674 5280 1810 5330 σου,
1840 5265 1926 5335 μὴ

267 5349 566 5417 παρέλθῃς
598 5351 704 5404 τόν
743 5352 925 5406 παῖδά
970 5369 1108 5406 σου.
1142 5353 1433 5423 Ληφθήτω
1477 5353 1554 5421 δὴ
1589 5353 1743 5422 ὕδωρ
1764 5395 1778 5417 ,
1826 5355 1922 5406 καὶ

262 5437 616 5504 νιψίίτωσαν
645 5441 786 5506 τοὺς
815 5441 1004 5508 πόδας
1031 5440 1218 5514 ὑμῶν,
1254 5441 1352 5494 καὶ
1387 5441 1770 5510 καταψύξατε
1807 5441 1924 5494 ὑπὸ

262 5523 328 5576 τό
358 5523 635 5592 δένδρον,
680 5528 780 5581 καὶ
815 5530 1085 5599 λήψομαι
1123 5529 1322 5598 ἄρτον,
1359 5529 1458 5582 καὶ
1499 5529 1789 5598 φάγεσθε,
1830 5529 1926 5582 καὶ

261 5611 407 5679 μετὰ
449 5613 625 5666 τοῦτο
669 5620 1151 5684 παρελεύσεσθε,
1194 5613 1265 5673 οὗ
1309 5619 1537 5671 εἵνεκεν
1579 5617 1926 5682 ἐξεκλίνατε

269 5703 415 5771 πρὸς
449 5703 556 5756 τὸν
586 5706 769 5759 παῖδα
797 5706 988 5777 ὑμῶν.
1021 5708 1198 5779 Πολλὴ
1225 5708 1334 5761 τῶν
1376 5707 1468 5760 τοῦ
1515 5707 1720 5760 δικαίου
1751 5705 1926 5776 ῥημά·

325 5826 344 5846 ⁸
381 5818 530 5874 δενῇ.
578 5833 631 5876 et
673 5835 883 5888 quatuor
925 5845 1037 5878 mss.
1072 5831 1338 5892 ἀκούωμεν,
1373 5831 1624 5891 ἀγαπητοὶ,
1657 5831 1738 5877 καὶ
1785 5829 1929 5890 μηδέ-

265 5892 830 6009 ἓῖξᾷεξτεριεργαξὼμεθα
853 5927 866 5951 ,
901 5895 1096 5941 omissis
1134 5895 1454 5954 interpositis,
1541 5893 1570 5932 b
1615 5892 1811 5943 Coislin.
1852 5892 1929 5938 ἵνα

507 6059 780 6120 Ριτιιοι.
815 6059 932 6120 Gn.
980 6057 1140 6120 LIII.

1356 331 1418 384 IN
1459 330 1610 386 CAP.
1649 326 1811 384 XVIII
1848 322 2092 380 GENES.
2131 323 2364 383 HOMIL.
2408 329 2542 386 XLI.
3230 346 3261 386 α

3573 335 3677 391 380

2029 459 2136 494 των
2163 446 2196 514 ἡ
2230 445 2526 517 ὑπερϐολή.
2560 449 2635 502 Οὑ
2668 448 2793 520 γὰρ,
2844 449 2925 502 ὃτι
2961 449 3273 513 ὑπεδέξατο,
3324 447 3512 520 θαῦμα
3549 468 3680 505 τοσο

2025 531 2181 587 οῦτον
2203 534 2302 604 τῆς
2331 535 2669 607 προθυμίας,
2693 537 2808 590 ἀλλ’
2842 539 2924 590 ὅτι
2965 539 3102 607 μετὰ
3131 537 3398 610 τοσαύτης
3428 538 3688 609 σπουδῆς,

2026 623 2120 674 καὶ
2158 621 2282 676 οὔτε
2326 624 2464 695 πρὸς
2507 623 2606 696 τὴν
2655 625 2848 680 ἐαυτοῦ
2884 626 3097 696 ἡλικίαν
3121 625 3360 691 ἀπιδὼν,
3395 625 3518 680 οὔτε
3559 628 3692 698 πρὸς

2024 711 2153 774 τοὺς
2181 711 2475 782 παριόντας
2505 713 2670 782 (ἴσως
2693 713 2802 785 γὰρ
2827 714 2935 768 νέοι
2960 714 3107 777 τινές
3144 713 3296 785 αύτῷ
3343 715 3698 784 κατεφαίνον-

2025 798 2132 868 το),
2163 800 2284 852 οὑδὲ
2311 800 2535 870 νομίσας
2568 802 2758 872 ἀρκεῖν
2785 801 2882 872 τὴν
2911 801 2997 856 διὰ
3032 803 3141 854 τῶν
3170 801 3344 870 λόγων
3373 801 3533 872 μόνον
3563 819 3698 874 προ.

2024 885 2252 956 τροπὴν,
2289 890 2736 957 Προσεκύνησε,
2763 890 2954 960 φησὶν,
2983 889 3083 944 ἐπὶ
3110 889 3227 957 τὴν
3249 888 3384 959 γῆν,
3413 890 3697 960 μονονουχὶ

2027 973 2424 1041 καθικετεύων,
2459 977 2554 1032 καὶ
2588 977 2824 1047 σφοδρὰν
2857 977 2956 1048 τὴν
2997 976 3341 1048 παράκλησιν
3379 977 3693 1046 προσάγων,

2027 1060 2116 1114 ἴνα
2142 1059 2294 1133 [417]
2320 1062 2395 1133 μὴ
2429 1065 2656 1134 νομισθῇ
2684 1063 2868 1128 ἁπλῶς
2900 1061 3193 1132 ἀφοσιώσει
3219 1073 3239 1102 ο
3270 1061 3695 1133 προτρέπεσθαι.

2025 1142 2124 1197 Διά
2154 1142 2217 1214 δὴ
2254 1144 2412 1198 τοῦτο
2463 1147 2558 1199 καὶ
2589 1148 2623 1216 ἡ
2653 1146 2774 1200 θεία
2804 1145 2995 1216 Γραφὴ
3027 1145 3344 1200 δεικνύουσα
3371 1144 3466 1198 τοῦ
3489 1144 3698 1198 δικαίου

2025 1227 2123 1298 τὴν
2157 1226 2357 1298 πολλὴν
2411 1231 2505 1283 καὶ
2537 1230 2739 1296 ἄφατον
2773 1229 2992 1300 ἀρετὴν,
3037 1230 3200 1300 φησί·
3232 1228 3700 1297 Προσεκύνησεν

2025 1310 2123 1363 ἐπὶ
2154 1311 2267 1378 τὴν
2303 1310 2440 1380 γῆν,
2466 1311 2562 1366 καὶ
2585 1311 2674 1364 διά
2700 1311 2792 1366 τοῦ
2820 1314 3117 1384 σχήματος,
3147 1312 3240 1370 καὶ
3266 1312 3353 1366 διὰ
3379 1311 3489 1363 τῶν
3515 1311 3698 1381 ῥημά-

2025 1411 2132 1446 των
2169 1393 2370 1464 πολλὴν
2399 1393 2498 1464 τὴν
2543 1393 2855 1464 θερμότητα
2883 1395 3346 1465 ἐπιδεικνύμενος,
3370 1392 3570 1463 πολλὴν
3601 1393 3701 1461 τὴν

2025 1476 2544 1548 ταπεινοφροσύνην,
2576 1477 2840 1548 μεγίστην
2875 1478 2976 1549 τὴν
3009 1477 3308 1548 φιλοξενίαν
3328 1517 3342 1539 ,
3374 1477 3578 1544 ἄφατον
3601 1473 3700 1543 τὴν

2028 1560 2377 1630 κηδεμονίαν.
2431 1561 2540 1614 Καὶ
2575 1561 3049 1629 προσκυνήσας,
3085 1561 3271 1633 φησὶν,
3306 1555 3465 1614 εἷπε·
3503 1558 3699 1624 Κύριε,

2026 1645 2078 1695 εὶ
2101 1642 2214 1709 ἄρα
2241 1639 2424 1710 εὗρον
2459 1643 2636 1712 χάριν
2661 1644 2937 1698 ἐναντίον
2971 1661 3107 1713 σου,
3133 1645 3220 1713 μὴ
3251 1642 3560 1711 παρέλθῃς
3595 1639 3703 1692 τὸν

2027 1725 2208 1778 παῖδά
2235 1739 2374 1781 σου.
2418 1726 2482 1778 Τί
2511 1727 2576 1780 άν
2605 1744 2688 1790 τις
2717 1727 2839 1780 κατ’
2861 1727 3019 1792 ἀξίαν
3045 1735 3192 1780 sino:
3217 1726 3312 1780 τοῦ
3341 1723 3550 1778 δικαίου
3575 1721 3700 1774 τού-

2027 1824 2152 1873 του;
2179 1808 2210 1878 ἢ
2244 1810 2362 1870 πῶς
2385 1810 2450 1863 άν
2483 1827 2565 1872 τις
2585 1810 2744 1862 αὑτὸν
2776 1811 2989 1881 μυρίοις
3018 1810 3278 1880 στόμασιν
3300 1806 3662 1878 ἐγκωμιάσειε
3684 1822 3698 1867 ;

2028 1889 2102 1942 Τὸ
2135 1890 2232 1959 μέν
2273 1890 2380 1962 γὰρ
2412 1893 2608 1956 εἰπεῖν,
2649 1892 2859 1960 Κύριε,
2895 1891 3005 1944 τῶν
3035 1890 3424 1961 ἐγχωρούντων
3460 1887 3608 1941 ἐστί’
3639 1884 3702 1936 τὸ

2027 1971 2083 2024 δέ
2131 1973 2329 2042 λέγειν,
2378 1977 2452 2028 El
2489 1975 2602 2043 ἄρα
2631 1971 2810 2043 εὗρον
2849 1975 3026 2044 χάριν
3055 1975 3336 2029 ἐναντίον
3363 1988 3501 2036 σου,
3542 1968 3701 2024 τοῦτό

2027 2057 2145 2108 ἐστι
2171 2058 2233 2110 τὸ
2279 2057 2600 2130 παράδοξον.
2641 2059 2836 2129 Χάριν,
2866 2060 3017 2128 φησὶ,
3065 2059 3241 2122 δίδως,
3277 2058 3338 2110 οὑ
3384 2054 3698 2126 λαμϐάνεις.

2028 2137 2282 2191 Τοιοῦτον
2311 2141 2418 2211 γὰρ
2454 2140 2671 2211 άληθῶς
2707 2143 2740 2211 ή
2789 2140 3084 2210 φιλοξενίαο
3118 2141 3316 2210 μᾶλλον
3348 2137 3635 2208 λαμϐάνει,
3666 2135 3699 2203 ἢ

2027 2221 2244 2275 δίδωσιν
2277 2225 2306 2274 6
2335 2221 2475 2292 μετά
2505 2223 2812 2294 προθυμίας
2845 2225 3013 2294 αὑτὴν
3037 2222 3497 2292 ἐπιδεικνύμενος.
3541 2217 3703 2271 ’Λλλὰ

2032 2306 2220 2376 μηδεὶς
2260 2306 2369 2360 τῶν
2395 2307 2565 2360 ταῦτα
2603 2308 2906 2360 ἀκουόντων
2937 2305 3323 2377 ὑποτεμνέσθω
3368 2303 3464 2356 τοῦ
3489 2302 3700 2356 δικαίου

2027 2387 2126 2458 τὴν
2153 2388 2374 2460 ἀρετὴν,
2405 2390 2498 2443 καὶ
2519 2388 2809 2460 νομιζέτω,
2839 2390 2920 2443 δτι
2948 2389 3105 2452 εἰδὼς
3123 2389 3268 2451 τίνες
3310 2388 3359 2443 οί
3389 2400 3701 2457 παραγεγοο

2027 2471 2202 2534 νότες,
2216 2472 2390 2525 ταῦτα
2405 2472 2722 2542 ἐφθέγγετο.
2740 2473 2874 2526 Οὐδὲ
2896 2473 3004 2543 γάρ
3021 2473 3106 2536 ἂν,
3125 2471 3306 2534 καθὼς
3329 2470 3424 2524 καὶ
3441 2467 3702 2528 πολλάκις

2027 2556 2262 2626 εἴρηται,
2285 2557 2430 2625 μέγα
2441 2574 2494 2608 τι
2509 2555 2666 2608 τοῦτο
2690 2551 2778 2627 ἦν.
2799 2557 2849 2609 εἰ
2881 2554 3036 2618 εἰδὼς
3053 2554 3224 2608 ταῦτα
3265 2553 3467 2621 ἔλεγεν·
3483 2552 3622 2608 ἀλλὰ
3642 2549 3703 2604 τὸ

2029 2638 2340 2709 θαυμαστὸν
2363 2639 2458 2692 καὶ
2473 2639 2777 2710 παράδοξον
2791 2638 2954 2693 τοῦτό
2987 2642 3156 2700 ἐστιν,
3187 2638 3267 2691 ὅτι
3297 2637 3372 2698 ὡς
3391 2632 3701 2705 ἀνθρώποις

2028 2722 2507 2792 προσφερόμενος,
2543 2723 2768 2776 τοιαῦτα
2808 2723 3105 2791 ἐφθέγγετο
3155 2721 3396 2790 ῥήματα.
3441 2717 3534 2788 Μὴ
3578 2716 3704 2770 θαυ-

2031 2806 2208 2876 μάσῃς
2238 2805 2294 2857 δὲ
2325 2807 2373 2858 εἰ
2418 2805 2586 2876 τριῶν
2629 2807 2796 2858 ὄντων
2838 2805 2946 2858 τῶν
2991 2804 3400 2874 ὑποδεχομένων
3443 2803 3522 2864 ὡς
3567 2801 3703 2871 πρὸς

2027 2889 2121 2942 ἕνα
2157 2888 2571 2958 προτεινόμενος
2618 2891 2647 2942 6
2693 2890 2902 2952 δίκαιος
2945 2888 3114 2957 λέγει,
3154 2887 3347 2956 Κύριε.
3388 2887 3548 2954 Ἴσως
3593 2884 3703 2954 γάρ

2027 2969 2398 3041 ἐπιδοξότερός
2420 2988 2504 3034 τις
2527 2971 2635 3023 τῶν
2665 2970 2931 3024 ἐλθόντων
2969 2971 3161 3040 ἐφάνη,
3198 2969 3334 3040 πρὸς
3365 2967 3424 3020 ὃν
3463 2968 3703 3020 ποιεῖται

2027 3053 2122 3106 καὶ
2154 3053 2250 3124 τὴν
2286 3053 2651 3125 παράκλησιν.
2684 3049 2816 3106 Εἶτα
2844 3052 3050 3123 προῖὼν
3071 3053 3365 3107 κοινοποιεῖ
3402 3049 3492 3105 τὸν
3521 3049 3701 3117 λόγον,

2027 3137 2120 3190 καί
2150 3153 2282 3207 φησι
2303 3153 2316 3166 ·
2348 3137 2640 3206 Ληφθήτω
2686 3135 2763 3205 δὴ
2792 3135 2970 3204 ὕδωρ,
3028 3135 3127 3188 καὶ
3179 3133 3533 3203 νιψάτωσαν
3559 3132 3705 3200 τοὺς

2027 3219 2218 3283 πόδας
2250 3218 2448 3287 ὑμῶν·
2485 3219 2579 3272 καὶ
2623 3218 2804 3283 πάλιν,
2855 3217 3252 3286 Καταψύξατε
3289 3214 3409 3269 ὑπὸ
3442 3215 3508 3268 τὸ
3567 3213 3702 3269 δέν-

2027 3300 2191 3370 δρον,
2223 3301 2319 3355 καὶ
2345 3301 2608 3371 φάγεσθε
2639 3300 2839 3367 ἄρτον,
2865 3299 2963 3354 καὶ
2991 3297 3144 3368 μετὰ
3187 3296 3363 3352 τοῦτο
3409 3296 3702 3366 παρελεύ-

2027 3387 2232 3451 σεσθε,
2264 3379 2336 3439 οὗ
2367 3385 2598 3438 εἵνεκεν
2626 3383 2973 3447 έξεκλίνατε
2995 3381 3144 3454 πρὸς
3179 3380 3286 3434 τὸν
3308 3379 3490 3433 παῖδα
3513 3378 3700 3452 ὑμῶν.

2041 3466 2201 3538 Ὁρᾷς
2262 3467 2378 3531 πῶς
2409 3467 2510 3520 οὑκ
2558 3465 2711 3528 εἰδὼς
2748 3466 2889 3529 τίνες
2927 3466 3052 3530 είσὶ,
3088 3463 3339 3535 καθάπερ
3394 3463 3702 3534 ἀνθρώποις

2027 3550 2404 3626 διαλεγόμενος
2433 3549 2744 3620 παριοῦσιν,
2764 3547 2906 3604 οὑτω
2930 3546 3114 3616 κοινὴν
3135 3546 3271 3616 πρὸς
3301 3547 3498 3609 αὑτοὺς
3529 3548 3701 3598 ποιεῖ-

2027 3651 2117 3686 ται
2157 3633 2258 3704 τὴν
2289 3632 2624 3703 προτροπὴν,
2666 3631 2762 3682 καὶ
2794 3628 2942 3693 ἅπαξ
2973 3630 3066 3682 καὶ
3090 3628 3340 3700 δεύτερον
3371 3629 3536 3682 παῖδα
3569 3629 3698 3681 έαυ-

2027 3715 2118 3768 τὸν
2141 3714 2358 3779 καλῶνς
2390 3715 2500 3767 Καὶ
2524 3715 2624 3784 δρα
2654 3713 2769 3776 πῶς
2802 3711 3056 3783 προλέγει
3091 3711 3192 3780 τῆς
3221 3709 3500 3781 τραπέζης
3534 3709 3700 3763 αὑτοῦ

2027 3799 2127 3868 τὴν
2153 3798 2446 3863 εὐτέλειαν,
2485 3796 2682 3866 μᾶλλον
2703 3796 2760 3848 δέ
2782 3793 2879 3865 τὴν
2906 3792 3273 3847 πολυτέλειαν.
3306 3791 3598 3860 Ληφθήτω
3623 3793 3701 3860 δὴ

2029 3880 2204 3948 ὕδωρ.
2246 3882 2400 3949 φησὶ,
2448 3880 2545 3934 καὶ
2578 3877 2934 3946 νιψάτωσαν
2961 3875 3102 3941 τοὺς
3135 3875 3324 3939 πόδας
3361 3871 3549 3944 ὑμῶν,
3601 3876 3702 3928 καὶ

2030 3961 2414 4030 καταψύξατε
2440 3960 2558 4016 ὑπὸ
2582 3961 2647 4012 τὸ
2679 3957 2949 4027 δένδρον.
2993 3957 3212 4027 Ἐπειδὴ
3245 3958 3374 4026 γὰρ,
3418 3958 3570 4026 φησὶ,
3607 3974 3700 4010 κε-

2030 4047 2301 4114 κμήκατε,
2339 4045 2434 4097 καὶ
2452 4043 2620 4096 πολὺν
2645 4042 2735 4094 τὸν
2756 4041 3016 4094 καύσωνα
3054 4039 3406 4108 ὑπεμείνατε,
3433 4038 3522 4094 διὰ
3546 4039 3703 4092 τοῦτο

2030 4128 2166 4191 ἀξιῶ
2199 4127 2273 4197 μὴ
2322 4125 2610 4197 παρελθεῖν
2654 4125 2745 4179 τὸν
2791 4123 2954 4177 παῖδα
3001 4121 3175 4192 ὑμῶν.
3207 4121 3300 4191 Μὴ
3329 4121 3437 4191 γὰρ
3470 4122 3616 4190 μέγα
3648 4124 3700 4176 τί

2029 4213 2146 4264 ἐστι
2192 4210 2253 4264 τὸ
2285 4210 2415 4280 παρ’
2449 4208 2585 4278 ἐμοῦ
2624 4209 2906 4277 γινόμενον
2939 4222 2954 4271 ;
3016 4205 3204 4274 ’Ύδωρ
3238 4203 3346 4274 ἐχω
3402 4208 3700 4275 παρασχεῖν

2033 4294 2213 4362 μόνον,
2253 4292 2392 4362 ὑπὲρ
2441 4291 2536 4344 τοῦ
2571 4292 2895 4362 νιψαμένους
2925 4288 3030 4342 ὑπὸ
3056 4287 3115 4341 τὸ
3149 4285 3362 4355 δένδρον
3405 4287 3496 4340 τὸν
3533 4287 3710 4341 πολὺν

2030 4378 2174 4446 ὑμᾶς
2199 4377 2443 4446 κάματον
2474 4375 2791 4430 ἀποθέσθαι.
2820 4369 2950 4428 Εἶτα
2975 4372 3070 4427 καὶ
3103 4372 3202 4442 τῆς
3242 4370 3523 4443 τραπέζης
3551 4370 3701 4438 λέγει

2029 4459 2126 4532 τὴν
2151 4459 2309 4513 ἰδέαν.
2341 4459 2432 4529 Μὴ
2461 4459 2714 4529 νομίσητε
2743 4457 3031 4519 πολυτελές
3080 4473 3133 4508 τι
3168 4455 3508 4526 παραθήσειν
3547 4454 3696 4524 ὑμῖν,

2030 4542 2064 4612 ἢ
2098 4541 2529 4614 καρυκευμάτων
2581 4541 2873 4605 ποικιλίαν,
2926 4538 2960 4610 ἢ
2999 4537 3146 4608 ὄψων
3187 4537 3484 4608 διαφοράν·
3535 4536 3698 4607 ἄρτον

2031 4623 2289 4694 φάγεοθε,
2315 4624 2408 4676 καὶ
2438 4620 2580 4676 οὑτω
2609 4622 3081 4691 Παρελεύσεσθε,
3117 4614 3188 4674 οὗ
3209 4618 3442 4672 εἵνεκεν
3467 4617 3700 4682 ἐξεκλέ-

2029 4725 2170 4762 νατε
2207 4706 2356 4774 πρὸς
2385 4707 2491 4760 τὸν
2510 4705 2691 4758 παῖδα
2714 4703 2902 4774 ὑμῶν.

2099 4801 2160 4844 ε’.
2194 4791 2350 4855 Εἶδες
2384 4790 2501 4854 πῶς
2521 4789 2793 4860 διαφόροις
2818 4788 3080 4860 κέχρηται
3103 4785 3346 4856 τρόποις,
3380 4782 3700 4855 βουλόμενος

2028 4878 2346 4947 δυσωπῆσαι
2378 4876 2505 4938 τοὺς
2535 4872 2829 4944 παριόντας
2853 4869 2904 4934 ἀ,
2937 4868 3138 4925 καὶδιά
3167 4867 3260 4920 τοῦ
3286 4868 3582 4938 σχήματος,
3604 4867 3698 4919 καὶ

2027 4961 2114 5014 διὰ
2146 4961 2255 5014 τῶν
2295 4960 2572 5032 ῥημάτων,
2595 4957 2688 5010 καὶ
2719 4955 2806 5009 διὰ
2829 4954 3044 5008 πάντων
3074 4949 3481 5004 ἐπισπάσασθαι
3501 4949 3697 5012 αὑτοὺς

2030 5044 2233 5109 θέλων;
2267 5028 2489 5113 Πρῶτον
2518 5039 2618 5110 μὲν
2645 5039 2773 5110 γὰρ,
2810 5038 2964 5108 φησὶ,
3003 5034 3426 5107 προσεκύνησεν,
3458 5028 3575 5086 εἶτα
3603 5049 3697 5084 κυε-

2032 5127 2182 5198 ρίους
2202 5125 2374 5188 καλεῖ,
2401 5123 2495 5175 καὶ
2525 5121 2716 5174 ἑαυτὸν
2747 5120 2909 5173 παῖδα
2928 5137 2942 5149 ·
2979 5116 3097 5172 εἶτα
3127 5118 3272 5185 λέγει
3302 5115 3363 5169 τὸ
3393 5114 3583 5198 μέλλον
3605 5114 3697 5198 ὑπ’

2027 5194 2195 5262 αὑτοῦ
2235 5204 2488 5274 γενέσθαι
2547 5205 2626 5267 είς
2668 5203 2885 5266 αὑτοὺς,
2939 5199 3286 5267 ἐξευτελίζων
3341 5196 3434 5250 καὶ
3483 5194 3698 5256 δεικνὺς

2028 5291 2179 5344 οὐδὲν
2211 5289 2352 5359 μέγα
2383 5287 2465 5340 δν.
2498 5286 2682 5356 ’Ύδωρ
2719 5285 2845 5355 γὰρ,
2877 5283 3030 5354 φησὶ,
3088 5281 3147 5334 τὸ
3195 5281 3360 5333 πᾶσιν
3415 5275 3697 5359 ἀνειμένον

2029 5373 2138 5442 ἔχω
2164 5354 2461 5441 παρασχεῖν
2492 5369 2571 5430 εἰς
2599 5354 2723 5430 τοὺς
2755 5354 2920 5430 πόδας
2947 5363 3120 5434 ὑμῶν,
3149 5363 3243 5415 καὶ
3269 5361 3455 5431 ἄρτον,
3482 5358 3576 5442 ,καὶ
3597 5354 3697 5426 τὴν

2029 5441 2136 5507 ἀπὸ
2156 5453 2254 5521 τῆς
2271 5451 2430 5521 δρυὸς
2461 5450 2688 5520 σκέπην.
2717 5447 2808 5519 Μὴ
2831 5447 2896 5518 δὴ
2925 5442 3290 5514 ἐξευτελίσητέ
3317 5460 3418 5512 μου
3443 5441 3539 5510 τὴν
3561 5455 3695 5507 σκη-

2091 5580 2114 5607 ο
2171 5576 2222 5624 Ἀ
2263 5574 2476 5628 οσιώσει,
2519 5567 2854 5634 perfunctorie.
2894 5567 2998 5617 Hac
3023 5580 3145 5616 voce
3172 5565 3346 5616 eodem
3371 5574 3518 5612 sensu
3576 5559 3697 5609 infra

2031 5641 2186 5687 utitur
2221 5591 2594 5695 Ebrysostomus
2629 5649 2643 5680 -.
2682 5644 2867 5695 rneque_
2897 5629 3182 5695 infrequens
3232 5628 3378 5686 hujus
3417 5636 3533 5695 usus
3569 5623 3699 5695 apud

2030 5671 2643 5756 ῖιῖῖῖίῑέιῑης
2671 5671 3568 5756 ignauiam;“aggggatiaagnaqqge
3601 5671 3699 5742 -ντο

2034 5757 2356 5823 perfunctorie
2375 5751 2554 5819 'agere.
2599 5751 2873 5814 Hesychius
2896 5755 3042 5812 longe
3089 5752 3268 5799 diversi
3295 5761 3410 5796 usus
3451 5751 3700 5817 interpre-

2035 5821 2271 5872 tationem
2295 5820 2468 5868 ἐπει-ιε
2492 5816 2844 5878 άφοσιούμενοι,
2867 5815 2914 5878 ἐν
2932 5813 3178 5878 ὑποκρίσει
3191 5809 3503 5878 θωπεύοντες,
3525 5821 3700 5878 τιμων·

2293 5867 2638 5953 τὶῃωίαιὶοὶιωη
2679 5867 2723 5929 ἐι
2763 5867 3088 5926 adulationem
3127 5874 3349 5930 colentes,
3397 5867 3694 5918 honorantes.

2215 5958 2250 5995 lt
2275 5959 2381 5999 τους
2402 5956 2650 5999 παρόντας.
3335 5993 3362 5999 Α
3378 5994 3392 5999 _

2097 5945 2124 5987 ὰ
2149 5945 2250 5999 Alii
2275 5945 2381 5999 τοὺς
2402 5956 2650 6002 παρόντας.
3331 5993 3408 6057 2',
