4092 6408
413 346 510 401 581

411 465 530 533 νῆν,
562 459 637 530 μὴ
674 453 954 526 ὑπερίδητέ
991 453 1140 525 [418]
1175 470 1275 524 μου
1304 453 1366 505 16
1395 452 1595 524 γῆρας,
1641 451 1714 522 μὴ
1748 449 2081 519 ἀνανεύσητε

415 550 550 622 πρὸς
580 548 679 617 τὴν
708 548 846 618 ἐμὴν
875 544 1239 615 παράκλησιν.
1277 538 1406 594 Οἶδα
1433 542 1566 611 ὅσην
1613 539 1941 610 ὑπεμείνατε
1991 557 2086 591 τα-

409 637 742 707 λαιπωρίαν,
781 632 1111 704 στοχάζομαι
1161 629 1257 684 τοῦ
1291 629 1568 692 καύσωνος
1617 627 1712 698 τὴν
1769 627 1963 696 φλόγα,
1998 626 2086 680 διὰ

409 727 569 780 τοῦτο
598 725 850 794 ἀνεθῆναι
884 722 1076 793 μικρὸν
1115 721 1260 791 ὑμᾶς
1295 718 1575 790 βούλομαι.
1607 719 1764 780 Ποῖος
1790 717 1971 787 πατὴρ
2000 733 2086 785 φι-

410 816 698 886 λόστοργος
750 811 886 882 πρὸς
932 810 1095 864 παῖδα
1123 823 1146 850 ι
1184 808 1451 878 τοσαύτην
1480 807 1546 860 ἀν
1591 805 1902 869 ἐπεδείξατο
1935 804 2083 872 φιλο-

410 901 706 972 φροσύνην,
733 899 864 970 ὅσην
883 890 1037 959 0610;
1068 897 1202 968 πρὸς
1229 897 1355 958 τοὺς
1381 895 1628 963 ἀγνῶτας
1652 892 1745 947 καί¹
1773 891 1976 956 ξένους,
1994 892 2086 944 καὶ

410 988 707 1058 οὐδαμόθεν
765 985 915 1055 αὐτῷ
969 986 1106 1047 τέως
1147 983 1498 1055 γνωρίμους;
1552 981 1693 1035 Ἀλλ’
1731 980 1918 1051 ἐπειδὴ
1949 979 2087 1051 μετά

412 1075 648 1145 σπουδῆς
678 1073 948 1146 προσῆλθε
991 1072 1084 1125 καὶ
1119 1071 1312 1124 πολλοῦ
1346 1070 1438 1124 τοῦ
1485 1071 1636 1122 τόνου
1662 1109 1677 1131 ,
1731 1069 1957 1137 ἐπέτυχε
1988 1068 2086 1138 τῆς

409 1164 606 1234 ἄγρας,
627 1164 718 1216 καὶ
743 1163 842 1233 τὴν
872 1162 1044 1232 θήραν
1073 1160 1204 1213 εἴσω
1225 1160 1333 1212 τῶν
1354 1159 1586 1212 δικτύων
1615 1157 1798 1210 λαϐεῖν
1820 1156 2081 1227 ἠδυνήθη.

413 1251 520 1305 Kal
548 1247 744 1314 εἶπαν,
789 1250 972 1319 φησὶν,
1003 1248 1168 1300 Οὕτω
1218 1246 1570 1314 ποιήσομεν,
1621 1245 1773 1299 καθὰ
1818 1245 2082 1312 εἷρηκας.

427 1337 871 1406 ’Λνεζωπύρησεν
899 1338 927 1388 6
956 1334 1288 1405 πρεσϐύτης.
1335 1334 1421 1385 Ἐν
1447 1333 1625 1403 χερσὶ,
1659 1333 1843 1403 φησὶν,
1869 1331 1976 1401 ἔχω
1996 1333 2086 1384 τὸν

413 1423 706 1494 θησαυρὸν,
737 1421 830 1473 τοῦ
860 1421 1087 1473 πλούτου
1121 1419 1463 1490 ἐπελαϐόμην
1484 1462 1498 1481 ,
1533 1419 1875 1490 ἐπελαθόμην
1903 1419 2087 1471 λοιπὸν

409 1511 504 1563 τοῦ
532 1516 736 1581 γήρως.
792 1509 901 1562 Καὶ
957 1509 1058 1580 ὅρα
1110 1508 1273 1561 06160
1301 1511 1440 1562 πάνυ
1482 1507 1816 1578 γαννύμενον
1849 1507 1924 1577 τῷ
1950 1508 2089 1578 πρά-

409 1615 599 1668 γματι,
635 1599 729 1650 καὶ
767 1597 1049 1667 μονονουχὶ
1077 1596 1400 1665 σκιρτῶντα,
1427 1596 1518 1647 καὶ
1541 1595 1793 1666 καθάπερ
1824 1594 1891 1647 τά
1919 1594 2088 1666 μυρία

409 1686 590 1754 ἁγαθά
623 1689 682 1738 ἐν
728 1688 849 1748 ταῖς
883 1685 1069 1756 χερσὶν
1130 1685 1545 1755 ἐπιφερόμενον,
1586 1683 1757 1746 οὑτως
1803 1684 2085 1754 ἡδόμενον.

411 1775 517 1829 Kal
549 1775 857 1827 ἔσπευσεν
893 1771 1160 1842 Ἀϐραὰμ,
1192 1772 1375 1843 φησὶν,
1412 1771 1510 1823 ἐπὶ
1531 1769 1645 1838 τὴν
1667 1769 1926 1837 σκηνήν.
1960 1771 2089 1822 Ὥσ-

411 1861 734 1933 περ,’ήνίκα
775 1861 868 1914 ἐπὶ
900 1861 1001 1932 τὴν
1050 1859 1222 1932 Θήραν
1279 1859 1457 1912 αὐτῶν
1489 1859 1761 1927 ἐπείγετο,
1820 1859 2089 1929 ἐμήνυσεν

411 1951 578 2004 αὐτοῦ
632 1950 724 2002 τὸν
781 1949 933 2002 τόνον
974 1948 1066 2002 καὶ
1120 1948 1217 2017 τὴν
1279 1946 1591 2017 προθυμίαν
1641 1948 1675 2017 ἡ
1723 1945 1839 1999 θεία
1875 1946 2087 2018 Γραφὴν

412 2042 662 2104 εἰποῦσα,
707 2039 1126 2108 Προσέδραμεν
1169 2041 1256 2102 εὶς
1285 2037 1664 2106 συνάντησιν
1690 2039 1911 2103 αὐτοῖς,
1949 2038 2092 2093 οὕτω

413 2131 506 2182 καὶ⁵
543 2130 637 2182 νῦν
659 2128 847 2198 ἐπειδὴ
878 2123 984 2180 είδε
1018 2129 1145 2190 τούς
1181 2125 1400 2196 ἄνδρας,
1437 2127 1529 2178 καὶ
1568 2126 1927 2198 κατώρθωσεν
1953 2129 2090 2200 ὅπερ

414 2217 699 2287 ἐπεθύμει,
723 2217 846 2268 οὐδὲ
868 2215 1039 2277 οὑτως
1073 2215 1254 2285 ἵστησι
1304 2213 1402 2284 τὴν
1433 2213 1766 2284 προθυμίαν,
1796 2215 1931 2268 ἀλλά
1961 2216 2090 2287 θερ-

415 2307 642 2376 μότερον
692 2306 852 2358 πάλιν
900 2303 1234 2356 ἐπιδείκνυσι
1261 2301 1352 2354 τὸν
1378 2301 1594 2372 ἔρωτα,
1629 2302 1747 2355 οὐδέ
1793 2303 1977 2375 ἐπειδὴ
2034 2307 2092 2357 ἐν

413 2392 684 2462 ἀσφαλείᾳ
717 2391 929 2460 γέγονε,
975 2390 1160 2443 λοιπὸν
1192 2388 1564 2460 ῥᾳθυμότερος
1611 2390 1869 2460 κατέστη.
1913 2392 2090 2462 Ὅπερ

412 2479 673 2541 πολλάκις
705 2480 864 2548 ἡμεῖς
895 2476 1260 2547 ὑπομένομεν,
1309 2476 1403 2528 καὶ
1451 2475 1604 2547 παρά
1652 2476 1751 2546 μέν
1789 2477 1887 2547 τὴν
1917 2477 2092 2548 ἀρχὴν

413 2568 582 2620 ἐνίοτε
613 2566 814 2636 πολλὴν
859 2563 1285 2633 ἐπιδεικνύμεθα
1333 2565 1434 2634 τὴν
1481 2565 1749 2634 σπουδήνο
1786 2565 2006 2618 ἐπειδὰν
2035 2567 2092 2619 δὲ

412 2655 506 2709 τοῦ
529 2655 851 2726 πράγματος
873 2653 1024 2716 ἐντὸς
1046 2651 1355 2723 γενώμεθα,
1381 2653 1442 2706 οὐ
1467 2653 1559 2706 τὸν
1591 2654 1702 2706 ἴσον
1731 2653 1890 2708 πόνον
1911 2654 2093 2723 εἰσφέ-

415 2761 602 2814 ρομεν.
651 2742 792 2794 Ἀλλ’
821 2741 919 2812 οὐχ
943 2742 971 2792 6
1001 2741 1207 2803 δίκαιος
1234 2739 1579 2805 οὑτως,ἀλλά
1599 2741 1685 2806 τί;
1721 2740 1889 2794 Πάλιν
1923 2741 2089 2794 σπεύ-

411 2834 491 2886 δει
517 2833 610 2886 καὶ
632 2830 911 2899 ἐπείγεται
927 2831 1023 2882 καὶ
1042 2828 1224 2898 τρέχει
1246 2829 1274 2879 ό
1299 2827 1625 2898 γεγηρακὼς
1652 2830 1744 2881 ἐπὶ
1768 2829 1866 2900 τὴν
1888 2829 2093 2902 σκηνὴν

416 2917 551 2987 πρὸς
581 2915 820 2985 Σάρραν,
845 2914 951 2967 Kal
975 2908 1144 2965 εἶπεν
1165 2911 1321 2980 αὐτῇ
1341 2928 1354 2941 ·
1377 2910 1675 2977 Σπεῦσον,
1700 2913 1797 2966 καί
1816 2914 2093 2980 φύρασον

414 3005 548 3074 τρία
588 3003 774 3072 μέτρα
813 3001 1204 3070 σεμιδάλεως.
1238 3000 1438 3052 Σκόπει
1473 3001 1591 3065 πῶς
1630 3003 1723 3054 καὶ
1747 3002 1844 3072 τὴν
1878 3002 2093 3072 Σάρραν

414 3092 672 3145 κοινωνὸν
700 3089 967 3161 λαμϐάνει
1000 3089 1099 3159 τῆς
1139 3087 1333 3158 θήρας,
1369 3089 1462 3140 καὶ
1503 3089 1620 3152 πῶς
1657 3089 1828 3160 αὐτὴν
1877 3089 2094 3156 ἐξεπαί-

414 3182 568 3233 ὂευσε
593 3176 790 3249 ζηλοῦν
817 3175 980 3228 αὐτοῦ
1007 3175 1104 3246 τὴν
1132 3176 1352 3245 ἀρετήν.
1388 3177 1497 3228 Καὶ
1528 3175 1636 3246 γὰρ
1668 3176 1928 3244 κάκείνην
1952 3194 2094 3246 παρ-

413 3268 561 3338 ορμᾷ
599 3265 671 3336 μὴ
705 3262 962 3336 ῥᾳθύμως
982 3266 1049 3334 τῇ
1071 3262 1232 3333 χρείᾳ
1249 3261 1588 3329 προσελθεῖν,
1609 3263 1763 3328 ἀλλά,
1789 3264 2092 3329 Σπεῦσον,

417 3354 567 3424 φησί.
605 3355 716 3423 Τῆς
753 3351 995 3422 μεγάλης
1026 3350 1362 3420 ἐπετύχομεν
1389 3351 1802 3421 πραγματείας,
1840 3354 1913 3424 μή
1960 3355 2094 3407 ἀπο-

416 3439 662 3508 λέσωμεν
692 3435 784 3489 τὸν
823 3433 1116 3506 θησαυρὸν,
1154 3433 1289 3486 ἀλλά
1320 3433 1619 3497 Σπεῦσον,
1662 3435 1762 3489 καὶ
1816 3438 2096 3505 φιῖρασον

415 3527 548 3594 τρία
572 3525 761 3595 μέτρα
786 3521 1171 3591 σεμιδάλεως.
1236 3520 1454 3592 Ἐπειδὴ
1500 3520 1607 3593 γάρ
1633 3521 1748 3593 ᾔδει
1774 3524 1867 3576 τοῦ
1898 3542 2095 3598 κατορ-

417 3613 667 3681 θώματος
695 3610 756 3663 τδ
797 3608 1064 3680 μέγεθος,
1115 3607 1368 3660 ἐϐούλετο
1418 3608 1674 3662 κοινωνὸν
1722 3609 1830 3662 τῶν
1887 3611 2093 3680 μισθῶν

416 3702 715 3773 λαμϐάνειν
741 3702 833 3752 καὶ
867 3698 974 3752 τῶν
1008 3697 1329 3752 ἀντιδόσεων
1358 3698 1452 3751 καὶ
1475 3697 1573 3768 τὴν
1601 3697 1696 3751 τοῦ
1725 3698 1842 3770 βίου
1869 3701 2096 3771 γενομέ-

416 3810 514 3860 νην
545 3788 694 3858 αὐτῷ
715 3787 991 3841 κοινωνόν.
1023 3784 1122 3838 Διά
1150 3785 1204 3838 τί
1234 3784 1364 3856 γὰρ,
1399 3786 1520 3838 είπέ
1562 3802 1687 3855 μοι,
1724 3787 1898 3841 οὐδενί¹
1928 3789 1956 3828 b
1986 3789 2093 3842 τῶν

418 3877 716 3934 παιδισκῶν
741 3875 898 3929 τοῦτο
926 3874 1210 3940 ἐπέταξεν,
1233 3873 1369 3927 ἀλλά
1394 3876 1456 3945 τῇ
1489 3875 1708 3941 γυναικὶ
1737 3879 1798 3947 τῇ
1824 3877 2094 3950 προϐεϐη-

417 3968 580 4039 κυίᾳ;
618 3966 969 4035 ἐννενήκοντα
1001 3964 1107 4033 γὰρ
1129 3961 1265 4014 ἐτῶν
1302 3961 1593 4032 ἐτύγχανεν
1649 3957 1803 4018 οὖσα.
1852 3965 1963 4019 Καὶ
1992 3967 2093 4020 οὐκ

417 4055 667 4111 ἀνανεύει
694 4056 728 4124 ἡ
755 4053 942 4125 Σάρρα
973 4050 1110 4122 πρὸς
1144 4049 1204 4103 16
1234 4049 1535 4122 ἐπίταγμα,
1572 4050 1706 4104 ἀλλά
1725 4051 1824 4123 τὴν
1858 4053 1979 4124 ῐσην
2001 4056 2094 4107 καὶ

418 4145 557 4215 αὐτὴ
584 4141 891 4212 προθυμίαν
917 4139 1181 4209 εἰσφέρει.
1218 4138 1596 4192 Ἀκουέτωσαν
1635 4139 1859 4210 ἄνδρες,
1900 4142 2094 4195 ἀκουέ-

417 4249 600 4286 τωσαν
631 4232 889 4298 γυναῖκες
916 4246 930 4258 ·
961 4227 1155 4298 ἄνδρες
1183 4225 1283 4298 μὲν
1313 4221 1425 4291 060,
1476 4227 1562 4280 ἵνα
1586 4228 1727 4281 οὑτω
1754 4229 1855 4293 τὰς
1886 4233 2094 4288 ἑαυτῶν

421 4318 701 4380 συνοίκους
732 4314 1142 4379 ἐκπαιδεύωσιν,
1173 4314 1394 4367 ἐπειδάν
1422 4317 1791 4386 πνευματικόν
1821 4335 1872 4371 τι
1903 4320 2093 4391 κέρδος

420 4406 774 4480 παρεμπέσῃ.
805 4405 880 4475 μὴ
906 4402 993 4456 διὰ
1014 4403 1120 4455 τῶν
1141 4401 1369 4455 οἰκετῶν
1394 4401 1551 4455 τοῦτο
1585 4403 1845 4474 πληροῦν,
1870 4406 2003 4460 άλλά
2026 4409 2092 4462 δι’

421 4495 628 4550 ἑαυτῶν
659 4495 874 4547 ἅπαντα
907 4488 1360 4559 διαπράττεσθαι·
1398 4492 1654 4558 γυναῖκες
1674 4490 1750 4555 δέ,
1792 4492 1877 4544 ἴνα
1925 4494 2092 4546 σπεύ-

418 4583 551 4636 δωσι
604 4581 878 4634 κοινωνεῖν
910 4580 1023 4640 τοῖς
1052 4577 1279 4647 ἀνδράσι
1310 4577 1419 4629 τῶν
1444 4578 1700 4632 τοιούτων
1737 4582 2095 4652 κατορθωμά-

419 4687 550 4732 των,
574 4669 670 4723 καὶ
704 4668 780 4739 μὴ
809 4664 1240 4734 ἐπαισχύνωνται
1265 4667 1361 4734 τὴν
1395 4663 1716 4732 φιλοξενίαν,
1765 4669 1857 4720 καὶ
1885 4669 1983 4739 τὴν
2015 4671 2094 4735 είς

421 4758 641 4819 τούτους
671 4753 988 4826 θεραπείαν,
1013 4751 1150 4805 ἀλλά
1188 4751 1560 4822 μιμείσθωσαν
1606 4754 1704 4824 τὴν
1752 4755 1965 4827 Σάρραν
1996 4759 2095 4829 τὴν

425 4845 743 4918 πρεσϐῦτιν,
766 4842 863 4912 τὴν
890 4843 945 4894 ἐν
970 4839 1154 4911 ἡλικίᾳ
1183 4839 1406 4912 τοιαύτῃ
1430 4843 1609 4892 πονεῖν
1634 4842 2092 4918 καταδεχομένην,

425 4935 520 4989 καὶ
548 4932 616 4987 τά
640 4931 748 4986 τῶν
780 4927 1080 4983 παιδισκῶν
1119 4926 1255 4998 ἔργα
1304 4927 1589 4981 ἐπιτελεῖν.

506 5022 644 5074 Ἀλλ’
662 5018 776 5073 οἶδα
791 5019 872 5071 ὅτι
894 5017 976 5088 μί
988 5015 1044 5087 9]
1061 5016 1234 5079 οὐδεὶς
1247 5016 1493 5080 ἀνέξεται
1507 5017 1617 5070 τῶν
1633 5035 1708 5071 πα
1717 5019 1762 5090 ρ’
1781 5021 1935 5091 ἡμῶν
1951 5022 2096 5092 λεγο-

427 5111 623 5182 μένων.
643 5108 757 5161 Νῦν
779 5107 887 5177 γάρ
911 5105 1155 5175 ήμῖν.ἀπ’
1179 5106 1428 5168 ἐναντίας
1445 5104 1628 5178 ἐκείνῃ
1643 5107 1840 5171 πάντες
1861 5109 2096 5178 βαδίζειν

424 5199 756 5266 ἐπείγονται,
771 5197 864 5249 καὶ
881 5194 1047 5264 πολλὴ
1063 5196 1094 5264 ἡ
1113 5193 1336 5262 βλακεία
1348 5196 1468 5258 ταῖς
1480 5193 1716 5264 γυναιξὶ,
1735 5197 1870 5268 καὶὴ
1893 5201 2094 5270 σπουδὴ

425 5287 562 5358 πρὸς
590 5286 682 5338 τὸν
711 5284 913 5353 κόσμον
943 5282 1050 5335 τῶν
1085 5282 1332 5352 ἱματίων,
1365 5283 1492 5353 περ)⁴
1541 5283 1610 5336 τὰ
1661 5286 1858 5356 χρυσία
1889 5287 1983 5339 καὶ
2029 5290 2098 5340 τὰ

424 5373 782 5446 περιδέρῤαια
798 5372 892 5424 καὶ
913 5371 1006 5424 τὸν
1026 5369 1222 5436 ἔξωθεν
1243 5371 1646 5442 καλλωπισμὸν,
1673 5375 1765 5426 καὶ
1792 5378 1890 5445 τῆς
1922 5376 2098 5446 ψυχῆς

424 5463 650 5533 οὐδεμία
673 5461 916 5530 πρόνοια,
970 5459 1078 5512 Καὶ
1108 5458 1229 5511 οὐδὲ
1283 5458 1493 5522 Παῦλος
1548 5460 1728 5514 αὐτῶν
1763 5463 2095 5516 καθικνεῖται

428 5550 566 5620 βοῶν
597 5549 691 5603 καὶ
712 5547 883 5617 λέγων
908 5564 922 5578 ο
945 5547 1042 5614 Μὴ
1076 5546 1146 5599 ἐν
1173 5545 1533 5615 πλέγμασιν,
1564 5547 1602 5613 ἢ
1635 5549 1862 5616 χρυσῷ,
1896 5550 1933 5617 ἢ
1953 5568 2100 5619 Imp.

423 5639 709 5708 ταρίτιιις,
733 5636 772 5705 ἣ
796 5635 1086 5706 ἱματισμῷ
1112 5636 1449 5690 πολυτελεῖ.
1473 5638 1614 5707 Ὅρα
1628 5638 1728 5708 τὴν
1749 5639 2097 5711 οὐρανομήκη

421 5726 624 5795 ταύτην
666 5725 864 5796 ψυχὴν,
917 5724 1034 5786 πῶς
1081 5725 1180 5776 οὐκ
1235 5725 1483 5795 ἐνόμισεν
1518 5726 1742 5796 αἰσχρὸν
1776 5727 1924 5798 αὑτῷ
1955 5724 2093 5782 εἶναι

491 5849 511 5918 ξ
559 5849 789 5918 Savil._§l
818 5845 1327 5918 M019[._1196;_110'€60.
1363 5846 1445 5918 Ei
1484 5860 1597 5918 mss.
1637 5849 1720 5918 _alii
1754 5851 2091 5918 περί-παῖδας,

423 5909 508 5984 am
549 5911 618 5984 εἰς
650 5909 838 5984 παῖδας.
879 5907 932 5984 ιιι
962 5907 1119 5984 Μειὶιῃ
1149 5908 1318 5964 legere
1363 5909 1576 5974 οὐδεμία,
1620 5909 1682 5958 de
1730 5907 1921 5961 ancillis
1963 5907 2091 5964 enirii
2136 5924 2142 5934 '

422 5970 642 6022 loquitur
666 5970 993 6018 (‘hr\'so<m~:
1014 5985 1035 6008 ,ε
1094 5970 1103 5984 '
1133 5984 1138 6006 .-

1265 337 1319 392 S.
1351 335 1634 393 JOANNIS
1663 333 2151 391 CHRYSOSTOMI
2185 333 2502 391 ARCHIEP.
2545 335 3087 393 CONSTANTINOP.

3759 336 3874 393 3S2

2193 448 2354 521 μέχρι
2377 451 2562 504 τούτου
2591 453 2680 504 160
2699 452 2855 520 λόγον
2883 449 3233 521 ποιήσασθαι,
3251 450 3342 503 καὶ
3358 449 3448 502 ἐπὶ
3464 450 3488 502 ἐ
3497 447 3671 520 μπλεγ
3680 450 3876 522 μάτων

2189 535 2536 604 παραινέσαι.
2584 535 2818 598 Εἰκότως
2842 552 2855 566 ·
2905 536 3056 587 πᾶσα
3092 533 3201 604 γάρ
3230 531 3379 601 αὐτῷ
3421 533 3454 602 ἡ
3487 533 3688 602 σπουδὴ
3735 535 3877 603 περὶ

2187 618 2285 688 τὴν
2311 617 2409 686 τῆς
2432 617 2608 688 ψυχῆς
2634 619 2952 687 ἐπιμέλειαν
2982 613 3072 688 ἦν.
3119 617 3270 670 Ἐπεὶ
3297 611 3390 670 οὖν
3414 610 3552 669 οἶδεν
3580 617 3660 668 ὅτι
3693 616 3877 669 ταῦτα

2191 698 2424 768 μάλιστα
2456 701 2554 771 τῆς
2583 700 2760 773 ψυχῆς
2817 701 2906 754 τὸν
2957 699 3174 771 ὄλεθρον
3218 699 3535 771 ἐργάζεται,
3568 699 3656 752 διὰ
3707 699 3879 752 τοῦτο

2187 781 2338 835 οὐδὲν
2363 786 2712 856 παρῃτήσατο
2733 785 2840 836 τῶν
2865 784 3248 856 προσηκόντων
3277 785 3357 844 εἰς
3379 782 3721 835 διδασκαλίαν
3746 787 3878 847 ταῖς

2186 865 2357 919 ταῦτα
2379 866 2686 930 νοσούσαις·
2717 869 2854 920 ἀλλά
2885 886 3047 938 φησιν
3070 907 3084 930 ,
3113 871 3160 920 εί
3195 867 3371 937 βούλει
3403 867 3744 938 κοσμεῖσθαι,
3777 867 3879 919 τὸν

2186 947 2358 1018 ἀληθῆ
2397 949 2604 1019 κοσμοῦ
2639 950 2862 1020 κόσμον,
2917 952 2976 1003 ὃν
3028 952 3227 1022 πρέπει
3285 951 3530 1020 γυναιξὶν
3584 950 3872 1002 εὐσεϐέσι·

2185 1034 2298 1095 τοῖς
2326 1034 2554 1102 ἀγαθοῖς
2577 1034 2756 1104 ἔργοις
2789 1034 3017 1105 κοσμοῦ.
3052 1028 3220 1098 Οὗτος
3254 1035 3350 1104 τῆς
3382 1033 3560 1105 ψυχῆς
3593 1037 3620 1087 6
3640 1035 3874 1104 κόσμος,

2215 1110 2244 1134 τ
2318 1135 2340 1147 ρ
2411 1119 2422 1134 ³
2469 1136 2490 1146 ρ
2548 1119 2558 1134 ¹
2905 1119 2929 1131 ’³
3691 1138 3703 1147 ι

2186 1133 2337 1180 ουτο,
2372 1119 2625 1187 ουδεμιαν
2658 1119 2809 1190 παρά
2863 1137 2970 1171 των
3001 1119 3202 1185 ἔξωθεν
3248 1120 3587 1186 κατάγνωσιν
3630 1119 3873 1187 δέχεται,

2186 1199 2375 1252 τοῦτον
2425 1201 2600 1264 οὐδεὶς
2645 1202 2985 1272 ἀποσυλῆσαι
3046 1203 3370 1272 δυνήσεται,
3415 1197 3567 1265 οὗτος
3597 1202 3881 1264 ἀνάλωτος

2193 1283 2351 1356 μένει
2374 1283 2657 1356 διηνεκῶς.
2695 1286 2828 1338 Ἀπὸ
2855 1286 2963 1356 γὰρ
2983 1285 3074 1337 τοῦ
3098 1286 3304 1356 κόσμου
3331 1286 3517 1356 τούτου
3550 1286 3643 1338 τοῦ
3672 1285 3879 1350 ἔξωθεν

2192 1354 2374 1424 μυρία
2415 1355 2660 1409 τίκτεται
2693 1357 2838 1410 κακά
2861 1373 2874 1388 ο
2930 1354 3022 1408 καὶ
3050 1354 3214 1409 οὐπω
3235 1357 3378 1423 λέγω
3423 1355 3519 1426 τήν
3563 1356 3661 1426 τῆς
3689 1355 3876 1424 ψυχῆς

2188 1435 2384 1507 λύμην.
2400 1438 2498 1508 τὴν
2513 1438 2758 1492 ἐντεῦθεν
2782 1439 3057 1510 φυομένην
3082 1440 3419 1504 ἀλαζονείαν,
3440 1442 3538 1510 τήν
3571 1440 3881 1511 ὕπεροψίαν

2187 1518 2287 1589 τὴν
2343 1523 2483 1575 κατά
2515 1522 2625 1575 τῶν
2660 1523 2908 1592 πλησίον,
2941 1524 3036 1578 τοῦ
3087 1525 3433 1595 φρονήματος
3456 1526 3555 1595 τὴν
3591 1525 3878 1589 ἀπόνοιαν,

2188 1606 2288 1673 τῆς
2318 1605 2499 1676 ψυχῆς
2541 1607 2638 1677 τὴν
2666 1607 2982 1676 διαφθορὰν,
3015 1608 3124 1662 τῶν
3154 1609 3358 1678 ήδονῶν
3382 1608 3490 1662 τῶν
3523 1608 3737 1661 ἀτόπων
3779 1608 3881 1660 τὸν

2189 1688 2384 1758 ἐσμόν·
2419 1689 2531 1741 ἀλλ’
2567 1691 2648 1743 ὅτι
2676 1689 2770 1742 καὶ
2803 1689 3007 1754 ἀλωτὸς
3040 1702 3062 1729 ο
3091 1691 3119 1744 6
3140 1690 3342 1760 κόσμος
3365 1686 3516 1753 οὗτος
3533 1690 3624 1742 καὶ
3643 1688 3880 1742 οἰκετῶν

2190 1773 2563 1842 κακουργίαις,
2602 1775 2693 1826 καὶ
2723 1773 2934 1846 λῃστῶν
2965 1775 3164 1846 ἐφόδῳ,
3233 1776 3326 1830 καὶ
3361 1773 3707 1842 συκοφαντῶν
3751 1775 3879 1826 ἐπι-

2191 1854 2432 1919 ϐουλαῖς,
2468 1859 2564 1910 καὶ
2599 1858 2766 1928 μυρία
2800 1858 2864 1912 ἄν
2886 1876 2970 1921 τις
3001 1858 3152 1927 εὖροι
3182 1859 3429 1912 ἐντεῦθεν
3454 1860 3697 1927 φυόμενα
3725 1859 3880 1910 κακὰ

2190 1935 2282 1988 καὶ
2309 1937 2502 2006 ἀηδίας
2525 1940 2810 2010 διηνεκεῖς.
2849 1941 2986 1994 Ἀλλ’
3013 1943 3110 2011 οὐχ
3147 1945 3180 2012 ή
3217 1943 3402 2013 Σάρρα
3431 1942 3656 2011 τοιαύτη
3681 1958 3694 1972 ⁸
3735 1941 3879 1994 ἀλλὰ

2189 2021 2280 2073 τὸν
2302 2022 2478 2093 ἀληθῆ
2515 2025 2719 2094 κόσμον
2746 2025 3009 2094 ἐκέκτητο
3030 2042 3042 2054 ·
3067 2026 3178 2078 δι’ὃ
3209 2026 3303 2079 καὶ
3319 2027 3444 2088 ἀξία
3472 2023 3566 2078 τοῦ
3596 2025 3874 2094 πατριάρ-

2191 2118 2284 2172 χου
2311 2101 2398 2176 ἦν,
2431 2108 2523 2159 καὶ
2543 2108 2793 2180 καθάπερ
2834 2111 3040 2173 ἐκεῖνος
3065 2108 3295 2162 ἔσπευσε
3311 2109 3404 2161 καὶ
3421 2109 3513 2160 ἐπὶ
3541 2107 3636 2177 τὴν
3666 2106 3876 2177 σκηνὴν

2191 2191 2445 2263 ἔδραμεν,
2487 2193 2627 2247 οὕτω
2660 2195 2753 2247 καὶ
2786 2195 2966 2264 ἐκείνη
3002 2196 3139 2265 μετά
3172 2194 3411 2263 σπουδῆς
3467 2193 3528 2246 16
3580 2192 3875 2262 ἐπιταχθὲν

2190 2273 2450 2345 ἐπλήρου,
2494 2275 2588 2328 καὶ
2621 2274 2796 2351 ἐφύρα
2858 2276 2984 2346 τρία
3036 2277 3210 2346 μέτρα
3245 2274 3592 2344 σεμιδάλεως·
3648 2274 3874 2342 Ἐπειδὴ

2190 2356 2298 2426 γὰρ
2331 2360 2478 2425 τρεῖς
2501 2355 2638 2428 ἦσαν
2677 2359 2725 2411 οἱ
2764 2359 3201 2430 παραγεγονότες
3222 2398 3236 2416 .
3260 2359 3388 2429 τρία
3419 2359 3590 2428 μέτρα
3619 2357 3877 2410 ἐκέλευσε

2191 2440 2514 2508 φυραθῆναι,
2543 2440 2683 2494 ὥστε
2720 2440 2910 2494 θᾶττον
2940 2441 3141 2510 φθάσαι
3177 2441 3306 2504 τούς
3343 2441 3559 2510 ἄρτους.
3590 2442 3698 2494 Καὶ
3715 2439 3877 2492 τοῦτο

2189 2523 2583 2594 διαταξάμενος
2610 2527 2689 2587 είς
2725 2525 2822 2588 τὰς
2853 2525 2978 2593 βοῦς
3005 2525 3167 2578 πάλιν
3191 2525 3350 2586 αὐτὸς
3387 2525 3638 2594 ἔδραμεν.
3679 2525 3742 2575 Ὠ
3779 2524 3877 2590 γέ-

2194 2627 2376 2679 ροντος
2409 2609 2619 2680 νεότης,
2663 2607 2706 2660 ὢ
2734 2609 2914 2678 ψυχῆς
2941 2609 3092 2671 τόνος
3117 2623 3130 2635 ·
3171 2610 3350 2678 τρέχει
3373 2609 3465 2661 ἐπὶ
3491 2608 3586 2671 τὰς
3614 2607 3758 2676 βοῦς,
3778 2608 3878 2660 καὶ

2190 2692 2287 2744 οὑκ
2310 2691 2501 2761 ἀφίησί
2539 2709 2658 2744 τινα
2685 2692 2793 2744 τῶν
2818 2692 3040 2745 οἰκετῶν
3071 2692 3353 2756 ἀπελθεῖν,
3392 2692 3479 2745 διὰ
3524 2694 3740 2745 πάντων
3764 2693 3879 2744 δει-

2193 2777 2322 2837 κνὺς
2346 2779 2459 2840 τοῖς
2490 2777 2920 2847 παραγεγονόσιν
2941 2817 2954 2838 ,
3002 2777 3133 2846 ὅσης
3174 2776 3371 2845 ἡδονῆς
3404 2774 3720 2846 ἐπληρώθη,
3777 2778 3876 2827 καὶ

2190 2859 2338 2922 ὅπως
2391 2859 2529 2928 μέγα
2561 2877 2613 2912 τι
2663 2862 2876 2930 ἡγεῖται
2905 2861 3004 2930 τὴν
3053 2859 3231 2914 αὐτῶν
3273 2859 3609 2928 παρουσίαν.
3661 2858 3754 2910 καῖ⁹
3789 2858 3876 2911 ὅτι

2192 2941 2465 3012 θησαυρὸν
2509 2939 2648 2996 εἶναι
2698 2946 2756 2995 16
2785 2945 3016 3014 πρᾶγμα
3068 2943 3297 3012 νομίζει.
3349 2943 3455 2995 Kal
3485 2941 3684 3001 ἔλασε,
3715 2941 3874 3009 φησὶ,

2185 3025 2523 3094 μοσχάριον
2559 3027 2797 3079 ἁπαλὸν
2821 3027 2921 3081 καὶ
2971 3028 3192 3080 καλόν.
3242 3025 3412 3089 Αὐτὸς
3447 3027 3513 3078 δι’
3556 3026 3746 3078 ἑαυτοῦ
3774 3027 3878 3096 τὴν

2192 3109 2419 3180 ἐκλογὴν
2457 3113 2766 3179 ἐποιήσατο,
2803 3113 2898 3164 καὶ
2925 3111 2985 3164 16
3018 3110 3302 3164 κάλλιστον
3354 3110 3462 3162 τῶν
3495 3109 3662 3162 ὅντων
3694 3110 3879 3162 λαϐὼν

2192 3192 2372 3245 δίδωσι
2401 3193 2478 3263 τῷ
2502 3194 2671 3260 παιδὶ,
2708 3196 2956 3248 κάκεῖνον
2979 3194 3318 3262 κατεπείγων
3342 3193 3416 3263 μὴ
3438 3193 3717 3262 μελλῆσαι,
3737 3193 3878 3246 ἀλλὰ

2194 3275 2393 3346 πολλὴν
2430 3276 2527 3347 τὴν
2560 3277 2794 3348 σπουδὴν
2823 3277 3217 3344 ἐπιδείξασθαι.

2265 3365 2338 3422 ς’.
2377 3359 2576 3413 Σκόπει
2611 3359 2729 3424 πῶς
2758 3361 2934 3414 πάντα
2964 3361 3103 3430 μετά
3152 3363 3368 3431 τάχους,
3405 3360 3537 3428 μετὰ
3567 3357 3879 3429 προθυμίας

2193 3438 2443 3511 ζεούσης,
2474 3442 2611 3512 μετά
2639 3442 2970 3516 ἱλαρότητος,
2998 3443 3138 3513 μετὰ
3167 3447 3359 3516 χαρᾶς,
3383 3445 3519 3514 μετὰ
3543 3441 3744 3507 πολλῆς
3770 3442 3873 3510 τῆς

2193 3524 2459 3594 θυμηδίας
2489 3525 2714 3593 γίνεται.
2744 3526 2851 3579 Kal
2873 3526 3170 3594 ἑτάχυνεν
3191 3530 3224 3580 ὁ
3254 3526 3392 3591 παῖς
3408 3525 3582 3579 τοῦτο
3598 3517 3873 3591 ποιῆσαι,

2193 3608 2346 3678 φησί.
2404 3608 2513 3661 Καὶ
2549 3609 2669 3661 οὑδέ
2702 3608 2875 3671 οὑτως
2908 3609 3106 3678 ἠρέμει
3141 3611 3168 3661 6
3193 3607 3389 3677 γέρων,
3454 3606 3590 3660 ἀλλά
3623 3607 3784 3658 πάλιν
3814 3607 3874 3658 ἐν

2190 3690 2338 3754 τάξει
2361 3691 2634 3762 ὑπηρέτου
2653 3692 2888 3744 ἵσταται.
2920 3691 3025 3744 Kal
3054 3690 3570 3757 λαϐὼν-,βούτυρον
3591 3688 3688 3742 καὶ
3716 3687 3874 3754 γάλα
3910 3700 3912 3703 ·

2192 3774 2288 3826 καὶ
2309 3772 2377 3825 τὸ
2393 3772 2732 3842 μοσχάριον
2749 3774 2780 3827 ὃ
2805 3775 3074 3841 ἐποίησε,
3105 3775 3442 3841 παρέθηκεν
3465 3771 3681 3836 αὐτοῖς.
3698 3770 3872 3832 Αὐτὸς

2191 3854 2258 3906 δι’
2287 3854 2484 3908 ἐαυτοῦ
2515 3856 2694 3908 πάντα
2725 3859 2867 3909 ποιεῖ
2891 3857 2981 3909 καὶ
3013 3854 3369 3927 παρατίθησι.
3415 3855 3544 3916 Καὶ,
3567 3854 3684 3906 οὐδὲ
3719 3853 3869 3916 ἄξιον

2192 3938 2381 3991 ἐαυτὸν
2411 3937 2627 4008 ἐνόμισε
2657 3938 2750 3991 τοῦ
2777 3939 3218 4008 συγκαθεσθῆναι
3259 3939 3464 4000 αὐτοῖς,
3501 3936 3616 3990 ἀλλ’
3646 3937 3869 3988 ἐκείνων

2191 4020 2480 4075 ἐσθιόντων
2514 4024 2872 4092 παρειστήκει
2897 4022 3059 4086 αὐτὸς
3087 4021 3190 4075 6116
3216 4020 3276 4073 16
3302 4020 3539 4090 δένδρον.
3571 4020 3634 4072 Ὢ
3663 4018 3870 4086 φιλοξε-

2192 4103 2307 4169 νίας
2348 4105 2597 4175 μέγεθος,
2651 4105 2800 4178 [420]
2853 4105 2898 4159 ὣ
2954 4103 3447 4177 ταπεινοφροσύνης
3501 4101 3794 4173 ὑπερϐολὴ,
3823 4102 3870 4153 ὦ

2193 4186 2436 4256 φιλοθέου
2463 4187 2688 4258 γνώμης
2718 4188 3000 4251 ἐπίτασιςί
3034 4187 3391 4255 παρειστήκει
3415 4187 3441 4236 6
3476 4183 3869 4251 ἐκατονταέτης

2192 4264 2343 4332 οὗτος
2362 4269 2647 4342 ἄνθρωπος
2677 4270 2963 4323 ἐσθιόντων
2990 4269 3188 4322 αὐτῶν.
3235 4268 3290 4320 Ἐ
3300 4267 3389 4336 μοὶ
3435 4266 3595 4323 δοκεῖ,
3642 4266 3748 4317 6:6
3773 4264 3866 4317 106

2193 4352 2358 4405 πόθου
2383 4353 2577 4406 πολλοῦ
2608 4355 2701 4406 καὶ
2724 4355 2822 4424 τῆς
2839 4352 3167 4425 προθυμίας,
3189 4351 3282 4405 καὶ
3309 4351 3404 4420 τῆς
3424 4348 3702 4410 ἀσθενείας
3723 4348 3834 4401 ἀνῶ
3849 4378 3864 4387 -

2191 4453 2347 4507 τερον
2379 4436 2538 4489 αὐτὸν
2566 4437 2688 4489 τότε
2725 4435 3070 4507 γεγενῆσθαι,
3096 4436 3189 4487 καὶ
3213 4435 3363 4504 ίσχύν
3378 4449 3493 4485 τινα
3519 4431 3861 4500 προσλαϐεῖν.

2193 4517 2363 4571 Εῖωθε
2379 4519 2486 4589 γὰρ
2513 4517 2768 4582 πολλάκις
2787 4520 2818 4588 ἡ
2837 4519 2935 4587 τῆς
2957 4517 3132 4587 ψυχῆς
3151 4515 3443 4586 προθυμία,
3463 4513 3680 4564 ἐπειδὰν
3700 4514 3868 4582 Ξρρω-

2196 4602 2331 4673 μένη
2355 4597 2409 4672 ᾖ,
2436 4602 2594 4670 νικᾷν
2627 4600 2719 4654 τοῦ
2757 4599 3001 4669 σώματος
3037 4601 3134 4668 τὴν
3160 4597 3462 4651 ἀσθένειαν.
3488 4595 3738 4664 Είστήκει
3759 4596 3863 4647 τοί.-

2193 4703 2286 4740 νυν
2310 4687 2338 4737 6
2359 4684 2702 4754 πατριάρχης
2733 4682 2984 4752 καθάπερ
3013 4681 3246 4750 οἰκέτης,
3277 4679 3539 4748 μεγίστην
3555 4675 3716 4746 τιμὴν
3740 4675 3869 4728 106-

2191 4785 2291 4838 την
2323 4767 2645 4838 ἡγούμενος,
2679 4765 2772 4818 τοῦ
2827 4763 3224 4834 καταξιωθῆναι
3277 4759 3722 4831 ὐπηρετήσασθαι
3757 4761 3866 4822 τοῖς

2193 4849 2448 4920 παροῦσι,
2479 4851 2570 4902 καὶ
2598 4849 2688 4901 τὸν
2709 4847 2816 4900 ἀπὸ
2838 4848 2935 4916 τῆς
2955 4844 3259 4914 ὁδοιπορίας
3285 4843 3529 4912 κάματον
3563 4839 3740 4892 αὐτῶν
3765 4857 3867 4891 πα·

2127 4932 2132 4935 ’
2197 4930 2632 5002 ραμυθήσασθαι.
2660 4925 2812 4992 Εἶδες
2839 4929 2938 4997 ὅση
2980 4926 3073 4979 τοῦ
3119 4926 3329 4978 δικαίου
3366 4926 3398 4994 ή
3432 4922 3737 4992 φιλοξενία;
3774 4922 3862 4992 Μὴ

2191 5017 2298 5087 γὰρ
2321 5015 2383 5084 δὴ
2413 5014 2568 5066 τοῦτο
2593 5012 2804 5073 σκόπει,
2829 5012 2910 5063 ὅτι
2939 5009 3134 5081 ἄρτους
3163 5007 3441 5078 παρέθηκε
3468 5005 3559 5057 καὶ
3588 5005 3648 5056 τὸ
3667 5005 3864 5074 μοσχά-

2199 5117 2334 5164 ριον,
2369 5097 2482 5150 ἀλλ’
2514 5099 2688 5149 ἐκεῖνο
2728 5093 2977 5162 λογίζου,
3020 5091 3136 5162 μεθ’
3179 5092 3312 5159 ὅσης
3352 5089 3538 5158 τιμῆς,
3585 5087 3703 5156 μεθ’
3734 5089 3864 5158 ὅσης

2193 5181 2693 5254 ταπεινοφροσύνης
2747 5179 2818 5232 τὰ
2863 5177 2963 5246 τῆς
3018 5173 3332 5254 φιλοξενίας,
3372 5170 3860 5254 ἐπεδείκνυτοσξού

2195 5265 2445 5334 καθάπερ
2465 5252 2520 5317 Vol
2553 5263 2754 5322 πολλοὶ,
2782 5261 2884 5314 κᾶν
2910 5255 3178 5327 ποιήσωσί
3208 5253 3337 5307 ποτέ
3361 5270 3412 5306 τι
3437 5252 3695 5316 τοιοῦτον,
3722 5252 3863 5323 μέγα

2197 5347 2453 5417 φρονοῦσι
2508 5345 2650 5399 κατά
2702 5344 2808 5396 τῶν
2838 5339 3258 5409 ὐποδεχθέντων,
3314 5337 3407 5389 καὶ
3469 5335 3726 5399 πολλάκις
3770 5339 3865 5390 καὶ

2200 5429 2538 5501 ὑπερορῶσιν
2592 5426 2771 5480 αὐτῶν
2812 5423 2898 5477 διὰ
2925 5421 3021 5493 τὴν
3055 5419 3336 5501 φθάσασαν
3357 5419 3437 5501 είς
3466 5417 3662 5480 αὐτοὺς
3706 5417 3861 5501 θερα·

2203 5500 2380 5565 πείαν.
2403 5511 2570 5564 Τοῦτο
2589 5510 2644 5562 δέ
2673 5507 2855 5577 ὅμοιόν
2884 5508 2998 5558 ἐστι
3015 5502 3093 5573 τῷ
3115 5518 3235 5554 τινα
3255 5500 3479 5553 πλοῦτον
3497 5500 3861 5567 συναγαγόντα

2199 5596 2292 5647 καὶ
2329 5593 2710 5664 περιφέροντα,
2745 5593 2809 5642 ἐκ
2844 5587 2953 5640 τῶν
2993 5585 3190 5656 χειρῶν
3230 5585 3444 5637 ἅπαντα
3469 5581 3619 5650 ῥῖψαι
3650 5579 3863 5664 10001-

2199 5660 2437 5744 λεγέντα.
2472 5660 2536 5727 Ὅ
2559 5673 2667 5742 γὰρ
2691 5671 2828 5742 μετά
2847 5670 3101 5731 ἀπονοίας
3130 5685 3181 5719 τι
3197 5665 3586 5744 ἐργαζόμενος,
3604 5660 3863 5744 καὶᾉούτω

2207 5741 2374 5812 ποιῶν
2400 5760 2475 5821 ὡς
2509 5741 2760 5829 παρέχων
2793 5754 2990 5826 μᾶλλον
3015 5753 3047 5820 ἢ
3077 5744 3385 5817 λαμϐάνων,
3411 5746 3511 5797 οὐκ
3540 5741 3674 5796 οἶδεν
3698 5741 3726 5793 ὅ
3747 5741 3860 5829 δια-

2202 5843 2499 5911 πράττεται
2521 5857 2534 5870 ’
2559 5822 2822 5893 6-1010610
2842 5836 3103 5890 ἀπόλλυσι
3134 5830 3227 5885 καὶ
3244 5828 3330 5882 τὸν
3359 5829 3420 5881 ἐκ
3442 5826 3627 5880 τούτου
3651 5822 3858 5895 μισθόν.

2265 5978 2287 6007 ο
2316 5975 2440 6025 Tres
2478 5987 2591 6024 mss.
2637 5972 2887 6023 εὐάλωτος.
