4092 6408
261 435 357 490 5.9!
1281 429 1346 485 IN
1383 429 1536 486 CAP.
1579 428 1762 486 XVIII.
1803 429 2041 488 GENES.
2092 431 2318 488 llOMlL.
2363 433 2498 489 XLI.

256 547 685 604 exhortationem
701 561 894 602 meam.
920 544 1044 600 Scio
1063 551 1319 615 quantum
1338 545 1562 600 tuleritis
1583 545 1841 612 laborem,

256 643 502 712 conjecto
530 650 759 712 quantus
800 640 868 695 sit
893 638 1087 694 caloris
1113 645 1275 692 aestus
1305 654 1318 690 :
1345 648 1626 709 propterea
1656 638 1847 706 paulu-

258 737 370 792 lum
397 750 494 790 vos
541 749 787 790 recreare
814 733 954 787 volo.
991 731 1122 798 Quis
1149 739 1298 801 pater
1327 731 1462 786 ﬁlios
1504 745 1632 786 suos
1662 739 1847 787 tenere

255 828 505 897 diligens,
536 834 736 879 tantam
764 824 885 878 filiis
912 822 1129 877 exhibet
1157 821 1562 892 benignitatem,
1596 829 1850 890 quantam

258 920 346 975 ille
380 919 574 989 ignotis
600 928 654 973 et
687 918 998 987 peregrinis,
1031 924 1092 970 et‘
1129 930 1420 985 numquam
1446 915 1547 970 sibi
1591 914 1851 984 cognitis?

258 1011 459 1066 Verum
491 1011 612 1081 quia
670 1024 861 1080 magna
909 1009 1181 1064 alacritate
1236 1008 1496 1077 processit
1530 1022 1593 1062 ac
1632 1016 1852 1062 conten-

260 1103 426 1168 tione,
473 1111 790 1171 assequutus
821 1110 905 1156 est
946 1101 1304 1164 venationem,
1346 1109 1400 1154 et
1438 1100 1672 1168 praedam
1712 1101 1851 1154 intra

195 1187 198 1190 ’
258 1198 393 1251 retia
435 1196 754 1252 concludere
797 1200 988 1266 potuit.
1023 1195 1087 1249 Et
1128 1196 1383 1261 dixerunt,
1415 1195 1620 1266 inquit:
1654 1195 1744 1250 Sic
1772 1198 1852 1267 fa-

258 1291 462 1355 ciemus,
492 1298 546 1342 ut
585 1288 778 1342 dixisti.
811 1286 966 1343 Senis
1008 1286 1268 1342 excitatus
1297 1285 1652 1356 estjuvenilis
1677 1287 1847 1356 vigor.

259 1379 315 1433 lu
354 1380 621 1444 manibus,
654 1379 846 1450 inquit,
877 1378 1049 1434 habeo
1077 1378 1406 1442 thesaurum,
1455 1379 1667 1433 divitias
1697 1393 1852 1434 asse-

257 1480 457 1542 quutus
486 1487 628 1537 sum,
673 1470 963 1526 senectutis
1001 1470 1305 1526 obliviscar.
1338 1470 1404 1524 Et
1443 1468 1562 1525 vide
1600 1484 1725 1524 eum
1755 1484 1852 1524 ex-

258 1563 546 1618 sultantem
571 1563 623 1617 in
665 1578 849 1633 opere,
894 1572 949 1618 et
987 1563 1137 1632 quasi
1167 1578 1276 1632 prae
1316 1561 1510 1632 gaudio
1539 1562 1847 1626 saltantem,

260 1655 478 1723 perinde
506 1663 667 1726 atque
691 1657 859 1711 multa
889 1655 1024 1710 bona
1059 1657 1109 1709 in
1138 1656 1390 1710 manibus
1421 1654 1656 1723 aﬁ‘erret,
1689 1655 1762 1711 ita
1795 1669 1854 1711 se

257 1747 637 1802 obiectantem.
664 1747 718 1802 6.
748 1747 812 1801 Et
852 1747 1123 1818 festinavit,
1159 1748 1350 1818 inquit,
1381 1746 1637 1801 Abraham
1675 1749 1729 1802 in
1771 1758 1854 1802 ta-

259 1835 604 1891 bernaculum.
637 1837 805 1900 Sicut,
844 1837 1058 1908 quando
1095 1839 1160 1891 ad
1188 1839 1528 1894 venationem
1557 1840 1852 1895 contende-

263 1929 372 1995 bat,
409 1929 726 1999 signiﬁcavit
776 1929 892 2000 ejus
937 1929 1268 1986 alacritatem
1309 1941 1365 1986 et
1394 1932 1630 1987 laborem
1670 1931 1850 1987 divina

259 2019 556 2088 Scriptura,
581 2019 765 2075 dicens
795 2038 808 2075 :
842 2019 1074 2084 Accurrit
1093 2029 1260 2074 autem
1285 2022 1339 2075 in
1360 2037 1621 2076 occursum
1643 2039 1852 2077 eorum:

261 2111 334 2166 ita
365 2120 419 2166 et
439 2126 580 2166 nunc
606 2111 728 2182 quia
757 2112 887 2166 vidit
914 2114 1082 2179 viros,
1107 2122 1163 2168 et
1186 2113 1238 2168 id
1266 2113 1408 2184 quod
1433 2115 1651 2183 optabat
1671 2116 1852 2184 perfe-

260 2205 350 2269 cit,
385 2218 559 2274 neque
600 2204 677 2258 sic
717 2203 786 2258 ab
821 2204 1094 2259 alacritate
1136 2203 1380 2270 desistit;
1413 2205 1507 2261 sed
1543 2207 1712 2276 magis
1743 2205 1854 2261 fer-

260 2303 474 2350 ventem
501 2294 736 2349 declarat
777 2310 1036 2360 amorem,
1075 2295 1413 2366 nequequia
1443 2311 1663 2352 securus
1711 2307 1846 2365 erat,

260 2387 382 2442 ideo
413 2387 858 2458 fitnegligentior.
887 2386 942 2442 ld
970 2387 1112 2457 quod
1141 2389 1294 2443 nobis
1318 2387 1626 2459 frequenter
1649 2391 1848 2456 evenit,

181 2501 184 2510 “
264 2488 322 2535 et
350 2480 611 2551 principio
640 2479 798 2534 valde
837 2479 1060 2534 studiosi
1103 2495 1326 2534 sumus:
1353 2480 1566 2550 quando
1590 2488 1769 2536 autem
1799 2483 1852 2537 in

258 2573 536 2642 negotium
572 2579 790 2628 ventum
835 2581 938 2639 εει,
989 2586 1097 2625 non
1140 2587 1235 2642 par
1280 2573 1514 2627 studium
1557 2573 1850 2630 aﬁ'erimus.

262 2664 464 2721 Verum
492 2666 667 2735 justus
710 2681 816 2720 non
848 2667 946 2731 sic,
998 2665 1092 2720 sed
1119 2665 1287 2736 quid?
1319 2665 1516 2721 lterum
1545 2667 1760 2722 festinat
1799 2677 1854 2724 et

263 2765 534 2827 properat,
563 2765 618 2810 et
641 2758 805 2812 currit
821 2759 970 2812 senio
991 2756 1264 2812 confectus
1284 2758 1336 2812 in
1363 2743 1761 2814 tabernaculum
1787 2760 1852 2814 ad

262 2847 496 2916 Sarram,
528 2846 595 2901 Et
625 2848 754 2903 dixit
790 2849 838 2904 ei
865 2866 884 2903 :
912 2848 1170 2917 Accelera,
1201 2859 1248 2904 et
1282 2850 1436 2904 misce
1458 2859 1558 2905 tres
1591 2867 1853 2906 mensuras

261 2942 462 2996 similia.
487 2942 778 2998 Considera
801 2943 1070 3013 quomodo
1107 2952 1162 2998 et
1194 2943 1410 2998 Sarram
1434 2945 1731 2999 venationis
1759 2959 1851 3000 so-

260 3032 398 3086 ciam
427 3033 671 3100 assumit,
697 3043 752 3088 et
774 3033 1041 3102 quomodo
1066 3049 1187 3089 eam
1210 3035 1404 3101 erudit,
1430 3043 1489 3090 ut
1514 3050 1666 3090 suam
1685 3036 1849 3092 imite-

263 3134 347 3176 tur
375 3124 646 3177 virtutem.
679 3123 890 3177 Etenim
937 3132 991 3177 et
1021 3124 1165 3177 illam
1196 3122 1381 3179 incitat
1415 3140 1484 3178 ne
1527 3125 1706 3180 ofﬁcio
1751 3140 1851 3181 suo

262 3215 595 3284 negligenter
634 3213 902 3284 fungatur,
947 3214 1064 3281 sed,
1099 3214 1356 3282 Accelera,
1387 3215 1577 3284 inquit.
1610 3216 1852 3288 Magnam

262 3305 675 3374 negotiationem
719 3306 991 3375 assequuti
1041 3321 1246 3371 sumus,
1296 3321 1363 3359 ne
1408 3307 1695 3376 perdamus
1735 3309 1853 3364 the-

261 3411 500 3462 saurum,
541 3395 633 3450 sed
658 3395 911 3461 Accelera,
945 3405 990 3449 et
1031 3397 1182 3450 misce
1207 3407 1307 3451 tres
1334 3414 1594 3452 mensuras
1645 3400 1846 3454 similw.

263 3487 526 3554 Quoniam
556 3488 761 3542 sciebat
789 3487 914 3542 boni
953 3489 1130 3556 operis
1170 3488 1609 3559 magnitudinem,
1644 3491 1854 3547 volebat

262 3584 385 3638 vita:
420 3598 532 3638 suae
575 3584 772 3638 sociam
815 3584 977 3638 etiam
1026 3583 1384 3638 retribuenda:
1431 3585 1695 3640 mercedis
1732 3602 1854 3642 esse

263 3678 594 3746 participem.
626 3677 801 3744 Quare
844 3677 1006 3742 enim,
1047 3676 1134 3732 dic
1183 3676 1332 3741 mihi,
1366 3676 1494 3731 nulli
1538 3679 1851 3734 ancillarum

264 3771 368 3826 hoc
405 3771 677 3840 praecepit,
709 3771 801 3825 sed
832 3771 983 3824 uxori
1011 3779 1114 3824 tam
1145 3779 1408 3839 provecta:
1448 3772 1657 3835 aetatis?
1687 3788 1855 3826 nona-

260 3865 407 3935 ginta
442 3865 587 3919 enim
640 3879 901 3918 annorum
950 3870 1087 3917 erat.
1138 3862 1254 3917 Non
1298 3871 1556 3934 repugnat
1602 3864 1853 3920 mandato

260 3959 443 4022 Sarra,
480 3957 575 4012 sed
615 3973 798 4027 parem
820 3957 980 4012 etiam
1015 3956 1130 4024 ipsa
1168 3956 1497 4010 alacritatem
1537 3956 1712 4011 all‘ert.
1740 3958 1852 4011 Att-

261 4051 412 4105 diant
436 4049 554 4114 viri,
582 4050 796 4104 audiant
823 4048 1076 4102 mulieres
1102 4065 1115 4102 :
1143 4047 1241 4101 viri
1268 4046 1506 4117 quidem,
1536 4055 1593 4101 ut
1618 4047 1697 4102 sic
1727 4063 1852 4103 suas

260 4144 673 4198 contubernales
719 4142 988 4208 erudiant,
1030 4150 1089 4196 ut
1124 4141 1169 4195 si
1208 4140 1424 4210 quando
1467 4141 1743 4210 spirituale
1769 4141 1852 4196 lu-

259 4251 412 4291 crum
439 4234 656 4300 incidat,
704 4249 770 4290 ne
801 4249 896 4304 per
922 4233 1147 4288 famulos
1173 4232 1276 4288 hoc
1305 4232 1602 4302 perﬁciant,
1631 4233 1724 4288 sed
1756 4248 1854 4303 per

262 4327 468 4396 seipsos
496 4326 693 4381 faciant
719 4327 898 4380 omnia
923 4343 937 4390 ;
961 4325 1213 4380 mulieres
1255 4334 1453 4393 autem,
1499 4332 1558 4379 ut
1596 4324 1850 4380 festinent

256 4419 444 4489 juvare
484 4418 626 4473 viros
661 4419 715 4472 in
745 4425 852 4472 tam
895 4417 1050 4473 bonis
1095 4416 1368 4486 operibus,
1414 4424 1468 4472 et
1510 4432 1616 4472 non
1654 4417 1852 4472 erube-

263 4519 416 4565 scant
436 4510 847 4578 hospitalitatem
879 4509 932 4564 in
959 4509 1163 4579 aliquos
1189 4524 1462 4574 exercere,
1485 4509 1694 4579 illisque
1722 4525 1853 4564 con-

261 4618 454 4673 gruum
484 4602 724 4671 prmbere
757 4600 1110 4657 ministerium
1140 4620 1152 4655 :
1182 4602 1276 4656 sed
1308 4602 1582 4656 imitentur
1627 4602 1846 4657 Sarram

261 4695 517 4762 vetulam,
549 4694 601 4748 in
629 4703 770 4749 tanta
801 4704 1015 4751 senecta
1037 4695 1270 4749 laborem
1301 4695 1528 4750 libenter
1557 4695 1850 4766 suscipien-

264 4796 394 4852 tem,
417 4795 472 4842 et
493 4785 808 4840 famularum
829 4801 987 4856 opera
1017 4786 1406 4856 perﬁcientem.

337 4879 605 4935 Inveltitur
627 4881 682 4934 in
707 4889 941 4935 ornatum
969 4882 1256 4935 mulierum.
1284 4913 1354 4922 —
1384 4883 1577 4937 Verum
1603 4885 1715 4939 scio
1739 4885 1852 4942 fore

265 4983 325 5030 nt
350 4975 528 5030 nullus
557 4974 694 5031 ferat
722 4989 783 5030 ea
811 4989 930 5044 qua:
969 4989 998 5028 a
1035 4975 1191 5031 nobis
1216 4975 1485 5031 dicuntur.
1517 4976 1670 5031 Nunc
1709 4978 1852 5033 enim

265 5086 454 5126 omnes
480 5071 634 5139 plane
662 5069 932 5124 contraria
955 5069 1039 5124 via
1069 5069 1340 5135 incedunt,
1369 5079 1424 5126 et
1469 5070 1632 5125 multa
1661 5071 1851 5125 mulie-

153 5177 172 5190 “
263 5179 385 5217 rum
420 5173 503 5217 est
545 5161 818 5228 mollities,
869 5176 1133 5232 omneque
1191 5163 1426 5218 studium
1469 5162 1521 5216 in
1569 5162 1714 5217 cultu
1762 5177 1855 5218 ve-

265 5242 448 5322 stium,
476 5252 530 5310 in
567 5256 746 5310 aureis
785 5255 1121 5310 ornamentis
1166 5264 1221 5310 et
1265 5254 1552 5310 monilibus
1579 5263 1738 5324 atque
1763 5270 1856 5309 ex-

267 5357 421 5403 terno
440 5355 654 5413 ornatu,
681 5346 875 5402 animae
900 5361 1029 5402 vero
1055 5346 1199 5401 nulla
1228 5355 1312 5401 est
1334 5361 1482 5400 cura.
1510 5344 1694 5415 Neque
1719 5345 1855 5399 Pau-

265 5439 349 5495 lus
377 5454 468 5494 cas
490 5448 810 5506 commovet,
853 5437 1075 5494 dicens:
1107 5436 1229 5492 Non
1255 5438 1309 5492 in
1333 5438 1552 5491 crinibus
1583 5437 1744 5503 tortis,
1778 5438 1856 5492 vel

259 5544 414 5592 auro,
442 5531 521 5584 vel
541 5531 850 5600 margaritis,
873 5530 949 5585 vel
972 5539 1267 5599 sumptuosa
1292 5538 1422 5583 veste
1446 5527 1524 5598 (1.
1547 5527 1677 5582 Tim.
1698 5529 1753 5582 2.
1773 5531 1852 5600 9).

265 5623 401 5678 Vide
431 5622 663 5677 animam
701 5623 838 5677 hanc
868 5623 1045 5693 ipsum
1091 5622 1282 5677 cadum
1320 5623 1687 5694 attingentem,
1719 5639 1856 5695 quo-

265 5715 428 5771 modo
453 5729 558 5770 non
579 5716 784 5786 putavit
803 5715 1079 5786 indignum
1103 5729 1162 5771 se
1187 5725 1241 5770 et
1260 5715 1385 5780 vile,
1412 5717 1572 5770 etiam
1594 5717 1662 5773 de
1685 5718 1855 5786 capil-

265 5807 444 5862 lorum
469 5809 797 5863 ornamentis
840 5808 1151 5864 admonere.
1183 5807 1406 5864 Merito:
1432 5823 1592 5864 omne
1634 5810 1776 5865 enim
1805 5810 1856 5864 ei

270 5897 505 5955 studium
528 5907 644 5956 erat
672 5899 723 5955 in
757 5899 1048 5956 excolenda
1073 5899 1267 5958 anima.
1297 5899 1431 5967 Quia
1467 5899 1625 5972 igitur
1655 5901 1855 5958 sciebat

3469 436 3574 493 582

1962 545 2075 601 haec
2101 547 2328 603 maxime
2351 549 2546 603 anima:
2570 547 2855 619 perniciem
2887 564 3160 620 generare,
3189 549 3310 605 ideo
3335 565 3442 606 non
3477 569 3567 610 rex

1957 636 2090 708 fugit
2115 639 2202 693 illa
2233 638 2424 694 aﬁ’erre
2454 655 2572 710 quae
2601 641 2990 696 conveniebant
3027 642 3102 696 ad
3125 642 3426 698 docendum
3454 659 3549 700 eas

1956 745 2074 799 qua:
2102 730 2193 784 illo
2213 731 2399 785 morbo
2420 731 2765 796 laborabant;
2796 733 3086 803 sed'inquit
3121 752 3133 788 :
3163 734 3217 790 Si
3243 736 3322 790 vis
3344 735 3550 801 ornari,

1957 836 2085 876 vero
2113 829 2163 877 te
2193 831 2384 876 ornatu
2409 823 2544 888 cole,
2569 840 2724 894 quem
2750 824 2905 880 decet
2932 826 3184 882 mulieres
3212 826 3326 896 pias
3355 845 3368 881 :
3400 828 3556 884 bonis

1959 924 2011 968 te
2031 915 2284 984 aperibus
2311 930 2466 970 orna.
2499 916 2594 971 Hic
2631 918 2825 972 animae
2868 919 3043 974 cultus
3084 929 3186 985 est,
3218 919 3306 976 hic
3333 936 3364 976 a
3393 922 3554 976 nullis

1958 1009 2195 1062 externis
2225 1009 2631 1072 condemnatur,
2661 1010 2802 1065 hunc
2844 1012 3020 1067 nullus
3048 1013 3348 1083 depraedari
3395 1025 3546 1085 pote-

1959 1101 2050 1166 rit,
2086 1100 2172 1156 hic
2197 1110 2457 1170 perpetuo
2485 1113 2665 1158 manet
2696 1113 2840 1158 tutus
2871 1113 2924 1159 et
2951 1105 3175 1175 integer.
3210 1108 3251 1160 A
3280 1108 3426 1162 cultu
3452 1124 3548 1161 au-

1961 1202 2066 1247 tem
2108 1203 2331 1249 externo
2370 1195 2647 1250 innumera
2677 1197 2923 1252 oriuntur
2961 1199 3099 1252 mala
3131 1200 3404 1254 :nondum
3434 1201 3556 1256 dico

1959 1285 2150 1340 anima:
2181 1298 2520 1354 nocumenta,
2565 1291 2924 1358 arrogantiam
2957 1307 3076 1360 quae
3122 1292 3248 1348 inde
3287 1295 3547 1361 nascitur,

1961 1375 2269 1445 despectum
2312 1379 2560 1446 proximi,
2608 1379 2800 1434 fastum
2845 1380 3086 1450 Spiritus,
3138 1383 3330 1437 animae
3367 1399 3555 1440 corru-

1960 1467 2220 1536 ptionem,
2249 1469 2584 1538 voluptatum
2613 1470 2915 1525 illicilarum
2967 1488 3227 1540 examen;
3269 1475 3364 1530 sed
3405 1476 3558 1532 facile

1960 1557 2209 1627 diripitur
2242 1552 2342 1612 ille'
2366 1560 2538 1615 cultus
2576 1570 2630 1615 et
2663 1561 2984 1616 famulorum
3016 1564 3346 1635 malignitate
3383 1567 3550 1621 latro-

1963 1665 2198 1718 numque
2227 1650 2453 1718 insidiis,
2486 1666 2694 1707 necnon
2736 1655 3188 1724 sycophantarum
3232 1658 3545 1723 calumniis;

1961 1750 2017 1796 et
2057 1741 2262 1797 inﬁnita
2303 1745 2441 1798 mala
2492 1743 2735 1801 invenire
2786 1747 2837 1801 in
2884 1762 2952 1803 eo
2984 1748 3127 1815 licet,
3169 1766 3236 1806 ac
3269 1761 3564 1823 perpetuas

1960 1835 2362 1890 amaritudines.
2391 1837 2552 1906 Atqui
2583 1836 2740 1893 Sarra
2767 1839 2886 1894 talis
2916 1855 3022 1895 non
3061 1853 3213 1909 erat;
3245 1844 3340 1900 sed
3370 1861 3561 1900 verum

1962 1926 2272 1995 possidebat
2300 1938 2546 1983 ornatum
2571 1948 2585 1984 :
2607 1928 2729 1984 ideo
2752 1938 2807 1986 et
2832 1930 2988 2002 digna
3013 1931 3109 1986 fuit
3132 1935 3432 2004 patriarcha
3459 1955 3472 1990 :
3499 1949 3555 1992 et

1961 2017 2099 2071 sicut
2137 2016 2227 2073 ille
2262 2016 2555 2084 festinavit,
2583 2029 2639 2073 et
2675 2020 2730 2074 in
2770 2021 3168 2078 tabernaculum
3199 2027 3453 2091 cucurrit,
3482 2027 3553 2080 ita

1961 2118 2015 2163 et
2058 2109 2171 2178 ipsa
2211 2124 2406 2180 magno
2444 2110 2620 2166 studio
2666 2110 2792 2167 fecit
2834 2128 2952 2183 quae
2983 2113 3240 2184 imperata
3283 2128 3455 2184 erant,
3501 2130 3556 2172 et

1963 2201 2178 2256 miscuit
2210 2209 2318 2257 tres
2366 2217 2645 2258 mensuras
2684 2203 2895 2258 similae.
2935 2205 3065 2260 Nam
3095 2208 3217 2277 quia
3257 2216 3365 2264 tres
3393 2222 3552 2265 erant

1960 2294 2050 2362 qui
2087 2294 2434 2361 advenerant,
2467 2304 2575 2350 tres
2605 2310 2882 2351 mensuras
2905 2296 3068 2366 jussit
3107 2300 3343 2363 misceri,
3392 2309 3447 2355 ut
3474 2301 3548 2354 ci-

1963 2385 2066 2440 tius
2093 2400 2256 2455 panes
2292 2394 2627 2456 pararentur.
2657 2386 2726 2442 Et
2753 2397 2809 2443 ut
2839 2388 2940 2442 hoc
2969 2391 3244 2459 prmcepit,
3285 2391 3350 2445 ad
3383 2392 3546 2447 boves

1960 2477 2075 2547 ipse
2122 2479 2315 2535 iterum
2355 2481 2589 2535 cucurrit
2625 2478 2694 2554 (v.
2740 2478 2820 2552 7).
2848 2481 2894 2536 0
2943 2484 3088 2538 senis
3112 2483 3482 2553 juventutem!
3524 2505 3556 2537 υ

1960 2569 2153 2625 animae
2187 2569 2459 2641 vigorem!
2492 2571 2662 2626 currit
2704 2571 2772 2625 ad
2815 2571 3002 2639 boves,
3035 2582 3091 2628 et
3139 2589 3246 2628 non
3289 2578 3550 2644 permittit

1960 2663 2190 2734 aliquem
2219 2663 2532 2717 famulorum
2562 2678 2628 2718 eo
2651 2678 2904 2734 pergere:
2927 2679 3021 2734 per
3043 2666 3219 2720 omnia
3247 2677 3556 2722 monstrans

1961 2755 2025 2809 iis
2055 2754 2144 2825 qui
2185 2754 2532 2822 advenerant,
2562 2766 2760 2825 quanta
2805 2756 3073 2826 voluptate
3112 2759 3359 2826 perfusus
3387 2771 3552 2824 esset,

1961 2856 2014 2902 et
2041 2847 2224 2917 quanti
2257 2845 2460 2903 faceret
2489 2863 2676 2902 eorum
2707 2849 3068 2917 pracsentiam,
3099 2864 3262 2919 seque
3292 2849 3434 2905 hunc
3459 2869 3554 2920 pro

1961 2939 2213 2993 thesauro
2237 2939 2434 2994 habere
2459 2939 2742 2994 honorem.
2776 2939 2839 2992 Et
2868 2941 3083 3010 accepit,
3114 2941 3301 3011 inquit,
3335 2943 3547 2996 vitulum

1964 3033 2202 3086 tenellam
2230 3041 2276 3086 et
2333 3031 2537 3086 bonum.
2595 3031 2710 3102 Ipse
2754 3047 2849 3102 per
2890 3033 3234 3102 semetipsum
3287 3033 3551 3090 delectum

1961 3122 2107 3188 fecit,
2139 3132 2194 3179 et
2221 3123 2479 3194 optimum
2515 3123 2604 3193 qui
2638 3122 2824 3178 aderat
2847 3132 3124 3193 acceptum
3172 3140 3340 3195 puero
3367 3125 3548 3188 dedit,

1964 3228 2018 3272 et
2066 3219 2212 3272 illum
2261 3233 2473 3289 quoque
2499 3225 2675 3289 urget,
2708 3225 2767 3272 ut
2815 3217 2932 3272 sine
2982 3233 3129 3272 mora
3151 3227 3405 3288 quantum
3440 3220 3572 3274 fieri”

1960 3318 2139 3378 potest
2162 3318 2502 3379 approperet.
2619 3289 2632 3305 ’

2034 3401 2087 3456 6.
2129 3402 2510 3458 Animadverte
2547 3402 2816 3472 quomodo
2859 3402 3037 3456 omnia
3081 3417 3202 3456 cum
3250 3402 3551 3466 velocitati»,

1962 3508 2084 3549 cum
2109 3495 2335 3550 ferventi
2364 3496 2660 3562 alacritate,
2694 3511 2816 3550 cum
2853 3495 3140 3561 hilaritate,
3185 3509 3306 3550 cum
3336 3495 3550 3564 gaudio,

1960 3601 2082 3641 cum
2133 3601 2321 3656 magna
2344 3587 2676 3655 jucunditate
2717 3586 2866 3641 ﬁant.
2921 3585 2985 3640 Et
3017 3587 3268 3656 festinavit
3305 3603 3429 3655 puer
3463 3588 3557 3639 Iwc

1964 3680 2152 3748 facere.
2191 3676 2374 3747 Neque
2401 3677 2487 3730 hic
2508 3691 2670 3732 senex
2698 3675 2943 3744 quiescit,
2976 3676 3071 3730 sed
3098 3676 3288 3730 iterum
3314 3677 3365 3729 in
3395 3678 3558 3729 minio

1961 3770 2058 3824 stri
2083 3770 2327 3826 ordinem
2352 3769 2560 3824 transit.
2591 3770 2645 3825 8.
2677 3767 2747 3822 Et
2767 3777 2820 3822 ut
2841 3769 3034 3838 accepit
3063 3769 3300 3838 butyrum
3329 3779 3376 3821 et
3400 3768 3480 3821 Iac
3510 3779 3575 3822 ct’

1960 3861 2192 3929 vitulum,
2225 3878 2373 3933 quem
2413 3869 2743 3928 mactaverat,
2775 3861 3014 3932 apposuit
3055 3860 3176 3914 illis.
3208 3861 3301 3914 Sic
3330 3877 3425 3928 per
3466 3877 3557 3915 ευρ

1962 3955 2248 4024 met'tpsum
2289 3954 2468 4009 omnia
2497 3953 2625 4008 facit
2669 3963 2724 4008 et
2764 3953 3001 4022 apponit.
3034 3953 3103 4007 Et
3131 3968 3304 4022 neque
3334 3953 3552 4022 dignum

1961 4047 2311 4117 semetipsum
2338 4047 2548 4102 censuit
2577 4047 2669 4116 qui
2699 4045 3005 4101 consideret
3034 4061 3154 4100 eum
3183 4047 3282 4112 eis,
3321 4048 3414 4102 sed
3449 4049 3557 4104 illis

1961 4137 2366 4195 comedentibus
2401 4137 2651 4192 adstabat
2677 4137 2793 4206 ipse
2824 4138 2924 4191 sub
2952 4137 3165 4192 arbore.
3209 4136 3254 4192 Ο
3285 4139 3555 4209 magnitu-

1960 4230 2140 4285 dinem
2183 4228 2594 4298 hospitalitatis!
2637 4243 2670 4283 ο
2709 4228 3024 4283 humilitatis
3069 4229 3476 4286 excellentiam!
3522 4252 3554 4285 o

1961 4332 2195 4378 mentem
2223 4320 2511 4376 admodum
2556 4321 2890 4392 religiosam!
2924 4321 3170 4377 adstabat
3210 4326 3557 4379 centenarias

1960 4419 2122 4475 homo
2149 4417 2551 4474 comedentibus
2581 4417 2708 4471 illis.
2735 4416 2863 4471 Mihi
2890 4417 3100 4472 videtur
3126 4427 3250 4473 tunc
3280 4435 3391 4490 pra:
3419 4435 3552 4489 gau-

1960 4513 2049 4567 dio
2064 4511 2445 4580 alacritateque
2476 4509 2663 4572 multa,
2695 4509 3058 4564 imbecillitate
3083 4525 3176 4563 sua
3201 4509 3367 4565 factus
3395 4526 3552 4581 supe-

1961 4606 2090 4669 rior,
2140 4615 2195 4658 et
2235 4603 2400 4658 robur
2425 4601 2694 4674 quoddam
2734 4603 3026 4672 accepisse.
3061 4603 3215 4673 Saepe
3245 4605 3385 4658 enim
3417 4621 3550 4660 con-

1961 4697 2140 4754 suevit
2180 4697 2430 4752 alacritas
2476 4695 2690 4762 animae,
2738 4694 2783 4750 si
2822 4696 3034 4765 quando
3080 4697 3327 4752 roborata
3375 4698 3551 4762 fuerit,

1961 4791 2174 4845 vincere
2196 4787 2440 4858 corporis
2466 4787 2912 4843 imbecillitatem.
2942 4785 3127 4843 Stabat
3150 4788 3307 4858 igitur
3331 4792 3551 4854 patriar-

1960 4880 2060 4936 cha
2087 4880 2239 4951 quasi
2267 4879 2520 4945 famulus,
2553 4879 2655 4934 hoc
2681 4893 2893 4934 summo
2935 4879 3122 4933 honori
3159 4878 3380 4941 habens.
3413 4883 3552 4951 quod

1963 4973 2317 5042 prmsentibus
2341 4971 2690 5039 ministraret,
2730 4982 2784 5027 et
2829 4970 3095 5026 solaretur
3121 4971 3330 5027 itineris
3368 4990 3553 5028 eorum

1962 5066 2220 5121 laborem.
2267 5065 2460 5120 Vidisti
2512 5075 2709 5136 quanta
2755 5065 2888 5135 justi
2938 5063 3322 5134 h05pitalitas?
3372 5066 3557 5136 Neque

1962 5159 2102 5213 enim
2133 5160 2234 5214 hoc
2256 5158 2428 5214 solum
2450 5157 2755 5225 considera,
2783 5157 2926 5228 quod
2946 5172 3111 5227 panes
3141 5160 3478 5227 proposuerit
3495 5169 3549 5214 et

1963 5250 2230 5306 vitulum:
2260 5250 2353 5305 sed
2407 5249 2533 5304 illud
2578 5250 2786 5320 cogita,
2833 5263 2954 5302 cum
3007 5256 3208 5318 quanto
3251 5247 3457 5303 honore
3501 5258 3557 5303 et

1962 5350 2162 5413 quanta
2186 5341 2449 5397 modestia
2489 5339 2726 5396 exhibita
2770 5339 2839 5394 sit
2869 5338 3224 5409 hospitalitas.
3267 5339 3382 5394 Non
3419 5339 3558 5395 sicut

1963 5434 2140 5502 multi,
2164 5434 2255 5504 qui
2285 5431 2478 5503 siquid
2521 5432 2628 5487 tale
2665 5429 2910 5496 fecerint,
2943 5430 3260 5499 superbiunt
3293 5439 3349 5484 et
3372 5430 3555 5499 despi~

1963 5527 2110 5582 ciunt
2155 5535 2430 5596 susceptos
2472 5524 2733 5594 hospites,
2766 5538 2833 5578 eo
2863 5521 3008 5592 quod
3051 5522 3408 5576 ministerium
3451 5521 3561 5579 illis

1964 5619 2269 5676 exhibeant.
2301 5617 2414 5673 Hoc
2444 5626 2622 5672 autem
2653 5614 2877 5686 perinde
2905 5622 3008 5678 est,
3043 5629 3104 5667 ac
3135 5613 3178 5669 si
3207 5613 3325 5682 quis
3347 5613 3558 5669 divitias

1963 5720 2252 5784 congreget
2287 5720 2342 5766 et
2387 5708 2768 5765 circumferat:
2798 5715 2853 5762 et
2894 5721 3014 5761 cum
3053 5705 3349 5776 collegerit,
3378 5705 3558 5760 omnia

1963 5805 2123 5861 simul
2156 5821 2186 5860 e
2209 5803 2456 5860 manibus
2481 5801 2746 5872 projiciat.
2781 5800 3035 5870 Quisquis
3066 5799 3213 5855 enim
3257 5815 3376 5854 cum
3409 5814 3560 5853 arro-

1969 5901 2149 5969 gantia
2195 5907 2445 5970 operatur
2488 5896 2780 5968 quidpiam,
2839 5903 2892 5950 ct
2941 5893 3019 5950 sic
3073 5892 3197 5949 facit
3248 5892 3397 5963 quasi
3443 5892 3559 5961 plus
