4092 6408
460 419 575 472 585

464 534 729 605 praeberet
758 545 913 600 quam
938 531 1221 599 acciperet,
1253 530 1426 586 nescit
1449 530 1573 601 quid
1600 528 1756 584 faciat
1785 544 1798 581 :
1824 525 2050 597 proinde

465 636 520 679 et
546 623 869 687 mercedem,
894 639 1012 692 qum
1043 623 1165 677 hinc
1195 624 1523 692 proveniret,
1546 622 1826 692 disperdit.
1858 620 2053 674 Verum

466 719 638 790 justus
672 717 760 771 ille
797 716 974 770 sciens
1018 714 1146 785 quid
1200 725 1527 785 operaretur,
1584 730 1678 784 per
1718 712 1895 767 omnia
1938 726 2057 781 quae

467 809 712 875 faciebat,
742 808 1056 861 ostendebat
1084 808 1411 863 alacritatem
1441 808 1653 862 mentis.
1688 806 1757 861 Et
1780 815 2058 874 postquam

466 901 684 968 largiter
712 910 766 954 et
794 914 981 968 magna
1011 898 1280 953 hilaritate
1306 898 1591 953 seminavit
1618 896 2053 966 hospitalitatem,

466 990 647 1045 statim
693 998 748 1043 et
778 988 1081 1058 manipulos
1119 989 1422 1043 uberrimos
1449 988 1690 1044 messuit.
1720 986 1853 1041 Nam
1880 987 1968 1039 ubi
1992 1000 2053 1040 ea

468 1097 586 1150 quae
616 1096 680 1135 ex
731 1096 788 1134 se
837 1088 993 1134 erant
1039 1079 1299 1149 implevit,
1330 1089 1385 1134 et
1423 1079 1556 1133 nihil
1586 1078 1954 1150 praetermisit,
1996 1091 2059 1131 ac

469 1176 627 1228 ﬁnem
654 1181 996 1243 acceperunt,
1020 1188 1138 1243 quae
1160 1172 1226 1227 ad
1254 1172 1668 1243 hospitalitatem
1699 1170 2055 1241 pertinebant,

469 1265 846 1336 declarataque
872 1264 1116 1334 fuitjusti
1141 1265 1307 1319 virtus
1337 1282 1350 1318 :
1386 1273 1513 1319 tunc
1547 1263 1764 1320 demum
1798 1271 1854 1317 ut
1885 1262 2059 1317 disce-

472 1369 553 1413 ret
601 1358 775 1427 jnstus
828 1365 1150 1427 quantorum
1193 1366 1247 1411 et
1294 1358 1530 1425 qualium
1588 1357 1847 1411 bonorum
1898 1371 2056 1410 causa

473 1452 629 1506 fuerit
672 1449 1024 1519 hospitalitas,
1064 1449 1372 1505 manifestat
1416 1463 1476 1504 se
1512 1450 1555 1504 is
1603 1450 1694 1519 qui
1738 1448 2055 1513 advenerat,

472 1557 630 1614 atque
668 1543 919 1612 paulatim
953 1543 1157 1613 justum
1195 1559 1306 1598 suze
1344 1542 1760 1614 magnitudinem
1808 1543 2059 1611 potentia:

471 1636 649 1690 docet.
681 1634 811 1688 Nam
845 1635 933 1688 ubi
961 1634 1087 1688 vidit
1117 1649 1237 1689 eum
1270 1643 1500 1689 stantem
1532 1634 1670 1703 apud
1700 1649 1973 1703 quercum,
2006 1642 2061 1688 et

475 1727 667 1781 stando
710 1743 958 1796 magnum
1018 1727 1276 1781 honorem
1332 1736 1386 1780 et
1440 1727 1794 1781 ministerium
1843 1725 2055 1791 afferre,

472 1820 609 1873 dixit
648 1820 695 1873 ei
725 1838 736 1873 :
770 1819 825 1874 9.
862 1818 959 1873 Ubi
1004 1828 1075 1872 est
1122 1818 1284 1873 Sarra
1324 1834 1453 1872 uxor
1498 1819 1621 1871 tua?
1651 1818 1841 1873 Statim
1881 1828 2059 1872 autem

473 1926 569 1979 per
597 1911 1065 1980 interrogationem
1107 1910 1463 1965 subindicavit
1506 1911 1557 1965 ei
1601 1926 1661 1965 se
1708 1927 1812 1965 non
1844 1922 1966 1966 esse
1993 1926 2061 1965 ex

474 2003 781 2072 vulgaribus
802 2002 1056 2071 aliquem,
1090 2012 1274 2071 utpote
1303 2003 1390 2069 qui
1412 2011 1466 2057 et
1492 2004 1672 2056 uxoris
1699 2002 1840 2056 illius
1865 2016 2059 2057 nomen

477 2097 663 2150 sciret.
717 2096 809 2151 Ille
866 2104 1043 2149 autem
1092 2096 1295 2163 inquit:
1327 2094 1461 2148 Ecce
1503 2096 1557 2147 in
1602 2095 1944 2149 tabernaculo.
1992 2095 2061 2149 Et

473 2188 596 2254 quia
639 2188 842 2252 statim,
874 2194 1143 2255 tamquam
1172 2187 1335 2252 Deus,
1367 2186 1696 2255 poliiciturns
1726 2196 1842 2241 erat
1870 2188 1918 2240 ei
1944 2202 2064 2257 qua:

473 2294 633 2348 supra
677 2288 918 2333 naturam
947 2287 1123 2345 erant,
1155 2288 1371 2348 propter
1403 2278 1504 2334 hoc
1529 2288 1585 2333 et
1609 2279 1839 2335 dicendo
1863 2294 2063 2334 nomen

476 2371 650 2425 Sarra:
691 2371 1007 2441 signiﬁcavit
1045 2386 1202 2440 supra
1250 2371 1520 2426 hominem
1564 2385 1684 2426 esse
1721 2387 1843 2426 eum
1873 2372 1961 2442 qui
2010 2371 2064 2425 in

477 2461 877 2516 tabernaculum
905 2462 1022 2531 ejus
1052 2460 1362 2515 diverterat.
1393 2462 1481 2516 10.
1509 2460 1779 2516 Revertens
1805 2463 1956 2525 enim,
1986 2463 2066 2515 in-

476 2552 611 2621 quit,
643 2553 836 2605 veniam
876 2552 943 2605 ad
975 2561 1023 2605 te
1047 2552 1320 2605 secundum
1364 2563 1561 2621 tempus
1600 2552 1693 2605 hoc
1728 2552 1780 2606 in
1817 2553 1988 2617 horas,
2020 2563 2067 2606 et

479 2642 676 2697 habebit
702 2644 867 2711 ﬁlium
897 2641 1060 2698 Sarra
1082 2659 1211 2696 uxor
1231 2652 1337 2696 tua.
1368 2642 1508 2697 Ecce
1543 2642 1923 2712 hospitalitatis
1954 2646 2067 2697 fru-

480 2744 623 2799 ctus,
652 2748 779 2788 ecce
807 2732 1101 2787 alacritatis
1135 2733 1276 2788 illius
1304 2733 1455 2788 mirae
1485 2749 1714 2800 merces,
1758 2750 1882 2790 ecce
1921 2735 2068 2789 labo-

486 2840 604 2880 rum
632 2824 804 2879 Sarrm
844 2825 1244 2879 retributiones.
1278 2824 1383 2879 Illa
1420 2835 1609 2885 autem,
1654 2826 1844 2896 inquit,
1876 2826 2067 2879 audivit

474 2918 628 2985 juxta
658 2918 838 2971 ostium
860 2917 1189 2983 tabernaculi,
1211 2927 1351 2971 stans
1380 2926 1490 2986 post
1510 2918 1657 2971 illud.
1694 2919 1777 2972 12.
1802 2916 1870 2971 Et
1896 2928 1950 2971 ut
1975 2918 2070 2970 hoc

481 3010 693 3077 audivit,
722 3011 831 3064 risit
854 3027 1043 3075 secum,
1086 3011 1255 3064 dicens
1279 3028 1297 3064 :
1327 3009 1570 3064 Nondum
1599 3011 1800 3081 quidem
1824 3012 1946 3064 mihi
1973 3010 2068 3078 fuit

482 3117 637 3170 usque
662 3117 833 3167 nunc;
862 3101 1096 3155 dominus
1121 3110 1288 3154 autem
1315 3116 1452 3154 meus
1471 3115 1641 3154 senex.
1672 3100 1740 3154 Et
1770 3109 1825 3154 ut
1852 3108 2072 3155 excuset

488 3195 664 3248 divina
694 3194 965 3264 Scriptura
995 3194 1233 3259 Sarram,
1258 3194 1403 3261 prius
1432 3193 1773 3263 significavit:
1794 3194 1876 3247 11.
1909 3193 2073 3246 Abra-

491 3288 607 3338 ham
636 3295 802 3337 autem
842 3294 887 3338 et
932 3284 1093 3338 Sarra
1119 3285 1369 3355 progressi
1396 3294 1536 3337 erant
1568 3285 1621 3337 in
1650 3284 1822 3338 diebus
1856 3286 1980 3337 suis.
2010 3285 2075 3339 Et

490 3390 663 3445 neque
702 3375 803 3429 hoc
836 3384 1084 3430 contenta
1122 3376 1304 3444 adjicit
1333 3393 1345 3428 :
1373 3373 1440 3427 Et
1480 3375 1729 3429 desierant
1762 3375 1937 3428 Sarra:
1964 3376 2075 3444 ﬁeri

486 3462 770 3522 muliebria.
818 3468 1099 3523 Arefactus
1146 3476 1283 3533 erat,
1332 3467 1519 3537 inquit,
1576 3467 1724 3533 fons,
1778 3478 2075 3524 cxcamatus

487 3560 695 3625 oculus,
729 3559 941 3613 officina
989 3560 1101 3628 ipsa
1144 3568 1255 3613 erat
1303 3559 1503 3613 inutilis
1543 3557 1697 3612 facta.
1730 3558 1810 3613 Ad
1837 3552 1953 3631 quae
1993 3576 2075 3615 re-

488 3654 721 3723 spiciens
766 3652 946 3717 Sarra,
993 3653 1258 3721 cogitabat
1299 3652 1437 3721 apud
1475 3653 1815 3719 semetipsain
1865 3663 2076 3719 artaJem

493 3759 648 3797 suam
693 3754 745 3797 et
775 3751 1103 3798 senectutem
1141 3742 1455 3810 patriarchm
1485 3744 1552 3814 (v.
1586 3742 1697 3811 12).
1724 3742 1920 3797 Verum
1951 3744 2078 3799 dum

495 3837 584 3889 illa
613 3838 749 3889 intra
785 3835 1179 3889 tabernaculum
1204 3836 1274 3887 ita
1314 3835 1528 3905 cogitat,
1558 3834 1602 3887 is
1634 3836 1720 3904 qui
1759 3837 1860 3889 scit
1886 3852 2078 3890 arcana

489 3927 707 3997 mentis,
731 3926 1100 3984 demonstrare
1128 3925 1311 3982 volens
1338 3934 1392 3983 et
1416 3926 1628 3986 virtutis
1669 3942 1779 3984 sua!
1806 3930 2079 3986 excellen-

493 4023 641 4085 tiam,
689 4030 743 4073 et
794 4021 921 4073 nihil
972 4020 1238 4096 occultum
1285 4034 1344 4073 se
1384 4020 1570 4083 latere,
1628 4019 1756 4073 dicit
1806 4022 2076 4076 Abrahae:

490 4114 579 4166 15.
616 4111 719 4167 Cur
764 4112 875 4164 risit
919 4111 1084 4164 Sarra
1110 4111 1250 4180 apud
1296 4112 1534 4180 seipsam,
1568 4111 1785 4177 dicens:
1815 4111 2082 4184 Numquid

490 4221 602 4258 vere
623 4206 859 4274 pariam?
885 4220 975 4274 ego
1002 4214 1171 4257 autem
1199 4204 1359 4257 senui.
1391 4203 1517 4257 Haec
1541 4203 1682 4257 enim
1711 4205 1798 4258 illa
1825 4205 1962 4275 apud
1992 4220 2082 4259 se-

493 4296 773 4363 mctipsam
830 4295 1115 4364 cogitabat.
1173 4295 1263 4349 14.
1320 4293 1460 4347 Num
1504 4295 1832 4364 impossibile,
1890 4296 2080 4366 inquit,

494 4386 633 4455 apud
671 4385 831 4438 Deum
861 4385 1101 4438 verbum?
1129 4385 1270 4441 Ecce
1298 4386 1577 4441 manifeste
1601 4386 1832 4454 seipsum
1860 4386 2079 4457 detegit.

494 4480 610 4533 Non
656 4479 823 4543 scitis,
867 4478 1055 4547 inquit,
1100 4493 1207 4543 me,
1249 4487 1451 4533 natura:
1495 4478 1754 4534 Dominus
1793 4493 1913 4535 cum
1953 4480 2075 4543 sim,

497 4571 677 4626 omnia
720 4583 879 4640 posse
919 4568 1134 4639 quando
1180 4569 1421 4635 voluero,
1468 4578 1523 4625 et
1568 4581 1841 4624 mortuam
1876 4586 2086 4641 quoque

498 4662 708 4715 vulvam
762 4660 1041 4715 fecundam
1087 4668 1141 4714 et
1186 4661 1356 4729 partui
1398 4660 1641 4715 idoneam
1694 4660 1905 4717 facere?
1943 4661 2085 4716 Num

498 4752 838 4823 impossibile,
906 4752 1111 4822 inquit,
1179 4751 1319 4820 apud
1376 4748 1541 4805 Deum
1605 4753 1839 4823 aliquid?
1897 4753 2086 4809 Nonne

504 4845 681 4897 omnia
734 4844 867 4897 facio
915 4851 971 4897 et
1011 4842 1366 4896 transformo?
1415 4858 1594 4896 nonne
1634 4846 1758 4897 vita:
1798 4852 1853 4899 et
1898 4846 2087 4898 mortis

501 4942 821 5005 potestatem
869 4935 1076 4989 habeo?
1105 4933 1159 4987 Ν
1165 4952 1249 4987 um
1274 4936 1581 5005 impossibile
1622 4946 1692 4989 est
1727 4937 1921 5004 aliquid
1947 4938 2085 5006 dpud

501 5026 709 5080 Deum?
739 5026 927 5080 Nonne
963 5027 1108 5095 prius
1148 5026 1247 5080 hoc
1293 5027 1560 5095 pollicitus
1598 5028 1755 5082 sum?
1798 5027 1935 5082 Num
1992 5044 2086 5098 po-

502 5126 607 5171 test
640 5116 908 5185 qnidpiam
940 5132 966 5168 a
996 5133 1081 5171 me
1115 5115 1312 5171 dictum
1341 5134 1445 5171 non
1484 5120 1537 5172 in
1576 5133 1709 5187 Opus
1732 5120 1917 5175 exire?
1946 5121 2083 5175 Audi

501 5208 682 5277 igitur,
716 5207 855 5276 quod
884 5205 948 5259 In
981 5211 1317 5277 temporehoc
1344 5221 1566 5264 revertar
1586 5212 1653 5264 ad
1680 5221 1724 5265 te
1755 5213 1808 5266 in
1834 5213 2007 5281 horas,
2042 5224 2088 5267 et

501 5302 595 5355 erit
634 5299 811 5355 Sarm’
840 5301 999 5371 ﬁlius.
1048 5302 1331 5372 Postquam
1377 5314 1667 5371 revertero,
1720 5306 1908 5376 inquit,
1954 5315 2088 5359 tem-

501 5409 632 5463 pore
660 5393 781 5458 hoc,
818 5402 942 5447 tunc
970 5394 1102 5448 sciet
1125 5411 1182 5448 re
1214 5396 1324 5463 ipsa
1360 5395 1523 5451 Sarra
1550 5396 1693 5466 quod
1724 5412 1895 5466 neque
1925 5413 2085 5453 sene-

500 5495 619 5538 ctus
641 5486 689 5540 ci
712 5484 985 5539 obstaculo
1017 5484 1197 5551 fuerit,
1224 5502 1396 5556 neque
1426 5488 1678 5543 sterilitas
1707 5506 1719 5543 :
1750 5489 1843 5545 sed
1865 5490 2087 5545 verbum

503 5590 682 5628 meum
716 5591 819 5628 non
847 5576 1041 5645 poterit
1063 5577 1267 5631 irritum
1290 5577 1461 5643 reddi,
1494 5590 1546 5633 et
1574 5590 1755 5650 partus
1776 5596 1894 5637 eam
1924 5583 2085 5639 doce-

501 5664 582 5718 bit
607 5680 793 5721 eorum
821 5683 939 5736 quae
967 5684 999 5722 a
1025 5683 1111 5722 me
1136 5668 1277 5723 dicta
1319 5680 1442 5725 sunt
1479 5673 1791 5740 potentiam.
1820 5674 2087 5731 Caeterum

505 5764 562 5807 ut
589 5754 677 5809 illa
709 5756 928 5823 audivit,
961 5774 1133 5829 neque
1154 5754 1385 5830 illa'quze
1411 5764 1667 5833 cogitaret
1695 5782 1813 5823 esse
1839 5771 2088 5838 praesenti

505 5848 732 5914 occulta,
774 5848 859 5904 I5.
908 5848 1126 5921 Negavit
1166 5852 1375 5908 dicens:
1405 5853 1527 5910 Non
1568 5857 1678 5912 risi.
1718 5858 1902 5916 Timor
1945 5862 2087 5918 enim

1180 416 1239 473 S.
1278 416 1557 473 JOANNIS
1593 410 2065 471 CIIBYSOSTOMI
2106 410 2423 467 ARCHIEP.
2464 411 2996 469 CONSTANTINOP.

3644 416 3748 472 581

2165 537 2510 583 concusserat
2548 528 2665 598 ejus
2707 538 2960 585 mentem.
3007 530 3293 601 Propterea
3335 530 3607 602 Scriptura
3651 534 3753 589 hoc

2166 628 2334 673 totum
2377 619 2669 674 inﬁrmitati
2711 620 2828 690 ejus
2868 622 3104 677 tribuens
3142 621 3330 693 inquit,
3376 623 3577 677 Timore
3619 628 3752 678 enim

2166 711 2429 776 perterrita
2466 712 2585 783 fuit.
2626 711 2821 767 Verum
2863 714 3159 783 patriarcha
3192 716 3319 771 dicit
3356 717 3404 771 ei
3432 733 3446 771 :
3472 715 3611 780 Non,
3665 723 3753 772 sed

2163 803 2340 857 risisti.
2368 802 2445 857 Ne
2475 812 2646 873 putes,
2681 804 2869 874 inquit,
2900 804 3025 859 licet
3052 806 3103 859 in
3131 807 3311 861 animo
3337 806 3451 861 haec
3480 816 3744 864 tractave-

2164 894 2259 959 ris,
2290 903 2344 949 et
2372 894 2424 949 in
2454 898 2663 949 occulto
2702 896 2906 960 riseris,
2940 897 3054 951 haec
3075 911 3235 969 posse
3260 898 3511 953 abscondi
3548 899 3614 953 ab
3638 900 3755 968 ejus

2164 988 2252 1056 qui
2285 985 2504 1041 advenit
2525 988 2722 1042 virtute
2746 996 2801 1042 et
2833 988 3077 1043 scientia.
3113 988 3293 1059 itaque
3319 1005 3515 1060 negare
3554 990 3753 1044 factum

2164 1081 2293 1146 noli,
2323 1096 2390 1135 ne
2433 1080 2600 1135 addas
2637 1080 2703 1135 ad
2746 1089 3050 1151 peccatum.
3082 1081 3268 1151 Magna
3312 1084 3454 1137 enim
3488 1083 3647 1139 hodie
3686 1084 3754 1139 ab

2168 1169 2269 1225 hac
2293 1171 2654 1239 hospitalitate
2682 1172 2836 1227 nobis
2864 1173 3181 1241 provenient
3204 1172 3363 1226 bona.

2236 1264 2287 1317 7.
2334 1262 2549 1317 Moralis
2595 1264 2897 1317 exhortatio.
2932 1263 3178 1319 -—Iiuuc
3226 1264 3492 1318 imitemur
3539 1279 3759 1330 omnes,

2164 1365 2218 1410 et
2242 1370 2484 1425 magnam
2518 1368 2767 1425 geramus
2792 1355 3167 1425 hospitalitatis
3193 1370 3375 1412 curam
3401 1374 3414 1410 :
3446 1370 3550 1411 non
3579 1366 3637 1412 ut
3666 1357 3758 1412 ﬁu-

2165 1461 2352 1500 xorum
2375 1455 2429 1500 et
2451 1446 2872 1516 corruptibilium
2913 1444 3319 1501 retributionem
3342 1447 3515 1502 solum
3539 1449 3764 1517 accipis-

2165 1553 2284 1591 mus
2304 1578 2318 1601 ,
2342 1537 2437 1591 Sed
2464 1545 2520 1591 ut
2544 1552 2864 1607 reponamus
2893 1538 3045 1592 nobis
3070 1537 3229 1592 etiam
3260 1538 3638 1593 immortalium
3668 1541 3765 1594 bo-

2164 1643 2353 1682 norum
2381 1628 2703 1682 fruitionem.
2744 1628 2874 1682 Nam
2899 1631 2942 1681 si
2967 1630 3066 1683 hoc
3104 1628 3323 1683 facimus
3346 1671 3360 1697 ,
3382 1644 3480 1685 nos
3499 1630 3655 1685 etiam
3679 1630 3768 1686 hic

2163 1719 2430 1773 (Zhristum
2458 1720 2809 1789 suscipiemus
2833 1761 2848 1788 ,
2879 1728 2935 1774 et
2963 1721 3212 1790 suscipiet
3239 1722 3400 1776 etiam
3448 1723 3561 1790 ipse
3589 1706 3683 1777 nos
3712 1723 3763 1777 in

2166 1812 2527 1867 mansionibus
2566 1812 2667 1869 illis
2692 1828 2809 1883 quae
2836 1813 2903 1867 ab
2923 1822 3124 1867 aeterno
3152 1822 3460 1883 prmparata:
3489 1823 3614 1869 sunt
3642 1814 3771 1869 dili-

2164 1903 2405 1973 gentibus
2434 1903 2604 1972 ipsum
2626 1952 2640 1969 ,
2682 1902 3060 1973 audiemusque
3088 1902 3157 1956 ab
3181 1918 3247 1957 eo
3287 1921 3300 1956 :
3339 1902 3544 1967 Venite,
3572 1905 3773 1958 benedi-

2166 1997 2233 2048 cti
2249 1994 2432 2051 Patris
2456 1997 2580 2060 mei,
2607 1996 2660 2049 in
2681 1996 3007 2049 hereditatem
3032 1997 3242 2065 accipite
3276 2006 3617 2066 prmparatum
3637 1999 3774 2052 vobis

2167 2102 2375 2155 regnum
2400 2086 2461 2139 ab
2485 2086 2677 2156 origine
2701 2086 2877 2139 mundi
2896 2085 3109 2155 (Matth.
3133 2088 3223 2142 25.
3249 2088 3633 2157 54.56).i1ujus
3652 2102 3776 2157 gra-

2170 2177 2239 2231 tia
2282 2187 2334 2232 et
2387 2186 2604 2247 propter
2654 2179 2825 2247 quid?
2853 2178 3062 2231 Esurivi
3111 2178 3277 2245 enim,
3309 2186 3356 2231 et
3394 2178 3600 2232 dedistis
3650 2178 3776 2232 mihi

2170 2270 2514 2322 manducare:
2548 2268 2681 2323 sitiei
2702 2309 2720 2333 ,
2750 2278 2796 2322 et
2835 2269 3045 2337 potastis
3072 2285 3151 2322 me
3174 2284 3193 2322 :
3245 2269 3539 2339 peregrinus
3581 2270 3682 2340 fui,
3727 2278 3777 2323 et

2170 2361 2440 2430 collegistis
2458 2362 2633 2416 me:in
2648 2378 2845 2416 carcere
2868 2363 2966 2433 fui,
2987 2372 3030 2416 et
3055 2363 3293 2416 invisistis
3322 2378 3417 2416 me.
3439 2363 3574 2429 Quid
3601 2365 3778 2419 minus

2171 2452 2453 2507 molestum
2499 2468 2656 2522 quam
2710 2453 2861 2508 haec?
2904 2452 3041 2507 Num
3088 2453 3327 2523 praecipit
3368 2454 3520 2508 nobis
3565 2455 3778 2511 curiose

2170 2543 2397 2596 scrutari
2426 2551 2481 2598 et
2530 2542 2820 2613 inquirere,
2861 2542 3175 2613 quibusnam
3226 2543 3543 2598 deberemus
3586 2559 3771 2599 curam

2171 2633 2463 2689 exhibere?
2499 2633 2577 2688 Tu
2624 2636 2765 2704 quod
2804 2645 2949 2689 tuum
2980 2643 3095 2701 est,
3128 2635 3325 2705 inquit,
3361 2635 3606 2703 ostende,
3652 2637 3779 2692 licet

2172 2724 2411 2795 abiectus
2456 2735 2511 2781 et
2536 2728 2656 2782 vilis
2680 2728 2770 2794 sit,
2825 2740 2883 2783 ut
2908 2739 3164 2799 apparet,
3197 2743 3354 2797 quem
3408 2726 3601 2785 foves:
3659 2746 3781 2802 quae

2173 2820 2315 2872 enim
2337 2818 2391 2872 in
2418 2817 2534 2873 illos
2556 2820 2690 2874 facta
2710 2829 2854 2887 sunt,
2880 2835 2981 2890 ego
2999 2830 3057 2875 ut
3082 2821 3211 2876 mihi
3236 2823 3335 2893 ipsi
3358 2822 3495 2878 facta
3526 2837 3778 2893 agnosco.

2175 2911 2462 2981 Propterea
2482 2910 2685 2965 addidit
2708 2929 2721 2964 :
2743 2911 2807 2965 In
2828 2922 3074 2980 quantum
3098 2914 3286 2984 fecistis
3306 2915 3394 2969 uni
3412 2919 3626 2985 fratrum
3649 2930 3783 2968 meo-

2175 3017 2292 3053 rum
2320 3002 2673 3069 minimarum,
2702 3002 2826 3055 mihi
2854 3002 3038 3071 fecistis
3070 3002 3229 3073 (Ibid.
3253 3019 3303 3059 υ.
3324 3005 3438 3075 10).
3474 3005 3636 3073 Igitur
3660 3018 3783 3058 cum

2179 3101 2323 3147 tanta
2350 3108 2416 3147 ex
2448 3092 2806 3164 hospitalitate
2841 3096 2949 3149 sint
2981 3094 3123 3149 lucra
3145 3136 3160 3161 ,
3188 3112 3294 3149 non
3344 3106 3747 3150 contemnamus
3767 3137 3783 3161 ,

2178 3185 2277 3243 sed
2303 3180 2541 3253 quotidie
2586 3185 2743 3255 hujus
2776 3186 2930 3240 bona:
2956 3186 3329 3256 negotiationis
3357 3200 3564 3242 merces
3589 3186 3789 3242 inferre

2179 3278 2507 3346 Studeamus,
2562 3280 2791 3334 scientes
2840 3280 3121 3335 Dominum
3168 3290 3406 3336 nostrum
3460 3280 3787 3335 alacritatem

2180 3383 2446 3439 magnam,
2494 3384 2600 3423 non
2644 3370 2883 3425 ciborum
2933 3370 3140 3439 pondus
3168 3372 3472 3441 requirere,
3494 3387 3600 3425 non
3626 3386 3783 3425 meu-

2180 3476 2292 3519 θείω
2321 3468 2706 3529 sumptuosam,
2737 3460 2832 3515 sed
2877 3471 3110 3516 mentem
3138 3462 3363 3517 hilarem
3384 3505 3397 3527 ,
3427 3478 3532 3516 non
3585 3472 3791 3517 tantum

2182 3552 2537 3605 ministerium
2571 3568 2599 3604 a
2630 3551 2785 3606 nudis
2814 3552 3012 3617 verbis,
3044 3554 3139 3608 sed
3159 3554 3431 3611 caritatem
3462 3569 3492 3607 a
3522 3570 3653 3623 puro
3674 3554 3785 3607 sin-

2183 3658 2414 3713 ceroque
2463 3645 2644 3698 corde.
2676 3644 2877 3699 Idcirco
2928 3655 2983 3700 et
3037 3646 3248 3716 sapiens
3286 3646 3499 3717 quidam
3546 3647 3789 3702 dicebat:

2186 3734 2370 3789 Melior
2408 3752 2571 3789 sermo
2593 3753 2743 3804 quam
2764 3754 2945 3791 manus
2977 3738 3164 3810 (Eccli.
3194 3739 3281 3794 18.
3310 3739 3421 3812 16).
3467 3740 3621 3810 Saepe
3648 3741 3794 3795 enim

2185 3828 2448 3885 sermonis
2472 3830 2786 3901 obsequium
2814 3830 2983 3901 magis
3004 3842 3214 3888 recreat
3239 3832 3562 3904 indigentem
3586 3876 3601 3900 ,
3628 3848 3791 3903 quam

2186 3925 2387 3979 donum
2414 3926 2605 3993 ipsum.
2636 3925 2761 3980 Haec
2796 3941 2919 3980 cum
2947 3930 3178 3983 sciamus
3199 3969 3214 3992 ,
3246 3943 3314 3982 ne
3338 3928 3505 3982 simus
3549 3926 3797 3982 difliciles

2187 4034 2310 4088 erga
2340 4032 2433 4073 eos
2474 4019 2563 4088 qui
2592 4017 2657 4072 ad
2690 4034 2787 4073 nos
2814 4019 3074 4074 accedunt
3098 4038 3112 4075 :
3139 4020 3233 4075 sed
3265 4021 3309 4074 si
3350 4020 3678 4089 potuerimus
3705 4035 3799 4073 eo-

2188 4128 2305 4166 rum
2337 4113 2568 4181 inopiam
2590 4112 2868 4167 sublevare
2891 4154 2903 4174 ,
2931 4114 3035 4168 hoc
3058 4112 3313 4168 faciamus
3340 4128 3462 4168 cum
3477 4112 3669 4183 gaudio
3698 4113 3793 4166 Ιιε-

2189 4206 2410 4275 titiaque
2446 4222 2635 4275 magna
2666 4224 2678 4259 :
2713 4216 2897 4262 nonut
2939 4208 3235 4276 praebentes
3266 4208 3462 4277 aliquid
3484 4249 3497 4273 ,
3532 4207 3622 4261 sed
3650 4216 3707 4261 ut
3730 4208 3799 4259 ab

2190 4298 2267 4351 eis
2294 4298 2519 4351 maxima
2547 4298 2869 4368 accipientes
2901 4317 2913 4351 :
2942 4299 3082 4368 quod
3131 4300 3174 4355 si
3223 4315 3327 4355 non
3378 4314 3656 4369 possumus
3679 4341 3696 4367 ,
3730 4316 3799 4353 ne

2190 4392 2357 4447 simus
2384 4393 2559 4461 aSperi
2590 4393 2641 4446 in
2696 4408 2788 4447 eos
2819 4410 2832 4447 :
2864 4392 2957 4447 sed
2986 4394 3164 4448 verbis
3188 4394 3378 4448 saltem
3406 4408 3591 4447 eorum
3612 4406 3798 4446 curam

2191 4500 2444 4553 agamus,
2507 4493 2560 4539 et
2608 4500 2728 4539 cum
2781 4485 3184 4540 mansuetudine
3228 4485 3647 4556 respondeamus
3696 4486 3795 4539 eis.

2191 4574 2367 4641 Quare
2404 4576 2545 4630 enim
2572 4575 2703 4630 dure
2727 4576 3016 4645 compellas
3058 4576 3205 4631 eum?
3252 4576 3387 4632 Num
3435 4578 3619 4647 cogit?
3674 4592 3802 4630 num

2193 4666 2300 4720 vim
2330 4664 2495 4721 facit?
2526 4666 2692 4731 Orat,
2723 4668 3003 4736 supplicat.
3035 4669 3314 4727 obsecrat:
3344 4670 3431 4738 qui
3476 4678 3654 4723 autem
3683 4666 3803 4721 haec

2196 4757 2354 4823 facit,
2385 4758 2706 4811 contumelia
2734 4758 2922 4827 dignus
2953 4773 3058 4812 non
3087 4768 3186 4812 est.
3220 4758 3357 4824 Quid
3398 4758 3553 4823 dico,
3591 4768 3707 4812 orat
3748 4766 3804 4810 ct

2195 4846 2477 4917 supplicat?
2508 4848 2786 4901 Innumera
2831 4848 2967 4903 bene
2996 4858 3347 4919 apprecatur,
3376 4858 3431 4903 et
3478 4848 3591 4902 hmc
3621 4850 3797 4901 omnia

2199 4938 2324 4993 facit
2353 4954 2450 5009 pro
2473 4954 2577 4993 uno
2609 4939 2768 4994 obolo
2787 4980 2802 5005 ,
2834 4955 3005 5009 neque
3032 4948 3207 4994 tamen
3236 4940 3383 4994 illum
3410 4955 3711 5009 erogamus.
3742 4941 3808 4993 Et

2194 5049 2354 5101 quam
2398 5049 2747 5103 assequemur
2778 5034 3027 5088 veniam?
3056 5048 3215 5102 quam
3256 5034 3568 5088 habebimus
3615 5033 3807 5087 defen-

2196 5127 2436 5181 sionem?
2468 5128 2570 5196 Ipsi
2613 5127 2828 5197 quidem
2859 5128 3093 5197 quotidie
3136 5128 3333 5182 lautam
3362 5142 3601 5182 mensam
3654 5128 3811 5181 uobis

2195 5220 2387 5289 apponi
2419 5235 2701 5286 curamus,
2747 5230 2801 5275 et
2851 5236 2993 5289 saepe
3025 5221 3144 5290 plus
3174 5236 3334 5291 quam
3365 5234 3489 5274 usus
3541 5220 3811 5289 requirit,

2200 5314 2556 5368 insumimus:
2591 5314 2694 5370 illis
2735 5330 2861 5369 vero
2900 5331 3074 5385 neque
3102 5331 3325 5385 parvum
3345 5316 3470 5386 quid
3513 5315 3813 5370 communi-

2198 5421 2402 5472 camus,
2426 5406 2582 5477 idque
2597 5422 2718 5461 cum
2736 5408 3011 5461 innumera
3036 5407 3173 5461 bona
3192 5422 3284 5477 per
3300 5407 3396 5460 bos
3422 5422 3518 5461 nos
3536 5406 3815 5460 habituros

2198 5507 2591 5567 exspectemus.
2656 5495 2760 5555 Sed
2805 5514 2839 5553 o
2892 5514 3137 5569 magnam
3205 5498 3495 5553 desidiam!
3545 5498 3809 5566 Quantam

2198 5588 2339 5642 enim
2396 5589 2520 5645 hinc
2554 5590 2817 5658 jacturam
2867 5590 3128 5645 facimus?
3168 5599 3423 5660 quantum
3457 5591 3586 5644 lucri
3618 5606 3647 5645 e
3693 5606 3807 5643 ma-

2199 5668 2354 5736 nibtis
2409 5683 2608 5737 nostris
2683 5683 2945 5738 excedere
3015 5684 3406 5752 permittimus?
3462 5683 3809 5737 Occasionem

2198 5783 2396 5827 nostra:
2423 5773 2613 5827 salutis
2650 5790 2679 5827 a
2703 5774 2809 5829 Deo
2840 5774 2994 5829 nobis
3019 5775 3194 5829 datam
3225 5774 3608 5839 amandanius,
3641 5756 3815 5842 neque

2197 5865 2517 5934 cogitamus,
2547 5866 2626 5921 vel
2670 5867 2720 5921 in
2770 5877 2949 5923 mente
3009 5882 3285 5923 versamus
3330 5867 3452 5923 hinc
3497 5867 3813 5937 parvitatem
