4092 6408
388 467 491 524 583

399 580 542 635 Ἀλλ’
565 583 593 635 0
623 581 680 635 δὲ
707 580 917 645 δίκαιος
947 569 1105 644 οὗτος
1134 577 1290 642 εἰδὼς
1340 579 1482 651 ὅπερ
1517 577 1804 649 εἰργάζετο
1824 617 1840 642 ,
1881 575 1974 630 διὰ

385 666 494 719 τῶν
531 664 820 733 γινομένων
855 664 1110 718 ἀπάντων
1139 663 1349 716 ἐδείκνυ
1367 662 1470 733 τῆς
1497 661 1678 734 ψυχῆς
1702 661 1802 732 τὴν
1833 677 1973 732 προ-

387 744 606 815 θυμίαν.
644 746 752 799 Καὶ
790 744 978 818 ἐπειδή
1004 744 1142 815 μετὰ
1173 743 1451 814 δαψιλείας
1485 744 1579 798 καὶ
1630 743 1830 814 πολλῆς
1871 743 1976 811 τῆς

394 828 709 900 ἱλαρότητος
737 827 956 899 ἔσπειρε
987 825 1087 898 τήν
1115 826 1450 896 φιλοξενίαν,
1499 827 1839 899 παραχρῆμα
1877 823 1975 877 δα-

383 911 532 977 ψιλεῖ
581 913 646 980 τῇ
687 909 830 980 χειρὶ
883 911 953 964 τά
1004 910 1292 982 δράγματα
1325 911 1559 982 ἐδέχετο.
1600 910 1818 983 Ἐπειδὴ
1869 909 1976 980 7&9

387 995 600 1049 ἅπαντα
620 993 688 1046 τὰ
715 995 845 1065 παρ’
873 994 1067 1048 ἐαυτοῦ
1094 995 1405 1066 ἐπλήρωσε,
1461 996 1558 1049 καὶ
1591 995 1744 1048 οὐδὲν
1772 996 1975 1063 ἐγκατ-

383 1079 594 1142 έλιπεν,
629 1077 765 1132 ἀλλὰ
791 1077 945 1143 τέλος
978 1078 1137 1132 ἔλαϐε
1161 1080 1227 1133 τὰ
1252 1081 1348 1152 τῆς
1369 1075 1692 1149 φιλοξενίας,
1722 1078 1814 1131 καὶ
1835 1075 1974 1130 ἐδεί-

383 1161 488 1232 χθη
521 1159 614 1214 τοῦ
643 1161 854 1216 δικαίου
881 1163 915 1233 ἡ
951 1162 1121 1235 ἀρετή
1147 1179 1162 1195 ·
1219 1163 1345 1217 τότε
1373 1163 1559 1216 λοιπὸν
1585 1203 1600 1227 ,
1636 1162 1723 1216 ἵνα
1770 1161 1914 1232 μάθῃ
1945 1161 1974 1214 ό

383 1243 590 1308 δίκαιος
637 1245 768 1299 οἴων
799 1244 1052 1316 ἐπέτυχε,
1104 1245 1202 1300 καῖ
1236 1247 1359 1300 ὅσον
1406 1245 1557 1316 αὐτῷ
1589 1245 1699 1300 τῶν
1753 1243 1974 1313 ἀγαθῶν

385 1327 532 1380 αἰτία
565 1327 858 1398 γεγένηται
887 1330 924 1398 ή
949 1329 1050 1398 τῆς
1083 1327 1388 1398 φιλοξενίας
1425 1329 1680 1392 ὑπόθεσις
1699 1369 1714 1394 ,
1741 1327 1975 1381 ἐκκαλύ-

385 1426 508 1462 πτει
538 1411 776 1463 ἐαυτὸνό
798 1411 1211 1482 παραγεγονὼς,
1243 1411 1338 1465 καὶ
1365 1411 1510 1466 κατὰ
1540 1411 1734 1482 μικρὸν
1757 1410 1970 1463 ὑποδεί-

383 1509 540 1546 κνυσι
574 1492 656 1563 τῷ
675 1494 868 1564 δικαίῳ
903 1497 1004 1566 τῆς
1061 1495 1266 1560 οἰκείας
1295 1495 1576 1566 δυνάμεως
1621 1494 1682 1547 τὸ
1721 1493 1968 1564 μέγεθος.

394 1575 540 1629 Ἰδὼν
566 1577 676 1648 γὰρ
713 1577 876 1630 αὑτὸν
906 1579 1234 1650 παρεστῶτα
1265 1580 1418 1652 παρὰ
1444 1578 1539 1650 τὴν
1575 1578 1705 1650 δρῦν
1727 1619 1741 1640 ,
1768 1579 1861 1630 καὶ
1884 1577 1971 1632 διὰ

379 1660 480 1730 τῆς
538 1661 781 1724 στάσεως
814 1659 911 1731 τήν
945 1663 1147 1734 πολλὴν
1175 1663 1344 1734 τιμὴν
1396 1663 1490 1716 καὶ
1524 1662 1625 1732 τὴν
1673 1661 1972 1733 θεραπείαν

379 1741 843 1814 ἐπιδεικνύμενον,
863 1745 996 1814 φησί
1011 1746 1148 1817 πρὸς
1170 1745 1334 1799 αὐτόν
1354 1761 1368 1775 ·
1397 1744 1524 1800 Ποῦ
1539 1745 1737 1814 Σὰέρα
1755 1746 1794 1813 ἠ
1815 1743 1968 1813 γυνή

381 1839 530 1888 σου;
588 1826 804 1890 Εὐθέως
844 1827 932 1880 διὰ
976 1828 1073 1898 τῆς
1123 1829 1449 1900 ἐρωτήσεως
1472 1827 1769 1899 παρῄνιξεν
1797 1825 1965 1897 αὐτῷ,

379 1907 594 1972 δεικνὺς
617 1908 693 1971 ὡς
723 1909 820 1978 οὐχ
855 1911 883 1963 ό
905 1909 1084 1980 τυχῶν
1112 1911 1260 1965 ἐστιν
1290 1914 1318 1966 0
1363 1910 1787 1982 παραγεγονὼς,
1821 1911 1873 1962 ετ
1902 1925 1968 1978 γε

381 1993 476 2044 καὶ
508 1991 608 2061 τῆς
635 1994 895 2061 γυναικὸς
928 1993 1094 2047 αὐτοῦ
1137 1994 1236 2066 τὴν
1276 1995 1646 2066 προσηγορίαν
1675 1993 1963 2062 ἠπίστατο.

392 2075 451 2127 Ὀ
483 2075 540 2127 δέ
592 2090 791 2146 φησιν·
834 2077 978 2130 Ἰδοὺ
1003 2079 1072 2130 ἐν
1095 2077 1171 2147 τῇ
1199 2077 1425 2147 σκηνῇ.
1479 2078 1591 2132 Καὶ
1619 2078 1742 2130 ἐπεὶ
1775 2076 1967 2148 ἔμελλε

379 2158 581 2221 λοιπὸν,
607 2159 683 2222 ὼς
713 2159 866 2224 Θεὸς,
913 2161 1290 2230 ὑπισχνεῖσθαι
1323 2160 1473 2233 αὐτῷ
1509 2161 1579 2216 τὰ
1609 2161 1750 2227 ὑπὲρ
1784 2161 1966 2230 φύσιν,

375 2242 467 2296 διά
491 2242 648 2296 τοῦτο
680 2244 772 2297 καί
799 2244 880 2315 τῷ
902 2247 1076 2298 εἰπεῖν
1100 2245 1199 2317 τήν
1230 2246 1602 2318 προσηγορίαν
1626 2247 1724 2316 τῆς
1754 2246 1968 2318 Σάρρας

261 2345 264 2348 ’
375 2326 675 2396 ἐσήμανεν,
698 2327 780 2380 ὅτι
809 2327 951 2398 ὑπὲρ
977 2326 1262 2398 ἄνθρωπόν
1291 2331 1441 2385 ἐστιν
1473 2330 1503 2386 ό
1527 2330 1608 2393 είς
1630 2329 1730 2400 τὴν
1764 2328 1968 2401 σκηνὴν

376 2407 541 2462 αὑτοῦ
564 2409 876 2480 καταχθείς.
914 2411 1420 2480 Ἐπαναστρέφων
1441 2410 1550 2483 7&9
1572 2450 1589 2478 ,
1629 2411 1816 2483 φησὶν,
1843 2411 1970 2480 ἥξω

375 2491 526 2560 πρὸς
562 2493 638 2546 σε
672 2492 825 2547 κατὰ
861 2491 968 2548 τὸν
1004 2493 1216 2561 καιρὸν
1254 2492 1472 2548 τοῦτον
1507 2497 1596 2561 εις
1629 2494 1809 2562 ὥρας,
1863 2493 1965 2550 καὶ

373 2577 496 2640 ἔξει
550 2576 686 2631 υἱὸν
740 2577 942 2646 Σάρρα
978 2579 1016 2646 ἡ
1063 2576 1218 2648 γυνή
1257 2592 1410 2632 σου·
1483 2579 1614 2632 Ἰδοὺ
1661 2580 1758 2649 τῆς
1818 2578 1969 2648 φιλο-

375 2658 554 2723 ξενίας
589 2660 640 2712 οί
677 2661 920 2731 καρποὶ,
965 2661 1074 2714 ἰδοὺ
1107 2661 1206 2732 τῆς
1237 2660 1546 2732 προθυμίας
1581 2661 1680 2733 τῆς
1712 2663 1964 2714 ἐπιτετα-

378 2743 547 2813 μένης
585 2745 613 2796 0
656 2743 876 2814 μισθὸς,
924 2743 1032 2798 ἰδοὺ
1073 2744 1182 2798 τῶν
1221 2745 1484 2814 καμάτων
1520 2745 1623 2815 τῆς
1663 2746 1879 2817 Σάρρας
1909 2747 1964 2799 αί

371 2825 616 2895 ἀμοιϐαί.
670 2826 905 2894 Ἐκείνη
956 2825 1044 2893 δέ,
1097 2828 1301 2898 φησὶν,
1350 2825 1584 2896 ἤκουσε
1630 2833 1792 2898 παρὰ
1850 2828 1967 2898 τὴν

371 2911 561 2978 θύραν
596 2909 706 2979 τῆς
743 2909 1008 2980 σκηνῆς,
1049 2910 1291 2965 ἑστῶσα
1329 2910 1602 2967 ὄπισθεν.
1638 2912 1750 2967 Καὶ
1786 2912 1964 2967 τοῦτο

369 2995 712 3058 ἀκούσασα,
740 2996 995 3066 ἐγέλασε
1019 2999 1150 3051 καθ’
1175 2995 1424 3065 ἑαυτὴν,
1444 2996 1716 3068 λέγουσα
1735 3015 1749 3028 ·
1788 2999 1964 3052 Οὔπω

366 3077 483 3146 μέν
516 3097 616 3146 μιί
652 3079 901 3148 γέγονεν
935 3079 1051 3146 ἔως
1083 3081 1190 3136 τοῦ
1227 3082 1380 3136 νῦν·
1421 3085 1454 3136 ό
1492 3081 1564 3134 δὲ
1601 3083 1808 3151 κύριός
1841 3099 1963 3152 μου

369 3163 790 3230 πρεσϐύτερος.
831 3164 942 3215 Καὶ
980 3163 1069 3217 ἵνα
1094 3164 1504 3237 ἀπολογήσηται
1541 3167 1574 3236 ή
1612 3166 1734 3221 θεία
1768 3166 1962 3239 Γραφὴ

369 3243 511 3314 ὑπὲρ
556 3245 656 3314 τῆς
703 3246 918 3316 Σάρρας
944 3285 960 3309 ,
1007 3245 1356 3316 προλαϐοῦσα
1405 3250 1822 3320 ἐπεσημήνατο,
1879 3251 1962 3305 ὅτι

382 3327 628 3397 Ἀϐραὰμ
681 3327 750 3380 δὲ
785 3329 882 3382 καί
913 3328 1146 3399 Σάρρα,
1198 3333 1633 3400 προϐεϐηκότες
1675 3330 1839 3404 ἦσαν
1890 3335 1962 3389 ἐν

369 3414 500 3480 ταῖς
536 3413 780 3481 ἡμέραις
805 3415 1021 3473 αὐτῶν.
1048 3418 1158 3469 Καὶ
1183 3417 1304 3470 οὐδὲ
1335 3431 1361 3458 ιι
1399 3418 1563 3489 μέχρι
1583 3418 1772 3472 τούτου
1803 3417 1957 3490 ἔστη,

368 3497 505 3551 ἀλλά
524 3495 675 3568 [421]
708 3515 894 3568 φησιν·
942 3498 1219 3564 Ἐξέλιπε
1253 3500 1322 3553 δὲ
1353 3500 1552 3568 Σάρρᾳ
1592 3502 1861 3572 γίνεσθαι
1889 3505 1962 3559 τὰ

365 3580 695 3651 γυναικεῖα.
747 3581 1135 3654 Ἐξηραμμένη
1193 3579 1282 3654 ἦν,
1334 3584 1522 3655 φησὶν,
1573 3587 1606 3657 ή
1646 3586 1838 3659 πηγή,
1874 3604 1961 3641 τε·

365 3665 616 3735 τύφλωτο
644 3667 672 3717 ό
699 3664 996 3735 ὀφθαλμὸς,
1033 3666 1168 3719 αὐτὸ
1199 3666 1260 3719 τὸ
1289 3669 1648 3739 ἐργαστήριον
1680 3665 1748 3740 ἦν
1779 3688 1960 3742 πεπη-

368 3749 633 3820 ρωμένον.
670 3749 748 3801 Δι’
777 3748 805 3801 ὃ
838 3747 1099 3820 ἀφορῶσα
1136 3749 1274 3821 πρὸς
1311 3750 1484 3804 ταῦτα
1513 3754 1547 3823 ή
1591 3751 1800 3825 Σάρρα,
1836 3754 1956 3808 καθ’

365 3833 564 3904 ἑαυτὴν
589 3831 862 3900 ἐλογίζετο
886 3833 984 3902 τήν
1014 3849 1075 3885 τε
1115 3833 1314 3903 ἐαυτῆς
1342 3833 1577 3904 ήλικίαν,
1611 3837 1672 3889 τό
1700 3854 1758 3890 τε
1782 3838 1956 3909 γῆρας

363 3916 460 3968 τοῦ
486 3914 847 3986 πατριάρχου.
869 3915 1008 3968 Ἀλλ’
1038 3916 1254 3986 ἐκείνης
1274 3916 1414 3970 κατά
1433 3917 1533 3984 τὴν
1559 3921 1763 3991 σκηνὴν
1785 3921 1958 3977 ταῦτα

365 3999 740 4069 λογιζομένης,
772 3999 800 4051 ό
835 3997 904 4052 τά
934 3999 1221 4071 ἀπόρρητα
1249 4001 1348 4070 τῆς
1377 4000 1614 4066 διανοίας
1652 4004 1954 4076 ἐπιστάμε-

366 4099 474 4146 νος,
505 4081 672 4146 δεῖξαι
704 4081 1025 4152 βουλόμενος
1053 4084 1149 4136 καὶ
1180 4083 1280 4153 τῆς
1305 4083 1513 4148 οἰκείας
1539 4085 1822 4157 δυνάμεως
1856 4089 1954 4160 τήν

366 4166 694 4237 ὑπερϐολὴν,
731 4167 827 4220 καὶ
855 4167 938 4220 ὅτι
967 4165 1121 4219 οὐδὲν
1151 4166 1314 4221 αὐτὸν
1359 4167 1613 4226 λανθάνει
1651 4171 1759 4226 τῶν
1783 4173 1957 4246 ἀπορ-

367 4250 570 4320 ρήτων,
606 4250 741 4319 φησὶ
793 4249 930 4320 πρὸς
991 4250 1084 4302 τὸν
1137 4250 1404 4322 Ἀϐραάμ·
1444 4252 1512 4306 Τί
1561 4253 1652 4308 ὅτι
1695 4254 1955 4324 ἐγέλασε

364 4331 563 4401 Σάρρα
581 4333 650 4386 ὲν
671 4331 857 4400 ἑαυτῇ
867 4331 1155 4402 λέγουσα·
1175 4329 1328 4403 τΑρά
1343 4352 1410 4404 γε
1428 4336 1665 4406 ἀληθῶς
1677 4337 1919 4409 τέξομαι
1933 4381 1949 4405 ,

364 4415 479 4484 ἐγὼ
508 4415 577 4469 δὲ
610 4415 930 4486 γεγήρακα.
967 4416 1152 4471 Ταῦτα
1195 4418 1302 4494 7&9
1341 4419 1524 4491 ἐκείνη
1555 4421 1613 4475 ἐν
1641 4422 1809 4494 ἑαυτῇ
1836 4423 1954 4476 ἐλο-

365 4499 563 4565 γίζετο.
601 4499 697 4566 Μὴ
732 4499 1036 4562 ἀδυνατεῖ,
1074 4500 1227 4571 φησὶ,
1259 4492 1425 4570 παρὰ
1461 4499 1542 4568 τῷ
1593 4503 1714 4570 Θεῷ
1745 4492 1952 4576 ργἤμας

377 4579 510 4634 Ἰδοὺ
541 4583 788 4652 φανερῶς
826 4584 1016 4636 ἐαυτὸν
1039 4583 1391 4654 ἐξεκάλυψεν.
1424 4585 1538 4640 Οὐκ
1573 4587 1717 4652 ῖστε,
1747 4591 1910 4660 φησὶν
1933 4629 1951 4657 ,

363 4665 446 4717 ὃτι
478 4664 578 4734 τῆς
609 4665 823 4734 φύσεως
848 4665 922 4720 ὢν
952 4667 1232 4739 Δεσπότης
1277 4668 1455 4722 πάντα
1497 4668 1761 4741 δύναμαι,
1807 4673 1952 4743 ἆπερ

365 4747 432 4800 ἂν
466 4747 733 4818 βουληθῶ,
769 4751 862 4802 καὶ
907 4750 1005 4821 τὴν
1031 4751 1401 4821 νεκρωθεῖσαν
1432 4754 1647 4825 μήτραν
1679 4755 1950 4826 ζωογονῆ-

365 4849 476 4895 σαι,
511 4833 602 4886 καὶ
635 4833 944 4902 ἐπιτηδείαν
993 4837 1434 4903 κατασκευάσαις
1480 4839 1576 4906 Μὴ
1622 4839 1947 4905 ἀδυνατεῖ,

363 4916 546 4986 φησὶν,
585 4916 886 4971 ἀδύνατόν
925 4936 980 4971 τι
1005 4918 1085 4984 τῷ
1120 4919 1242 4984 Θεῷ
1265 4921 1332 4986 b;
1387 4921 1524 4992 Οὐχὶ
1565 4923 1740 4979 πάντα
1776 4923 1946 4990 ποιῶ,

361 4999 456 5050 καὶ
494 5000 913 5070 μετασκευάζως
957 5003 1076 5073 οὐχὶ
1120 5005 1264 5075 ζωῆς
1297 5004 1390 5057 καὶ⁷
1425 5004 1658 5059 θανάτου
1699 5007 1948 5073 ἐξουσίαν

361 5081 500 5150 ἐχως
535 5084 629 5150 Μὴ
671 5083 960 5137 ἀδυνατεῖ
994 5086 1155 5153 παρὰ
1203 5085 1284 5152 τῷ
1330 5086 1451 5153 Θεῷ
1497 5088 1621 5143 πᾶν
1645 5089 1846 5159 ρἦας
1871 5093 1945 5147 Οὐ

361 5166 573 5234 φθάσας
606 5166 928 5237 ὑπεσχόμην
960 5167 1024 5238 δὴ
1056 5169 1253 5235 τοῦτος
1285 5171 1377 5242 Μή
1432 5173 1670 5244 ἐγχωρεῖ
1709 5174 1770 5227 τὸ
1817 5179 1947 5248 παρ’

359 5249 495 5320 ἐμοῦ
526 5249 691 5320 ῥηθὲν
727 5249 800 5320 μὴ
828 5252 907 5313 είς
934 5250 1093 5320 ἔργον
1122 5252 1334 5320 ἐλθεῖνς
1376 5257 1576 5309 ’Λκουε
1608 5258 1809 5322 τοίνυν,
1865 5261 1946 5314 ὃτι

355 5335 458 5398 Είς
493 5334 600 5386 τὸν
638 5334 846 5400 καιρόν
887 5333 1103 5388 τοῦτον
1149 5337 1510 5406 ἀναστρέψω
1551 5340 1701 5406 πρὸς
1742 5343 1818 5396 σὲ
1858 5347 1946 5411 είς

359 5415 536 5483 ἄιοας,
572 5417 670 5469 καί
702 5417 876 5471 ἔσται
904 5416 981 5486 τῇ
1015 5418 1217 5487 Σάρρα
1246 5423 1396 5488 υἱός.
1442 5422 1717 5488 Ἐπειδὰν,
1758 5427 1943 5497 φησὶν,

360 5499 682 5568 ἀναστρέψω
715 5499 857 5553 κατὰ
884 5501 976 5554 τὸν
1020 5502 1208 5572 καιρὸν
1237 5503 1456 5568 τοῦτον,
1508 5507 1631 5559 τότε
1678 5509 1944 5577 γνώσεται

357 5581 446 5634 διά
470 5581 584 5666 τῶν
636 5585 975 5655 πραγμάτων
1017 5589 1050 5657 ή
1107 5589 1324 5660 Σάρρα,
1365 5590 1448 5642 ὅτι
1493 5590 1616 5645 οῦτε
1666 5593 1727 5646 τὸ
1765 5595 1945 5666 γῆρας

358 5665 527 5736 αὐτῆς
557 5667 782 5738 κώλυμα
811 5672 1120 5741 γενήσεται,
1151 5672 1275 5726 οῦτε
1311 5675 1344 5745 ή
1379 5674 1684 5745 στείρωσις·
1719 5665 1857 5732 ἀλλά
1882 5681 1944 5733 τὸ

360 5749 513 5835 ρήμα
539 5749 600 5803 τὸ
623 5750 760 5835 ἐμὸν
789 5752 1140 5835 ἀπαράϐατον
1182 5756 1368 5822 ἔσται,
1400 5757 1494 5810 καὶ
1523 5761 1552 5812 ό
1584 5760 1742 5824 τόκος
1773 5763 1942 5835 αὐτὴν

355 5831 554 5898 διδάξει
581 5831 690 5886 τῶν
726 5834 854 5906 παρ’
885 5835 1019 5904 ἐμοῦ
1055 5838 1331 5909 ῥηθέντων
1376 5839 1474 5912 τὴν
1509 5841 1762 5914 δύναμιν.
1807 5831 1941 5900 Εἶτα

357 5917 539 5987 ἐκείνη
585 5917 884 5984 ἀκούσασα,
918 5921 1000 5974 ὅτι
1051 5922 1178 5976 οὔτε
1227 5924 1294 5978 τά
1325 5925 1382 5977 ἐν
1422 5927 1487 5996 τῇ
1523 5927 1731 5998 διανοίᾳ
1763 5930 1940 6000 αὐτῆς

419 6000 466 6075 ⁸*
485 5999 632 6075 nihl”
658 6001 816 6075 Spvjl:
850 6011 920 6075 ει·
946 6005 1167 6075 gujngue
1207 6021 1322 6075 [τρες.
1340 6011 1698 6075 Δπροϐεϐηκότες
1729 5999 1934 6075 ἡμερῶν.

375 6062 467 6134 Καὶ
495 6063 621 6115 οὐδέ.
688 6065 714 6103 h
736 6064 881 6115 CUISI.
909 6062 985 6117 hii:
1007 6062 1129 6120 infia
1156 6091 1166 6119 :
1205 6072 1287 6130 Μή
1331 6062 1556 6119 ἀδυνατεῖ-
1586 6062 1714 6136 παρᾶ
1827 6062 1937 6140 Θεῷ

378 6137 430 6184 ειη
439 6139 501 6183 μα
514 6137 528 6182 ;

1374 462 1444 518 IN
1479 463 1633 520 CAP.
1672 459 1841 518 XVIII
1879 459 2132 518 GENES.
2176 460 2410 520 IIOMIL.
2457 460 2600 521 XLI.

3562 466 3668 522 584

2082 576 2376 647 κινηθέντα
2393 577 2552 632 ἔλαθε
2581 577 2672 633 τὸν
2703 577 2969 650 παρόντα,
3001 577 3348 647 Ἠρνήσατο,
3373 577 3663 648 λέγουσα·

2081 661 2204 724 Οὐκ
2232 660 2515 728 ἐγέλασα.
2568 662 2626 714 Ὀ
2659 661 2768 732 γάρ
2811 661 2974 730 φόϐος
3002 662 3315 716 κατέσεισεν
3354 662 3523 732 αὐτῆς
3569 662 3668 733 τήν

2077 739 2334 796 διάνοιαν.
2377 743 2475 796 Διά
2503 743 2662 798 τοῦτο
2691 745 2757 816 τῇ
2807 745 3060 815 ἀσθενείᾳ.
3103 745 3272 816 αὐτῆς
3305 747 3339 816 ή
3379 744 3574 818 Γραφὴ
3606 745 3668 800 τδ

2078 826 2188 878 πᾶν
2218 825 2542 897 λογιζομέμη
2575 827 2760 899 φησὶν,
2806 827 3103 898 Ἐφοϐήθη
3146 828 3278 899 γάρ.
3331 826 3471 882 Ἀλλ’
3508 831 3536 882 ό
3563 847 3668 883 πα·

2076 907 2344 980 τριάρχης
2379 910 2513 981 φησὶ
2542 910 2679 983 πρὸς
2707 911 2895 984 αὐτὴν,
2935 913 3117 983 Οὐχὶ,
3154 913 3315 968 ἀλλὰ
3345 913 3663 982 ἐγέλασας.

2075 992 2167 1062 Μὴ
2190 993 2439 1063 νομίσῃς,
2467 995 2656 1064 φησὶν,
2695 996 2744 1048 εί
2787 995 2883 1048 καὶ
2938 999 2996 1049 ἐν
3041 995 3249 1068 διανοίᾳ
3287 995 3462 1049 ταῦτα
3511 996 3667 1051 ἐϐου-

2076 1071 2273 1140 λεύσω,
2313 1076 2410 1129 καὶ
2460 1076 2602 1130 κατά
2653 1077 2716 1131 τὸ
2759 1077 2982 1146 λεληθὸς
3013 1078 3226 1148 γέλωτα
3259 1081 3537 1150 ἐποιήσω,
3582 1079 3666 1134 ὅτι

2074 1156 2168 1210 τοῦ
2216 1157 2664 1230 παραγενομένου
2714 1161 2815 1232 τὴν
2858 1159 3088 1232 δύναμιν
3126 1161 3310 1216 λαθεῖν
3359 1158 3525 1234 εἶχες.
3571 1161 3664 1234 Μή

2073 1241 2254 1295 τοίνυν
2281 1241 2448 1312 άρνοῦ
2469 1243 2530 1296 τὸ
2556 1243 2798 1312 γεγονὸς,
2820 1245 2954 1316 μηδὲ
2988 1245 3305 1317 προσθήκην
3335 1245 3574 1317 ἐργάζου
3587 1245 3667 1317 τῷ

2075 1324 2460 1397 ἁμαρτήματι.
2497 1327 2728 1396 Μεγάλα
2761 1328 2874 1400 γὰρ
2906 1330 3054 1399 ἡμᾶς
3103 1330 3341 1401 σήμερον
3365 1328 3664 1394 διαδέξεται

2074 1408 2286 1476 ἀγαθά,
2330 1410 2431 1480 τῆς
2465 1410 2770 1480 φιλοξενίας
2811 1414 2942 1483 ἡμῖν
2983 1410 3193 1466 τούτων
3225 1412 3444 1466 πάντων
3486 1411 3667 1476 αίτίας.

2081 1492 2395 1564 γινομένης.

2144 1575 2208 1639 ζ’.
2227 1575 2426 1629 Τοῦτον
2446 1576 2683 1643 ἅπαντες
2703 1577 3088 1650 μιμησὼμεθα,
3109 1579 3203 1632 καὶ
3216 1577 3413 1650 πολλὴν
3427 1579 3554 1651 περὶ
3565 1578 3666 1656 τὴν

2073 1655 2377 1726 φιλοξενίαν
2411 1669 2434 1698 ο
2470 1661 2569 1731 τήν
2619 1661 2856 1732 σπουδὴν
2892 1660 3211 1732 ποιώμεθα,
3269 1663 3369 1733 οὐχ
3420 1661 3508 1716 ῖνα
3553 1662 3665 1716 τῶν

2071 1741 2352 1812 ἐπικήρων
2380 1743 2584 1796 τούτων
2627 1745 2719 1798 καὶ
2752 1744 3128 1816 φθειρομένων
3156 1743 3410 1816 λάϐωμεν
3440 1746 3538 1818 τὴν
3567 1747 3664 1799 ἀν-

2071 1821 2272 1876 τίδοσιν
2308 1824 2488 1894 μόνον,
2543 1826 2657 1880 ἀλλ’
2693 1829 2780 1881 ἵνα
2820 1829 2915 1880 καὶ
2959 1828 3066 1880 τῶν
3118 1825 3402 1882 ἀθανάτων
3441 1827 3664 1896 ἀγαθῶν

2073 1904 2169 1974 τὴν
2209 1907 2506 1960 ἀπόλαυσιν
2545 1910 2762 1974 ἑαυτοῖς
2807 1909 3160 1980 ἀποθώμεθα.
3200 1910 3328 1966 Ἐὰν
3355 1910 3466 1983 7&9
3501 1910 3664 1966 τοῦτο

2073 1989 2337 2059 ποιῶμεν,
2363 1991 2739 2063 ὑποδεξόμεθα
2753 1994 2847 2047 καὶ
2866 1995 3026 2064 ἡμεῖς
3041 1993 3278 2049 ἐνταῦθα
3296 1995 3387 2049 τὸν
3401 1997 3446 2048 Χ
3457 1994 3660 2065 ριστὸν,

2071 2074 2166 2126 καὶ
2195 2073 2511 2140 ὑποδέξεται
2544 2078 2693 2148 ήμᾶς
2732 2079 2824 2131 καὶ
2854 2078 3016 2141 αὐτὸς
3047 2081 3105 2132 ἐν
3141 2081 3258 2142 ταῖς
3296 2081 3484 2149 μοναῖς
3515 2079 3662 2133 ἐκεί-

2071 2173 2189 2220 ναις
2211 2160 2330 2222 ταῖς
2375 2161 2810 2231 ἡτοιμασμέναις
2859 2163 2970 2225 τοῖς
3015 2161 3303 2230 ἀγαπῶσιν
3343 2161 3525 2225 αὑτὸν,
3569 2163 3663 2216 καὶ

2071 2241 2416 2313 ἀκουσόμεθα
2445 2244 2574 2314 παρ’
2601 2244 2788 2297 αὑτοῦ·
2825 2245 3030 2308 Δεῦτε,
3055 2248 3110 2299 οί
3134 2247 3526 2316 εὐλογημένοι
3556 2248 3662 2302 τοῦ

2069 2321 2302 2388 Πατρός
2335 2339 2476 2390 μου,
2511 2322 3007 2394 κληρονομήσατε
3044 2324 3161 2393 τὴν
3206 2326 3663 2397 ἡτοιμασμένην

2070 2404 2212 2473 ὑμῖν
2256 2408 2585 2472 βασιλείαν
2626 2410 2746 2464 ἀπὸ
2797 2410 3138 2480 καταϐολῆς
3189 2415 3445 2482 κόσμου.
3503 2412 3661 2477 Τίνος

2068 2488 2254 2542 ἕνεκεν
2279 2491 2374 2544 καὶ
2399 2491 2488 2545 διά
2508 2493 2596 2559 τίς
2633 2493 2955 2548 Ἐπείνασα
2981 2494 3113 2564 γὰρ,
3151 2496 3251 2549 καὶ
3275 2494 3534 2550 ἐδώκατέ
3556 2513 3661 2564 μοι

2068 2576 2299 2647 φαγεῖν·
2332 2578 2621 2648 ἐδίψησα,
2654 2579 2753 2635 καὶ
2773 2581 3096 2636 ἐποτίσατέ
3125 2598 3223 2652 με·
3262 2581 3439 2650 ξένος
3471 2583 3657 2652 ἥμην,

2067 2661 2167 2714 καὶ
2199 2661 2574 2732 συνηγάγετέ
2600 2680 2692 2729 με·
2723 2663 2796 2717 ἐν
2817 2663 3088 2734 φυλακῇ,
3114 2665 3207 2720 καί
3232 2664 3661 2734 ἐπεσκέψασθέ

2063 2761 2158 2812 με.
2187 2744 2251 2796 Τί
2278 2745 2485 2799 τούτων
2534 2746 3044 2818 ἀνεπαχθέστερονς
3093 2749 3183 2819 Μὴ
3237 2748 3346 2818 7&9
3399 2749 3660 2814 ἐπέταξεν

2068 2830 2198 2898 ἡμῖν
2228 2828 2691 2900 περιεργάζεσθαι
2728 2829 2882 2902 [422]
2907 2832 3001 2884 καὶ
3027 2831 3502 2903 πολυπραγμονεῖν
3530 2835 3657 2897 τοὺς

2067 2913 2195 2982 παρ’
2221 2911 2378 2982 ἡμῶν
2417 2911 2711 2982 μέλλοντας
2744 2912 3185 2982 θεραπεύεσθαις
3227 2915 3299 2969 Σὺ
3330 2915 3392 2968 τὸ
3420 2914 3617 2968 σαυτοῦ
3639 2955 3654 2980 ,

2065 2997 2250 3068 φησιν,
2281 2995 2575 3063 ἐπίδειξαι,
2615 2996 2718 3050 κᾶν
2747 2993 2971 3065 εὐτεῖὴς
3009 2994 3066 3070 ᾖ,
3111 2995 3215 3050 κᾶν
3248 2998 3657 3070 ἀπερῤιμμένος

2065 3079 2208 3133 κατά
2238 3079 2299 3132 τὸ
2336 3081 2664 3148 φαινόμενον
2687 3096 2702 3110 ·
2750 3079 2820 3133 τά
2861 3079 2968 3149 γὰρ
3015 3082 3096 3144 είς
3130 3080 3350 3146 τούτους
3397 3084 3656 3152 γινόμενα

2063 3159 2174 3228 ἐγὼ
2217 3160 2544 3230 οίκειοῦμαι.
2579 3160 2678 3214 Διὰ
2723 3160 2880 3214 τοῦτο
2931 3160 3292 3232 προσέθηκεν·
3351 3162 3474 3232 Ἐφ’
3505 3162 3658 3217 ὅσον

2061 3242 2386 3310 ἐποιήσατε
2415 3243 2506 3297 ἑνὶ
2535 3242 2654 3297 τῶν
2679 3241 2963 3312 ἀδελφῶν
2986 3260 3108 3313 μου
3140 3243 3262 3298 τῶν
3291 3245 3652 3315 ἐλαχίστων,

2061 3326 2189 3396 ἐμοὶ
2211 3327 2554 3396 ἐποιήσατε.
2594 3327 2684 3398 Μὴ
2713 3327 2893 3381 τοίνυν
2931 3325 3026 3380 τοῦ
3059 3327 3169 3381 ἀπὸ
3205 3329 3305 3398 τῆς
3351 3328 3654 3398 φιλοξενίας

2061 3410 2318 3463 τοσούτου
2372 3410 2596 3482 κέρδους
2646 3409 3040 3481 ἐπιγενομένου
3104 3412 3650 3483 καταφρονήσωμεν,

2061 3492 2198 3546 ἀλλὰ
2226 3492 2347 3545 καθ’
2377 3494 2616 3562 ἑκάστην
2657 3493 2871 3564 ἡμέραν
2906 3493 3311 3564 ἐμπορεύεσθαι
3351 3495 3450 3565 τὴν
3479 3495 3651 3567 καλὴν

2059 3574 2262 3645 ταύτην
2289 3575 2560 3646 ἐμπορίαν
2597 3577 3008 3646 σπουδάζωμεν,
3040 3577 3240 3640 εἰδότες
3280 3578 3360 3631 ὃτι
3385 3579 3414 3630 0
3447 3579 3651 3633 Δεσπό-

2060 3678 2160 3731 της
2203 3662 2232 3714 ό
2260 3660 2528 3731 ἡμέτερος
2579 3659 2886 3731 προθυμίας
2921 3660 3216 3730 δαψίλειαν,
3241 3662 3300 3714 οὐ
3345 3661 3647 3733 βρωμάτων

2059 3746 2221 3814 ὄγκον
2244 3746 2482 3808 ἀπαιτεῖ,
2512 3744 2572 3797 οὐ
2601 3744 2880 3816 τράπεζαν
2915 3745 3202 3815 πολυτελῆ,
3245 3745 3382 3799 ἀλλά
3417 3746 3646 3816 γνώμην

2064 3829 2273 3900 ἱλαρὰν,
2327 3831 2389 3880 οὐ
2425 3827 2722 3900 θεραπείαν
2757 3828 2943 3891 ἁπλῶς
2968 3827 3068 3899 τὴν
3106 3827 3196 3882 διὰ
3234 3828 3344 3883 τῶν
3385 3830 3645 3901 ῥημάτων

2064 3911 2242 3982 μόνον,
2277 3910 2415 3964 ἀλλὰ
2460 3912 2554 3965 καὶ
2597 3911 2695 3983 τὴν
2745 3911 2855 3965 ἀπὸ
2899 3911 3126 3983 καρδίας
3179 3913 3271 3966 καὶ
3322 3913 3645 3984 εἰλικρινοῦς

2059 3995 2298 4057 διανοίας
2323 3994 2564 4065 ἀγάπην.
2615 3995 2715 4049 Διὰ
2767 3994 2927 4049 τοῦτο
2971 3994 3065 4048 καί
3113 4013 3200 4059 τις
3241 3996 3403 4066 σοφὸς
3449 3997 3643 4066 ἔλεγε·

2057 4077 2359 4146 Κρεῖσσον
2409 4078 2614 4146 λόγος,
2667 4079 2707 4142 ἢ
2759 4077 2953 4144 δόσις.
3007 4077 3276 4142 Πολλάκις
3325 4079 3432 4151 7&9
3484 4081 3643 4149 λόγου

2059 4160 2324 4232 θεραπεία
2346 4159 2506 4214 πλέον
2538 4161 2636 4228 τῆς
2658 4160 2858 4224 δόσεως
2885 4161 3223 4231 ἀνεκτήσατο
3248 4161 3339 4215 τὸν
3363 4163 3639 4234 δεόμενον.

2059 4242 2246 4297 Ταῦτα
2297 4239 2391 4296 οὖν
2444 4242 2645 4306 εἰδότες
2704 4243 2974 4314 μηδέποτε
3019 4244 3460 4316 δυσχεραίνωμεν
3507 4247 3644 4319 πρὸς

2056 4329 2182 4392 τοὺς
2211 4325 2552 4398 προσιόντας·
2602 4326 2716 4380 ἀλλ’
2764 4327 2831 4381 ἂν
2883 4327 2982 4399 μὲν
3022 4327 3342 4400 δυνηθῶμεν
3375 4347 3640 4402 παραμυ-

2059 4410 2268 4466 θεῖσθαι
2297 4408 2476 4463 αὐτῶν
2497 4409 2596 4480 τήν
2618 4409 2830 4473 πενίαν,
2851 4409 3012 4464 τοῦτο
3035 4411 3281 4483 ποιῶμεν
3310 4413 3447 4484 μετά
3469 4415 3644 4486 χαρᾶς

2057 4500 2153 4554 καὶ
2189 4495 2392 4565 πολλῆς
2441 4495 2542 4566 τῆς
2588 4492 2970 4565 εὐφροσύνης,
3011 4495 3109 4565 οὐχ
3147 4495 3222 4560 ὡς
3270 4497 3638 4567 παρέχοντες,

2053 4567 2173 4634 ἀλλ’
2199 4579 2276 4644 ὡς
2297 4580 2365 4633 τά
2392 4578 2623 4648 μέγιστα
2653 4577 3052 4648 κερδαίνοντες·
3087 4581 3136 4631 εί
3161 4579 3217 4632 δὲ
3241 4581 3316 4650 μή
3339 4580 3638 4650 δυνάμεθα,

2056 4662 2130 4734 μή
2181 4661 2578 4734 τραχυνώμεθα
2622 4661 2760 4731 πρὸς
2808 4661 3026 4726 αὐτούς·
3058 4663 3194 4716 ἀλλὰ
3245 4663 3348 4718 κᾶν
3401 4664 3500 4735 τὴν
3552 4665 3640 4720 διά

2053 4745 2146 4799 τοῦ
2175 4746 2334 4816 λόγου
2356 4745 2650 4817 θεραπείαν
2678 4746 3029 4816 παρέχωμεν,
3055 4748 3149 4801 καὶ
3169 4749 3305 4816 μετὰ
3339 4751 3638 4815 ἐπιεικείας

2053 4832 2236 4895 αὐτοῖς
2285 4829 2730 4901 ἀποκρινώμεθα.
2785 4831 2941 4894 Τίνος
2995 4831 3103 4902 γάρ
3157 4831 3345 4886 ἕνεκεν
3391 4836 3638 4906 τραχέως

2051 4913 2200 4984 αὑτῷ
2228 4914 2548 4984 προσφέρῃς
2593 4914 2683 4981 Μὴ
2719 4912 2827 4984 γὰρ
2865 4913 3200 4982 ἀναγκάζεις
3255 4915 3328 4986 μὴ
3364 4917 3473 4988 γὰρ
3515 4917 3635 4988 βιά-

2051 4996 2232 5061 ζεταις
2267 4997 2453 5061 Ἀξιοῖ,
2483 4996 2735 5061 ἱκετεύει,
2771 4997 3098 5066 παρακαλεῖ·
3117 4999 3146 5050 ὁ
3166 4998 3416 5053 δὲταῦτα
3441 5000 3632 5064 ποιῶν,

2051 5082 2152 5152 οὐχ
2182 5079 2395 5151 ὕϐρεως
2426 5081 2593 5145 ἄξιος.
2651 5080 2714 5131 Τί
2757 5079 2918 5148 λέγω,
2969 5080 3110 5145 ἀξιοῖ
3157 5084 3250 5136 καὶ
3283 5085 3630 5154 παρακαλεῖς

2049 5165 2236 5235 Μυρία
2258 5164 2571 5234 ἐπεύχεται,
2600 5166 2695 5218 καὶ¹
2728 5165 2905 5218 πάντα
2931 5165 3105 5219 ταῦτα
3153 5171 3299 5222 ποιεῖ
3342 5169 3483 5240 ὑπὲρ
3512 5170 3632 5236 ἐνὸς

2048 5247 2258 5310 ὀϐολοῦ,
2308 5248 2401 5301 καὶ
2442 5247 2564 5300 οὐδὲ
2609 5247 2796 5301 τοῦτον
2841 5248 3169 5320 προϊέμεθα.
3207 5251 3316 5304 Καὶ
3369 5252 3528 5315 ποίας
3564 5253 3632 5307 ἂν

2053 5331 2316 5402 τύχοιμεν
2341 5329 2694 5401 συγγνώμηςς
2728 5330 2886 5385 ποίαν
2915 5331 2970 5384 δὲ
3011 5332 3273 5402 σχοίημεν
3311 5333 3627 5404 ἀπολογίαν,

2045 5413 2202 5467 αὐτοὶ
2231 5413 2329 5485 μὲν
2371 5413 2514 5466 οὕτω
2569 5414 2691 5468 καθ’
2734 5414 2971 5484 ἑκάστην
3006 5416 3221 5487 ἡμέραν
3257 5417 3453 5487 δαψιλῆ
3497 5420 3631 5490 τρά-

2047 5497 2218 5562 πεζαν
2241 5497 2684 5570 παρατιθέμενοι,
2715 5498 2810 5550 καὶ
2836 5497 3094 5562 πολλάκις
3117 5499 3215 5571 τὴν
3243 5501 3430 5570 χρείαν
3461 5502 3628 5574 ὑπερ-

2044 5581 2338 5643 ϐαίνοντες,
2377 5580 2605 5643 ἐκείνοις
2659 5579 2717 5633 δὲ
2765 5579 2900 5648 μηδὲ
2951 5579 3047 5632 τοῦ
3096 5583 3351 5651 τυχόντος
3409 5585 3627 5655 μεταδι-

2042 5664 2241 5729 δόντες,
2287 5664 2394 5718 καὶ.
2427 5662 2600 5717 ταῦτα
2647 5663 2821 5732 μυρία
2867 5663 3050 5731 ἀγαθά
3097 5664 3186 5716 διὰ
3231 5665 3420 5718 τούτου
3468 5684 3628 5738 κομι-

2043 5747 2257 5818 ζόμενοι
2280 5764 2295 5813 ς
2338 5747 2476 5800 Ἀλλ’
2504 5745 2550 5799 ὣ
2580 5746 2678 5817 τῆς
2702 5745 2903 5816 πολλῆς
2933 5745 3238 5816 ρᾳθυμίαςί
3268 5742 3372 5800 Οἷα
3397 5750 3505 5821 γάρ
3528 5753 3623 5805 ἀπ’

2041 5831 2213 5900 αὐτῆς
2233 5831 2298 5900 ζη
2309 5830 2428 5901 μιού
2439 5829 2576 5901 μεθα
2595 5846 2611 5896 ς
2632 5828 2727 5881 καὶ
2746 5829 2870 5881 ὅσον
2894 5827 3087 5897 κέρδος
3113 5829 3178 5881 ἐκ
3205 5829 3314 5882 τῶν
3338 5831 3622 5906 ἡμετέρων

2045 5913 2243 5985 χειρῶν
2270 5911 2594 5982 προϊέμεθας
2639 5911 2749 5964 Καὶ
2787 5910 2886 5980 τὴν
2919 5910 3174 5965 ὑπόθεσιν
3200 5913 3298 5981 τῆς
3342 5917 3615 5986 σωτηρίας

2049 5995 2204 6068 ήμῶν
2234 5996 2332 6066 τὴν
2362 5995 2512 6063 παρά
2544 5993 2639 6047 τοῦ
2678 5993 2810 6048 Θεοῦ
2844 5994 2976 6063 ἡμῖν
3012 5997 3448 6065 παρασχεθεῖσαν
3479 6001 3620 6055 ἀπο·

2111 6147 2130 6170 τ
2163 6139 2309 6189 Savil.
2327 6147 2375 6189 el
2405 6145 2596 6203 septem
2625 6152 2739 6189 mss.
2756 6139 2832 6186 καὶ
2858 6138 3091 6196 τοσαύτην
3117 6140 3218 6202 περὶ
3237 6143 3319 6201 τὴν
3347 6143 3435 6202 pc).
