4092 6408
411 434 517 491 585

414 551 913 622 πεμπόμεθα,οὖτε
963 555 1269 625 ἐννοοῦμεν,
1321 555 1443 610 οὔτε
1491 557 1597 628 μὴν
1655 557 1980 628 λογιζόμεθα

411 643 534 697 οὔτε
561 644 667 696 τῶν
713 644 1002 713 διδομένων
1037 645 1096 698 τὸ
1135 647 1385 713 εὐτελὲς,
1413 648 1535 701 οὕτε
1567 646 1666 718 τὴν
1702 648 1842 718 ὑπὲρ
1875 648 1980 701 τῶν

412 735 668 788 τοιούτων
721 736 964 804 ἀμοιόὦν
1003 738 1328 808 ὑπερϐολὴν,
1362 739 1496 792 ἀλλὰ
1552 740 1732 792 πάντα
1759 739 1873 801 τοῖς
1894 756 1978 791 κι-

415 825 630 887 ϐωτίοις
651 822 1102 897 ἒναποκλείομεπδ,
1134 829 1226 881 καὶ
1257 830 1317 881 τὸ
1354 831 1454 899 μὲν
1485 829 1708 900 χρυσίον
1747 829 1852 882 ὑπὸ
1887 827 1980 882 τοῦ

419 917 497 970 ἰοῦ
531 919 869 971 δαπανᾶσθαι
927 921 1318 990 συγχωροῦμεν
1341 937 1355 951 ·
1401 903 1597 991 μᾶλλον
1641 922 1698 974 δὲ
1730 924 1850 984 ταῖς
1875 920 1982 972 τῶν

417 1009 662 1061 κλεπτῶν
695 1009 848 1080 χερσὶ
877 998 1201 1080 προτίθεμεν
1221 1028 1234 1040 ·
1271 1011 1340 1064 τὰ
1360 1011 1414 1064 δὲ
1443 1012 1632 1080 ἱμάτια
1667 1011 1736 1064 τὰ
1761 1010 1982 1064 ποικίλα

420 1101 522 1152 ὑπὸ
569 1102 662 1154 τοῦ
707 1102 867 1171 σητὸς
895 1102 1276 1155 ἀναλίσκεσθαι
1313 1103 1574 1173 ἀφίεμεν,
1612 1105 1706 1157 καὶ
1749 1103 1849 1156 οὐκ
1886 1104 1982 1154 ἀν-

419 1192 654 1261 εχόμεθα
678 1194 746 1247 τὰ
776 1195 960 1256 ἁπλῶς
991 1195 1216 1263 κείμενα
1245 1196 1470 1259 δεόντως
1502 1197 1898 1267 οἰκονομεῖσθαι
1933 1209 1980 1259 α,

422 1285 508 1336 ἵνα
557 1285 718 1338 πάλιν
753 1289 882 1355 ἡμῖν
927 1286 1370 1358 διαφυλάττηται,
1402 1289 1498 1341 καὶ
1520 1289 1608 1341 διὰ
1643 1288 1847 1341 τούτων
1875 1288 1985 1340 τῶν

420 1377 746 1446 ἀπορῤἡτων
766 1377 981 1444 ἀγαθῶν
992 1379 1287 1449 ἀξιωθῆναι
1304 1379 1620 1450 δυνηθῶμεν
1646 1395 1659 1408 °
1688 1375 1763 1434 ὧν
1779 1381 1986 1448 γένοιτο

421 1468 626 1529 πάντας
666 1469 812 1536 ἡμᾶς
836 1471 1132 1540 ἐπιτυχεῖν,
1159 1472 1340 1542 χάριτι
1373 1471 1466 1525 καὶ
1495 1471 1870 1540 φιλανθρωπίᾳ
1891 1470 1984 1523 τοῦ

421 1559 624 1628 Κυρίου
673 1559 828 1628 ἡμῶν
886 1559 1062 1630 Ἰησοῦ
1127 1562 1387 1630 Χριστοῦ,
1424 1563 1540 1632 μεθ’
1579 1558 1639 1616 οὗ
1670 1562 1748 1632 τῷ
1789 1563 1984 1633 Πατρὶ,

424 1648 539 1718 ἅμα
564 1648 639 1718 τῷ
666 1650 806 1721 ἁγίῳ
830 1651 1110 1721 Πνεύματι
1143 1652 1288 1717 δόξα,
1323 1655 1543 1724 κράτος,
1575 1654 1732 1725 τιμὴ,
1772 1652 1868 1708 νῦν
1894 1655 1989 1707 καὶ

422 1744 529 1811 ἀεὶ,
559 1747 637 1808 εἰς
665 1745 788 1810 τοὺς
813 1745 1014 1810 αἰῶνας
1042 1747 1152 1802 τῶν
1176 1747 1404 1802 αἰώνων.
1453 1748 1644 1820 Ἀμήν.

1095 437 1154 493 S.
1193 437 1481 496 JOANNIS
1521 438 2012 496 CHRYSOSTOMI
2062 431 2128 490 IN
2157 431 2315 491 GEN.
2349 427 2531 484 XVIII.
2562 426 2732 486 ΝΟΜ.
2766 431 2899 490 XLI.

3539 442 3646 496 386

2080 571 2273 612 eorum
2303 572 2424 625 quae
2449 556 2664 620 damus,
2696 556 2823 612 inde
2851 555 3272 611 immensitatem
3302 571 3493 610 eorum
3523 574 3644 626 qua:

2080 663 2181 718 pro
2204 647 2290 702 his
2314 647 2616 718 accipimus
2645 666 2658 702 :
2685 647 2803 712 sed,
2834 647 3014 702 omnia
3049 646 3252 701 arculis
3280 645 3639 708 includentes,

2081 754 2274 793 aurum
2303 739 2524 809 quidem
2549 755 2577 793 a
2597 739 2850 808 rubigine
2876 738 3089 794 absumi
3110 736 3507 808 permittimus,
3535 737 3644 790 imo

2080 832 2263 886 furum
2294 832 2544 886 manibus
2579 831 2970 901 proponimus;
3028 839 3208 885 vestes
3229 843 3446 898 quoque
3469 829 3647 881 varias

2083 937 2113 976 a
2142 922 2305 976 tineis
2336 921 2523 977 arrodi
2549 921 2816 986 sinimus,
2850 922 3107 976 nolumus
3130 928 3313 974 autem
3348 926 3408 972 ut
3430 933 3494 972 ea
3526 934 3647 987 qua:

2083 1015 2290 1084 absque
2316 1031 2416 1069 usu
2435 1015 2621 1084 jacent
2648 1013 2787 1068 bene
2809 1013 3217 1082 dispensentur,
3248 1019 3307 1064 ut
3332 1009 3530 1064 iterum
3553 1023 3650 1061 no—

2083 1107 2169 1162 bis
2201 1106 2582 1160 custodiantur
2606 1141 2624 1170 ,
2678 1119 2742 1159 ac
2770 1119 2868 1174 per
2889 1119 2954 1157 ea
2995 1103 3159 1158 etiam
3183 1101 3478 1156 ineﬂ‘abilia
3504 1098 3645 1152 bona

2087 1212 2396 1250 mereamur
2440 1195 2658 1264 assequi
2707 1212 2720 1247 :
2761 1210 2884 1263 qua:
2915 1192 3074 1247 nobis
3102 1191 3358 1246 omnibus
3384 1188 3651 1244 concedet

2085 1289 2256 1359 gratia
2283 1297 2340 1342 et
2361 1287 2697 1355 benignitate
2717 1302 2814 1339 sua
2841 1285 3105 1339 Dominus
3126 1290 3312 1337 noster
3325 1277 3649 1336 JesusChri~

2087 1391 2225 1441 stus,
2244 1380 2333 1434 cui
2355 1395 2477 1433 cum
2495 1380 2656 1433 Patre
2676 1387 2730 1432 et
2747 1385 2934 1432 sancto
2952 1374 3161 1444 Spiritu
3184 1373 3256 1429 sit
3270 1372 3461 1444 gloria,
3480 1370 3651 1438 impe—

2087 1473 2252 1535 rium,
2271 1471 2470 1534 honor,
2489 1483 2636 1524 nunc
2651 1477 2706 1523 et
2719 1483 2934 1538 semper
2948 1473 3004 1520 et
3021 1465 3077 1518 in
3092 1463 3289 1520 saecula
3304 1460 3647 1519 saeculorum.

2086 1561 2281 1616 Amen.
2638 1553 2646 1562 ’

1423 2905 1602 2968 ms
1638 2907 1804 2980 Tom
1842 2906 2381 2977 QUINQUAGESIMI
2422 2904 2667 2961 rem".

3001 5690 3438 5702 ~——————O-—.——-.

2459 5734 2537 5789 Ex
2568 5735 2732 5805 'I'ypis
2779 5732 3009 5795 IIIGNE,
3052 5748 3118 5785 an
3169 5728 3661 5784 Pelit-Ilmntrouze.
